4242 6384
602 750 740 815 indidem
756 752 868 825 Kapleri
886 753 921 813 de
937 768 1125 837 mensurarum
1142 754 1312 825 aquaem.
1565 756 1626 819 alt

208 984 209 989 ,
279 928 373 984 doceri
391 927 513 999 publice,
532 929 680 1001 propositis
699 930 880 1001 documentis,
906 933 938 987 ut
954 930 1098 1002 adjnvctnr
1115 930 1285 988 snbdtornm
1301 929 1481 987 imbecillitas.
1516 929 1543 999 2)
1560 930 1629 985 Pars

277 1016 322 1063 cst
336 1008 478 1077 justitiae,
505 1025 586 1077 quam
614 1018 642 1063 et
660 1025 754 1065 sacrae
775 1010 871 1067 literae
892 1011 1030 1067 incselcant
1050 1009 1214 1080 populorum
1234 1010 1459 1067 moderatoribus.
1494 1007 1565 1078 unta
1580 1007 1629 1061 im·

276 1088 430 1158 perandum
449 1096 498 1157 cst,
517 1088 703 1145 conservanda
720 1089 801 1143 stiam
819 1089 924 1160 imperii
942 1105 1040 1145 arcana
1052 1089 1270 1145 etinstrumenta
1281 1088 1435 1145 necesaria
1454 1086 1629 1154 cavendaque

208 1196 210 1229 ;
278 1166 451 1222 incommoda
464 1175 493 1221 st
504 1166 600 1223 turbae
613 1166 693 1221 etiam
702 1183 756 1237 per.
764 1168 931 1237 indirectum,
944 1168 1035 1237 itaque
1048 1169 1130 1223 etiam
1141 1182 1191 1237 per
1201 1166 1423 1235 inaequalitatem
1433 1180 1628 1221 mensurarum.

366 1246 486 1301 Primum
503 1246 712 1301 instrumentum
731 1262 792 1301 esse
810 1246 1013 1315 gubernationis
1031 1246 1102 1303 banc
1126 1246 1349 1317 inaequalitatem
1365 1247 1533 1317 persuadeor
1550 1259 1629 1311 argu-

276 1324 377 1379 mentis
396 1325 448 1393 bis,
467 1330 599 1395 quantum
617 1340 710 1381 eorum
724 1324 782 1394 jam
801 1325 926 1381 occurrit.
963 1324 1052 1394 Saepe
1069 1333 1190 1381 meatur
1206 1327 1314 1397 pondus
1332 1335 1380 1383 aut
1391 1342 1519 1382 mensura
1535 1330 1583 1379 aut
1594 1321 1630 1377 ad

276 1404 460 1460 sublevandos
490 1398 586 1473 inopes
613 1409 661 1459 ant
694 1405 723 1459 in
750 1402 882 1459 bellorum
907 1405 1124 1461 necessitatibus.
1166 1403 1327 1474 (Belgarum
1356 1403 1472 1460 Romani
1501 1401 1630 1470 menses.)

277 1484 332 1537 Hic
350 1484 434 1551 igitur
452 1482 639 1548 consideratur
656 1488 704 1538 aut
721 1483 885 1538 existimatio
912 1484 1087 1561 magistratus
1113 1492 1162 1541 aut
1186 1485 1375 1555 compendium
1400 1483 1467 1552 fisci,
1485 1490 1630 1549 utrumque

208 1596 209 1605 ι
275 1578 329 1634 per
340 1562 483 1618 induciam.
510 1564 642 1619 Mensura
653 1563 724 1620 enim
742 1570 846 1618 mutata
863 1564 981 1619 admittit
999 1569 1170 1633 praetextum
1187 1563 1375 1635 impediendae
1391 1563 1517 1633 publicae
1534 1560 1631 1630 iniqui·

208 1664 209 1689 2
275 1644 363 1713 tatis,
390 1658 440 1698 nec
466 1642 558 1697 statim
575 1641 679 1711 patefit
705 1642 804 1697 mutari
822 1658 851 1697 re
868 1659 932 1699 vera
949 1658 1040 1699 rerum
1056 1642 1153 1713 pretia.
1189 1644 1306 1699 cavetur
1326 1643 1409 1711 igitur
1431 1641 1532 1697 invidia
1549 1638 1631 1706 vulgi.

208 1732 211 1761 ²
279 1723 327 1777 Sic
347 1722 394 1793 qni
410 1736 551 1777 mensuras
569 1722 672 1787 minuit,
690 1721 832 1790 pretioque
851 1738 905 1777 una
921 1722 1026 1790 minuit,
1045 1728 1158 1791 putatur
1174 1720 1525 1791 proportionemcuatodire
1541 1718 1632 1789 pristi-

208 1802 210 1833 ἵ
275 1818 357 1867 narn,
376 1800 427 1855 atsi
445 1800 515 1855 hanc
533 1798 651 1855 tortasse
675 1814 704 1853 re
722 1808 786 1853 vera
803 1806 898 1855 mutat.
935 1799 1012 1867 Quae
1038 1798 1217 1871 exportantur
1241 1801 1379 1870 copiosius
1405 1814 1486 1867 quam
1511 1796 1631 1866 expedit,

208 1876 210 1905 ³
275 1897 332 1935 nec
350 1879 428 1934 siber
445 1878 562 1933 inhiberi
584 1886 709 1947 possunt,
735 1878 890 1933 introducta
918 1894 1060 1935 mensurae
1085 1879 1242 1935 diversitate
1267 1880 1430 1935 inhibentur.
1465 1878 1632 1932 Mercatores

273 1954 377 2013 lucello
408 1956 520 2013 minoris
546 1972 689 2017 mensurae
715 1972 765 2027 per
792 1957 1033 2019 dissimulationem
1051 1959 1208 2030 propositae
1226 1960 1374 2013 invitantur
1399 1955 1434 2012 ad
1460 1952 1632 2024 importanda

275 2038 444 2095 nocensne.
477 2036 638 2091 Αιιιιιιιίιιιιι
650 2037 731 2091 etiam
748 2037 850 2093 subditi
867 2039 902 2093 ad
915 2038 1084 2108 capessenda
1095 2038 1209 2107 imperia
1221 2044 1250 2091 et
1262 2032 1631 2107 agnoscendumdoraininm.

208 2160 211 2190 ,
274 2117 368 2187 Saepe
401 2114 518 2171 levicula
534 2114 649 2171 mutatio
679 2131 822 2171 mensurae
845 2118 914 2173 emm
937 2122 1059 2187 praestat
1094 2114 1216 2171 occultae
1241 2121 1270 2170 et
1292 2115 1449 2170 iruetnosae
1475 2112 1633 2172 exactionis.

208 2230 213 2262 :
273 2196 365 2265 Ajunt
382 2194 464 2264 hujus
481 2194 521 2248 rei
539 2194 664 2263 egregios
682 2193 800 2251 ardfices
817 2194 902 2267 lmese
920 2196 1048 2251 Venetos.
1071 2193 1173 2263 Vicini,
1191 2194 1239 2263 qni
1256 2192 1323 2249 talia
1338 2192 1450 2259 ιιιιιιιιι,
1468 2196 1571 2262 cogunt
1581 2204 1632 2247 nos

208 2300 212 2335 2
275 2276 314 2331 ad
333 2275 414 2330 idem.

367 2353 529 2421 Priusquam
547 2357 637 2405 tamen
657 2350 767 2405 confieri
785 2352 888 2423 possit,
915 2352 1038 2419 ingentes
1066 2353 1194 2409 videntur
1211 2352 1308 2409 turbae
1325 2348 1496 2407 metuendae.
1530 2348 1633 2420 Magna

208 2486 210 2497 ,
273 2434 382 2489 orietur
406 2429 478 2501 apud
501 2428 608 2499 plebem
627 2430 769 2497 contusio,
788 2436 850 2483 nam
869 2430 926 2485 suia
947 2448 1013 2500 gens
1040 2433 1152 2502 quaevis
1179 2432 1313 2489 mensuris
1338 2429 1474 2499 assuevit,
1499 2429 1535 2483 iis
1561 2429 1632 2483 vitae

272 2511 456 2569 necessitates
468 2509 587 2577 metitur,
607 2508 725 2565 existent
742 2508 852 2565 fraudes
865 2509 1003 2580 plurimae,
1023 2510 1087 2567 dnm
1099 2510 1264 2578 callidiores,
1281 2508 1463 2578 intelligentia
1474 2507 1632 2563 mutationis

208 2618 210 2653 e
274 2593 367 2660 abusi,
386 2590 502 2645 illudent
519 2587 703 2659 simplicibus;
727 2588 805 2643 multi
829 2590 862 2644 de
884 2589 936 2644 hac
960 2590 1155 2659 inaequalitate
1172 2591 1309 2653 vietimnt,
1332 2587 1442 2645 carituri
1458 2586 1635 2643 necessariisr

208 2698 211 2733 ε
276 2674 304 2729 si
332 2670 367 2725 ab
393 2684 425 2723 ca
444 2668 634 2723 destituantur.
671 2666 763 2721 Omnis
782 2674 961 2723 mercatorum
991 2670 1161 2739 experientia
1178 2668 1373 2727 annihilabitur
1398 2679 1427 2729 ct
1451 2666 1634 2725 turbabuntur

276 2746 451 2806 commercia.
497 2746 619 2813 (luemque
647 2745 734 2799 omnis
762 2746 870 2814 generis
898 2748 1058 2818 compendia
1084 2755 1112 2801 et
1138 2746 1249 2803 imudes
1276 2765 1326 2819 per
1351 2750 1423 2806 hanc
1448 2746 1633 2805 diversitatem

208 2854 210 2891 ι
273 2832 466 2895 exerceantur,
483 2824 590 2883 videtur
602 2822 754 2892 aequalitas
766 2825 874 2881 nonnisi
892 2828 1004 2899 pervim
1019 2826 1137 2883 stabiliri
1148 2843 1237 2898 posse.
1273 2828 1390 2885 Tantum
1403 2843 1511 2899 operae,
1528 2832 1635 2881 tuntum

274 2903 601 2977 vigilantissimponitur
618 2903 821 2971 magistratibus
839 2905 963 2961 omnibus
981 2922 998 2959 a
1019 2922 1124 2962 summo
1137 2906 1171 2961 ad
1184 2914 1346 2977 postremos,
1363 2914 1395 2961 nt
1405 2906 1503 2961 merito
1514 2902 1634 2971 dubites,

208 3022 209 3049 2
274 3006 313 3044 an
333 3002 432 3058 operae
457 2983 574 3055 pretium
591 2982 627 3038 sit
650 2982 771 3039 futurum
796 2983 866 3039 baec
883 2982 928 3039 lex
948 2986 1060 3056 perlata.
1096 2987 1173 3043 llaec
1189 2986 1319 3043 ducimus
1335 2980 1433 3055 tetigit,
1459 3000 1521 3040 cum
1537 2980 1636 3050 innuit,

208 3096 209 3129 ι
274 3086 337 3125 rem
357 3080 418 3121 ease
435 3066 463 3118 in
480 3064 595 3133 imperio
613 3078 682 3133 pene
700 3064 910 3135 impossibilem,
938 3082 992 3134 quo
1016 3066 1120 3121 multae
1146 3065 1353 3121 communitates
1369 3080 1475 3119 merum
1492 3062 1634 3132 imperinm

208 3188 209 3193 ,
280 3144 407 3202 Caesaris
435 3142 468 3197 ds
486 3141 558 3199 tacte
583 3148 724 3211 respuunt.
766 3142 999 3198 Considerandum
1026 3145 1124 3213 etiam,
1156 3158 1264 3213 semper
1289 3144 1376 3205 tuisse
1401 3142 1632 3213 inaequalitatem

277 3229 411 3282 Fortasse
429 3236 480 3284 nec
498 3222 536 3275 ita
553 3220 707 3277 necessaria
719 3228 761 3275 est
773 3222 933 3278 universalis
945 3222 1107 3293 aequalitas,
1125 3222 1207 3277 modo
1224 3222 1297 3278 intra
1308 3240 1393 3279 unum
1408 3229 1515 3279 matum
1527 3225 1636 3275 maneat

208 3362 209 3367 ,
275 3297 365 3359 unum
393 3314 488 3367 genus·
501 3313 653 3353 mensurae.
690 3298 723 3352 ln
741 3298 858 3354 metallis
876 3300 1003 3369 pretiosis
1027 3302 1184 3357 necessaria
1208 3302 1261 3359 init
1286 3303 1448 3359 universalia
1474 3300 1635 3370 aequalitas,

275 3380 344 3451 qnia
367 3393 586 3447 quaquaversum
603 3377 763 3447 pervadunt.
799 3378 861 3433 Non
878 3379 917 3433 ita
934 3395 1054 3447 marces,
1078 3395 1148 3449 quas
1165 3387 1259 3437 vectus
1277 3380 1392 3452 impedit
1408 3388 1457 3439 ant
1471 3389 1572 3439 natura
1587 3385 1637 3435 ant

277 3460 370 3529 copia.
403 3458 502 3526 Neque
528 3456 600 3510 enim
625 3456 776 3511 Austmaca
797 3458 860 3513 vina
883 3458 1041 3515 inferuntur
1066 3459 1095 3514 in
1121 3459 1233 3519 Gallias.
1268 3460 1322 3517 Est
1347 3469 1440 3517 antem
1466 3461 1636 3531 quarundam

275 3538 411 3595 mercium
429 3543 528 3591 natura
545 3535 617 3605 talis,
635 3542 667 3589 ut
684 3535 719 3591 ad
738 3536 921 3593 diversitatem
939 3534 1127 3601 mensurarum
1144 3539 1255 3609 invitet,
1266 3554 1292 3594 v.
1309 3556 1333 3595 c
1351 3540 1520 3596 trumentum
1539 3552 1636 3595 recens

276 3628 307 3676 et
326 3624 416 3683 vetus,
434 3623 553 3670 mustum
572 3622 600 3669 et
615 3616 717 3670 vinnm.
754 3616 831 3683 Quae
848 3616 1029 3684 inaequalitas
1048 3619 1100 3673 etsi
1117 3618 1178 3673 tolli
1189 3624 1218 3673 et
1228 3618 1257 3673 in
1269 3618 1388 3674 valorem
1400 3621 1518 3675 mansue
1535 3622 1636 3690 potest,

274 3714 334 3754 non
353 3694 434 3751 facile
452 3694 480 3747 id
497 3699 590 3763 potest
607 3693 641 3753 ob
659 3694 797 3749 hominum
816 3696 1047 3751 consuetudinem.

368 3774 472 3845 Opinon
488 3773 580 3841 itaqua
596 3772 780 3829 inconsultum
798 3790 867 3841 asae,
885 3775 956 3830 hauc
973 3776 1063 3846 legem
1088 3778 1180 3847 rogari
1198 3776 1233 3831 ad
1250 3778 1382 3848 populum
1399 3782 1448 3831 aut
1471 3773 1637 3844 promulgari

275 3856 373 3912 statim
390 3851 476 3907 initio.
513 3850 583 3919 Quin
602 3850 692 3919 potius
709 3851 874 3921 pedetentim
892 3856 1061 3921 procedatur.
1098 3857 1277 3924 Magistratus
1295 3873 1345 3927 pro
1358 3857 1515 3925 aequisque
1526 3856 1638 3923 exigant

276 3950 331 3991 sua
347 3930 450 3987 telonia
467 3937 495 3985 ct
513 3930 726 3985 contributiones
745 3930 880 4001 etiamque
898 3931 1022 4001 publicos
1040 3950 1181 3990 mensores
1199 3936 1376 3989 constituant
1411 3932 1473 3988 Fiet
1491 3939 1522 3985 nt
1539 3931 1637 3999 vulgus

276 4012 401 4087 pertaesi
420 4010 517 4067 harum
535 4009 735 4065 discretionum
754 4011 885 4081 paulatim
903 4011 930 4065 in
955 4028 1037 4066 unam
1059 4013 1134 4067 illam
1155 4014 1364 4083 magistratuum
1381 4012 1469 4080 legem
1486 4018 1636 4068 transeant.

369 4088 504 4159 Equidem
522 4088 688 4149 fortitudinis
707 4096 749 4145 est
766 4090 913 4162 proprium,
931 4090 959 4145 in
977 4089 1134 4147 difficilibus
1161 4090 1290 4161 occupari
1315 4089 1351 4145 ad
1377 4106 1456 4145 usum
1483 4089 1636 4161 publicnm3

275 4171 362 4229 modo
381 4185 436 4224 non
462 4168 535 4223 desit
561 4168 715 4223 fortitudini
738 4169 881 4225 consilium
909 4177 937 4225 et
963 4170 1177 4241 circumspectio.
1213 4171 1295 4225 Ferit
1312 4172 1402 4235 Deus,
1419 4176 1452 4224 ut
1467 4186 1485 4225 a
1501 4184 1531 4223 re
1548 4168 1638 4225 viliori

276 4248 375 4307 exorsi
394 4247 512 4303 universi
530 4246 564 4302 ad
583 4262 745 4303 consensum
763 4248 791 4301 in
809 4248 891 4322 rebus
908 4250 1031 4304 maximis
1049 4252 1136 4319 magis
1152 4251 1294 4319 magisque
1311 4247 1468 4305 assuefiant.

370 4329 396 4391 3)
414 4328 618 4398 Progressionis
636 4327 789 4396 aequalitas
809 4344 842 4383 an
856 4328 1053 4385 introducenda
1070 4337 1099 4385 et
1116 4331 1143 4390 tt
1161 4345 1196 4384 an
1213 4329 1375 4399 principium
1394 4327 1511 4383 omnium
1530 4340 1637 4382 mensu-

276 4426 375 4469 rarum
392 4408 464 4464 idem
483 4407 712 4477 constituendum,
731 4407 872 4477 quaeritur
888 4408 917 4463 in
935 4408 1113 4477 sequentibus
1131 4407 1266 4479 capitibus
1284 4409 1416 4480 meamus·

833 4544 1091 4665 aquaputa

371 4740 592 4809 Progressionam
610 4752 783 4793 numerorum
802 4737 938 4793 denariam
957 4738 1082 4794 existimo
1099 4738 1176 4795 nullo
1194 4746 1285 4811 pacto,
1303 4738 1381 4795 nulla
1397 4756 1519 4809 unquam
1535 4739 1565 4793 in
1581 4752 1637 4792 ma·

277 4821 354 4878 teria
380 4816 605 4876 labefactandam
650 4817 702 4871 Est
726 4817 798 4872 enim
825 4833 966 4873 commune
991 4817 1129 4873 vinculum
1162 4818 1318 4873 intellectus
1344 4824 1373 4872 et
1399 4817 1532 4887 quaedam
1560 4814 1639 4885 quasi

278 4898 435 4957 communis
453 4899 546 4967 lingua
563 4898 683 4961 omnium
708 4898 846 4967 gentium,
875 4903 1008 4953 enatura
1031 4895 1157 4951 instituta
1181 4896 1209 4950 in
1237 4895 1382 4963 digitorum
1407 4894 1590 4963 multitudine,
1607 4908 1638 4949 re

278 4977 530 5047 hominibuslonge
543 4975 717 5045 familiariori,
737 4992 817 5045 quam
829 4983 893 5033 sunt
906 4976 1042 5043 coelestia,
1061 4980 1093 5029 ut
1109 4973 1140 5029 12
1151 4978 1269 5041 menses,
1287 4972 1400 5043 bodies,
1417 4972 1572 5043 7plnnetaa
1583 4978 1636 5028 etc.

278 5059 356 5114 Nam
374 5054 447 5125 qnod
465 5055 622 5113 obtenditur
639 5056 800 5125 Scytharum
813 5057 966 5126 exemptum
979 5072 1014 5111 ex
1025 5051 1184 5117 Amstotele,
1200 5050 1311 5107 mettio
1322 5050 1396 5107 intra
1407 5051 1525 5107 auctoris
1539 5050 1638 5104 librum

280 5134 418 5192 subsistit.
453 5136 509 5190 Aut
525 5134 598 5190 natio
617 5140 677 5188 erat
688 5132 769 5202 plane
780 5132 922 5190 barbarica
934 5140 962 5190 et
974 5132 1007 5188 ab
1017 5147 1070 5193 usu
1082 5128 1213 5185 sermonis
1226 5129 1365 5201 destituta,
1384 5136 1433 5187 aut
1444 5135 1519 5187 certe
1531 5128 1639 5185 fallam

208 5288 210 5307 Ι
280 5222 329 5273 eat
345 5212 428 5285 talia,
456 5230 489 5271 ac
506 5216 530 5273 si
548 5213 608 5287 qais
628 5213 745 5284 dicuat,
763 5212 878 5273 Lauros
896 5229 959 5277 =uon
977 5212 1051 5271 ultra
1067 5209 1099 5267 hl
1116 5224 1272 5280 numerare,
1298 5210 1364 5285 quia
1379 5216 1444 5284 pest
1457 5208 1530 5266 baua
1546 5214 1638 5267 natm
