4242 6384
1041 741 1192 800 Ptolemaei
1208 741 1366 798 Harmonia

1072 1049 1214 1120 CAPUT
1242 1037 1334 1119 illl

530 1191 703 1262 Quomodo
721 1194 933 1250 mutationes
950 1163 985 1248 in
1003 1193 1320 1264 contemperatione
1339 1194 1542 1250 harmonica
1560 1203 1796 1264 comparentur
1814 1211 1875 1247 eun

816 1281 1063 1372 dispositionis
1089 1284 1274 1338 animorum
1298 1281 1595 1338 mutationibuslli

620 1441 668 1500 Ad
691 1441 817 1502 eundem
838 1461 931 1520 prope
953 1445 1073 1504 modum
1097 1453 1127 1505 et
1150 1447 1327 1504 mutationes
1351 1439 1387 1503 de
1411 1449 1481 1502 tono
1504 1443 1533 1501 ln
1556 1439 1658 1504 tonum
1688 1444 1716 1500 in
1738 1451 1887 1520 systema-¹

534 1529 615 1590 bbus
638 1530 768 1590 conterre
795 1543 954 1606 possumus
984 1550 1051 1592 curn
1074 1533 1286 1592 mutationibus
1310 1529 1537 1607 dispositionum
1564 1532 1740 1604 animorum,
1771 1533 1802 1586 in
1829 1533 1879 1586 sira

534 1618 681 1678 communi
705 1621 918 1676 occurrentium
927 1615 984 1693 ¹¹¹).
1030 1620 1105 1680 Nam
1128 1621 1204 1680 sicut
1219 1620 1269 1692 ibi,
1293 1620 1417 1678 servatis
1433 1617 1536 1678 iisdem
1551 1619 1717 1696 generibus,
1740 1617 1772 1676 fit
1788 1615 1879 1690 aliquo

477 1707 488 1724 '
533 1704 565 1763 in
587 1711 674 1763 cantu
703 1706 896 1782 permutatio,
928 1723 963 1766 eo
986 1707 1066 1784 quod
1094 1707 1168 1781 loci,
1200 1724 1252 1784 per
1275 1722 1350 1782 quos
1379 1705 1548 1766 adsciscunt
1578 1708 1637 1764 rim
1668 1713 1697 1764 et
1728 1703 1881 1764 efficaciam

535 1807 629 1864 suam,
653 1791 762 1850 diversi
783 1793 842 1850 sint
872 1800 902 1852 et
923 1795 999 1854 serie
1022 1793 1150 1872 quadam
1171 1793 1346 1854 succedente
1369 1799 1524 1854 consuetas
1553 1795 1711 1873 sortiantur
1738 1802 1880 1868 permuta-

535 1881 631 1938 tiones
641 1875 700 1958 IV),
724 1881 767 1939 sic
790 1881 878 1938 ctiam
900 1881 930 1938 in
954 1883 1178 1953 mutationibus
1200 1899 1275 1957 quas
1297 1882 1360 1940 vita
1381 1883 1544 1940 communis
1565 1881 1656 1952 siiert,
1682 1879 1882 1955 dispositiones

537 1969 701 2028 animorum
724 1968 822 2044 specie
845 1966 950 2028 uadem
970 1969 1127 2030 flectuntur
1148 1986 1201 2028 seu
1225 1975 1434 2028 convertuntur
1449 1966 1666 2044 quodammodo
1689 1964 1882 2024 indissimiles

538 2050 702 2114 studiorum
730 2054 859 2114 rationes
881 2054 1071 2132 eroduntque
1100 2073 1160 2116 una
1189 2073 1255 2114 cum
1287 2055 1386 2114 iormis
1418 2063 1513 2116 status
1544 2055 1653 2132 publici
1678 2050 1801 2134 (quales
1825 2051 1884 2108 illae

539 2142 668 2202 ubtnot
689 2157 742 2216 per
763 2139 896 2216 singulas
917 2150 1080 2221 temporum
1104 2145 1274 2204 suessiones
1305 2142 1343 2200 ad
1368 2144 1595 2218 compositiones
1623 2143 1679 2200 sibi
1709 2141 1887 2199 convenien-

540 2222 664 2308 tiores),
687 2226 776 2303 quale
798 2227 869 2303 quid
893 2237 923 2288 ot
944 2233 974 2288 in
997 2231 1113 2308 legibus
1136 2231 1261 2290 ierendie
1284 2246 1339 2288 usu
1361 2229 1555 2302 venit,„dum
1578 2245 1667 2306 saepe
1690 2227 1773 2304 legas
1799 2237 1887 2284 trans·¹

540 2315 703 2374 formantur
718 2316 761 2372 in
789 2315 879 2374 talem
903 2317 979 2392 iuris
1003 2318 1302 2390 administrationem,
1335 2333 1411 2393 quae
1434 2319 1472 2376 sit
1500 2315 1720 2376 accommodata
1745 2315 1883 2391 praesenti

541 2401 704 2462 conditioni
732 2409 924 2478 temporum·
951 2403 998 2463 Ita
1027 2423 1093 2466 cum
1124 2405 1247 2484 pacifica
1275 2411 1342 2464 sunt
1373 2411 1521 2480 tempora,
1554 2405 1663 2464 civium
1686 2404 1778 2460 animi
1803 2401 1883 2472 magis

541 2488 581 2548 ad
604 2491 732 2564 quietem
755 2495 785 2548 et
800 2491 984 2568 'aequitatem
1008 2493 1192 2565 inclinantur,
1217 2509 1282 2552 cum
1306 2507 1375 2550 vero
1399 2491 1515 2566 bellica,
1540 2492 1721 2550 econtrario
1747 2488 1789 2548 ad
1804 2486 1887 2546 sudas

543 2577 619 2637 ciam
641 2584 671 2636 et
694 2584 881 2636 contemtum.
926 2577 1054 2640 Rursum
1076 2583 1198 2659 penuria
1220 2579 1340 2656 publica
1362 2587 1391 2638 et
1409 2596 1509 2638 rerum
1531 2580 1765 2638 necessariarum
1792 2577 1883 2635 caritas

543 2665 766 2740 temperantiam
790 2668 820 2727 et
841 2664 1051 2740 humilitatem,
1083 2667 1240 2728 earundem
1264 2683 1333 2726 vero
1367 2666 1463 2726 vilitas
1495 2675 1524 2726 et
1547 2665 1729 2726 abundantia
1761 2664 1887 2723 ferociam

544 2759 574 2813 et
596 2750 673 2812 allos
702 2751 822 2829 spiritus
849 2753 947 2824 affert,
979 2764 1009 2814 et
1035 2757 1079 2816 sic
1107 2757 1196 2814 etiam
1226 2753 1262 2814 de
1293 2755 1396 2814 ceteris
1424 2769 1476 2830 pro
1498 2771 1528 2812 re
1551 2761 1621 2812 nata
1652 2752 1708 2810 dici
1742 2744 1882 2828 posseti':

544 2837 594 2900 Ad
615 2837 740 2898 eundem
763 2841 852 2916 igitur
874 2840 994 2900 modum
1016 2850 1046 2903 et
1069 2844 1098 2899 in
1120 2839 1332 2901 mutationibus
1356 2839 1524 2900 harmonias
1547 2847 1651 2899 cantus
1672 2839 1751 2897 idern
1775 2841 1805 2894 in
1829 2852 1887 2892 aco-1

545 2926 669 2997 tionibus
698 2925 819 3001 quidem
845 2931 923 2986 tonia
952 2929 1048 2988 induit
1075 2937 1210 2988 naturam
1239 2929 1333 3003 magis
1357 2931 1528 2998 excitatam,
1560 2929 1588 2985 ln
1612 2927 1801 3002 gravioribus
1830 2939 1884 2980 ccu-

543 3016 709 3086 tiuentiam,
732 3014 958 3074 submissionem
989 3025 1017 3076 et
1040 3016 1214 3076 modestiam
1237 3018 1337 3093 spirat.
1382 3014 1457 3074 Nam
1486 3023 1515 3074 et
1538 3017 1567 3072 in
1593 3016 1672 3072 sonis
1702 3029 1764 3088 quo
1791 3011 1887 3070 acutior

441 3158 444 3168 .
547 3099 681 3176 quilibet,
704 3099 762 3159 hoe
782 3103 930 3175 intensior,
955 3113 1014 3179 quo
1036 3107 1169 3182 grauior,
1194 3103 1249 3162 hcc
1272 3103 1419 3160 remissior
1442 3109 1486 3161 est
1496 3097 1547 3181 vl).
1593 3101 1699 3159 Merito
1726 3101 1829 3176 itaque
1850 3093 1884 3151 nl

547 3187 603 3247 hic·
618 3188 707 3246 etiam
729 3189 792 3245 toni
814 3189 978 3248 intermedii
1001 3193 1103 3268 etqui
1128 3191 1241 3250 dorium
1264 3191 1452 3250 circumstant
1478 3190 1724 3266 comparabuntur
1749 3204 1816 3246 cum
1838 3201 1885 3240 me

550 3273 697 3333 diocribus
721 3280 751 3333 et
772 3270 847 3334 bene
871 3279 1039 3354 compositis
1064 3271 1142 3340 vitae
1166 3279 1304 3352 moribus,
1328 3277 1474 3336 acutiores
1498 3294 1566 3336 uero
1599 3285 1628 3336 et
1651 3277 1702 3352 qui
1733 3282 1807 3332 sunt
1828 3274 1887 3329 ciros

550 3359 760 3439 mixolydium,
790 3379 855 3421 cum
877 3361 1079 3440 inquietudine
1103 3373 1133 3426 et
1155 3365 1279 3426 audacie
1300 3363 1435 3440 publica,
1467 3366 1617 3441 graviores
1640 3361 1770 3437 denique
1803 3355 1885 3431 etqui

551 3455 620 3509 sunt
642 3449 719 3508 circa
739 3447 944 3528 hypodorium,
968 3469 1034 3512 cum
1056 3453 1177 3529 ignavia
1200 3461 1229 3514 et
1251 3450 1387 3512 socordia
1410 3453 1487 3510 vitae
1511 3451 1554 3510 du
1569 3445 1754 3527 generem).-

639 3534 723 3618 Adeo
747 3539 836 3596 etiam
858 3555 924 3598 cum
945 3541 1017 3617 ipsis
1039 3539 1185 3600 melodiae
1208 3539 1396 3600 facultatibus
1423 3545 1453 3598 et
1476 3537 1606 3598 efficacis
1635 3536 1850 3614 compatiuntm
1866 3535 1887 3585 st

552 3625 643 3684 animi
658 3625 749 3685 nostd
765 3642 781 3684 e
798 3627 931 3701 vestigio,
955 3630 1064 3705 quippe
1079 3629 1136 3702 ·qui
1154 3635 1183 3687 et
1198 3629 1401 3704 cognationem
1424 3641 1490 3684 cum
1511 3625 1749 3703 proportionibus
1774 3619 1887 3712 proprisi

553 3711 600 3770 sni
623 3713 752 3786 ipsorum
775 3711 1013 3773 conformationis
1035 3723 1264 3792 recognoscunt,
1295 3721 1324 3773 et
1345 3712 1587 3772 transformantur
1617 3715 1644 3768 in
1673 3717 1769 3770 certos
1800 3715 1887 3788 motos}

552 3796 763 3876 respondentes
786 3801 858 3878 ipsis
878 3801 1071 3861 melodiarum
1095 3803 1335 3880 proprietatibus3
1366 3807 1399 3858 ut
1422 3799 1598 3876 quandoque
1623 3799 1660 3856 ad
1683 3797 1850 3873 voluptates
1868 3798 1887 3846 et

553 3885 920 3962 luxuriaminatigeutur,
952 3907 1066 3949 rursum
1098 3890 1135 3949 ad
1168 3890 1451 3949 commiserationem
1486 3895 1515 3947 et
1546 3887 1691 3946 tristitiam
1723 3887 1883 3942 revocentur.

553 3989 633 4033 nnnc
655 3972 747 4033 veluti
770 3972 956 4036 obvallentur
978 3986 1007 4036 et
1029 3979 1060 4035 in
1083 3994 1216 4054 soporem
1241 3977 1360 4049 dentur,
1390 3989 1467 4033 nuruc
1490 3980 1643 4050 erumpant
1671 3981 1700 4032 et
1723 3971 1884 4032 exsusciten-

469 4092 473 4104 =
555 4069 611 4132 tur,
635 4059 709 4119 alias
732 4079 802 4121 vero
825 4062 864 4121 ad
886 4066 959 4122 iram
981 4073 1078 4124 oestro
1102 4067 1204 4143 perciti
1227 4071 1257 4124 et
1279 4063 1386 4122 divinis
1409 4062 1554 4124 lusoribus
1577 4063 1690 4134 invasi,
1712 4057 1782 4118 dnm
1806 4065 1883 4148 cautui

557 4147 632 4207 alias
655 4147 739 4207 aliter
760 4156 936 4210 transmutat
958 4145 1180 4228 animorumque
1211 4150 1293 4211 velut
1314 4167 1419 4226 agmen
1449 4147 1546 4209 educit
1576 4147 1751 4221 ordinatque
1782 4145 1885 4218 dispos-

557 4235 687 4294 tionibus
710 4237 756 4310 ils,
780 4255 857 4314 quae
879 4238 1070 4300 similitudine
1086 4241 1305 4318 proportionum
1320 4236 1477 4299 earundem
1500 4231 1720 4312 constantim).
1767 4230 1883 4291 Existimo

558 4329 658 4382 autem
681 4321 739 4382 huc
763 4332 792 4384 ct
813 4323 1015 4403 Pythagoram
1036 4330 1210 4403 respexisse,
1234 4325 1304 4385 dum
1322 4325 1408 4401 jubet
1424 4341 1490 4384 cum
1505 4339 1610 4384 aurora
1627 4327 1789 4396 surgentes,
1812 4318 1885 4404 prins-¹

559 4428 649 4490 quam
672 4411 767 4489 operis
789 4410 904 4487 aliquid
925 4414 1146 4490 aggrediamur,
1177 4416 1289 4472 musica
1311 4415 1353 4470 uti
1377 4420 1524 4487 cantuque
1552 4411 1616 4468 miti
1638 4416 1667 4466 et
1689 4410 1791 4478 suavi,
1813 4412 1851 4462 ut.
1868 4413 1885 4451 ει

559 4515 637 4575 quac
659 4495 690 4556 in
711 4499 819 4558 animia
840 4503 1088 4562 exsuscitandbus
1111 4520 1127 4564 e
1151 4517 1253 4560 somno
1276 4499 1395 4559 residua
1417 4499 1554 4557 manserit
1568 4495 1756 4564 turbulentia,
1781 4487 1884 4566 caprili

376 4660 379 4669 ¹
469 4611 476 4625 ·
560 4588 757 4647 insincerum
780 4585 912 4646 ordinem
942 4597 972 4648 et
993 4587 1236 4666 tranquillitatem
1265 4585 1415 4660 traducta,
1450 4585 1524 4646 benc
1548 4583 1757 4659 contemperati
1788 4589 1814 4638 ct
1833 4587 1884 4632 con·

560 4674 626 4734 soni
649 4671 743 4732 veluti
765 4673 928 4734 eiiciantur
950 4677 988 4735 ad
1007 4675 1159 4736 diuturnas
1182 4678 1333 4750 actiones„
1368 4671 1481 4751 Opinor
1503 4677 1600 4732 autem
1624 4672 1712 4729 etiarn
1735 4669 1806 4738 hoc,
1826 4651 1883 4756 quid

561 4761 634 4820 deos
662 4777 728 4820 cum
750 4764 863 4822 musica
885 4765 1057 4824 invocamus
1086 4772 1116 4825 et
1139 4771 1243 4837 cantu,
1274 4780 1314 4822 sc
1338 4755 1512 4839 hymnorum
1535 4757 1650 4835 (organi
1682 4755 1788 4834 mnus)
1817 4759 1841 4810 ot
1856 4755 1883 4841 t}-

561 4854 676 4912 biarum
698 4859 728 4911 et
749 4849 961 4928 tnsngutomm
985 4853 1213 4930 Aegyptiorum,
1238 4853 1310 4911 eatis
1333 4847 1476 4920 indicare,
1503 4843 1583 4924 quod
1605 4859 1818 4922 praesumamus
1837 4847 1881 4892 ³¹¹¹·

563 4942 632 5017 mis,
655 4943 737 5022 ipsos
761 4957 827 5001 cum
849 4943 912 5001 miti
935 4948 964 5001 et
986 4941 1134 5002 benevola
1156 4937 1380 4999 mansuetudine
1402 4951 1503 5014 preces
1525 4943 1641 4994 nostrae
1663 4937 1833 5005 accepturos.

650 5052 724 5109 Nota
739 5052 762 5105 l.
797 5051 858 5106 Duo
877 5056 942 5106 sunt
959 5050 1055 5121 capitis
1074 5051 1202 5117 membra,
1222 5047 1312 5117 specie
1330 5048 1449 5100 interae
1468 5047 1597 5111 cognata,
1616 5055 1646 5094 re
1663 5038 1724 5108 ipsa
1741 5045 1767 5092 et
1784 5031 1879 5099 resptctu

564 5133 734 5191 harmonices
751 5132 949 5203 plurimunab
967 5130 1082 5186 invicem
1100 5129 1222 5184 diremta
1257 5127 1336 5182 Prior
1353 5125 1424 5180 enim
1435 5137 1499 5194 pars
1511 5121 1579 5177 nihil
1596 5119 1668 5174 ultra
1679 5115 1880 5194 morientumque·

565 5213 714 5288 putationis
738 5212 948 5270 conchnitatenr
964 5210 1061 5279 hshst3
1088 5209 1224 5281 posterior
1249 5207 1284 5264 de
1301 5211 1376 5262 motu
1395 5203 1544 5260 animorum
1567 5199 1606 5256 ita
1623 5196 1752 5282 cohaeret
1774 5189 1877 5247 docimii
