4242 6384
763 809 1008 882 Demonstratione
1045 809 1166 868 Liberi.
1263 901 1269 914 ι
1598 813 1638 876 83
1673 837 1688 848 ·

290 989 385 1066 potuit
405 989 572 1066 siguificare
595 988 731 1064 Terram,
755 997 785 1052 et
806 989 916 1053 mundo
939 988 1143 1052 codemedron
1164 988 1301 1062 adscribi,
1323 990 1394 1066 quia
1415 988 1524 1050 Terrae
1546 991 1638 1057 curri-

292 1075 387 1136 culum
408 1075 466 1138 hac
488 1076 582 1153 figura
605 1080 784 1152 continetur,
818 1077 971 1138 duodecim
999 1072 1191 1154 longitudinis
1219 1077 1352 1153 partibus
1382 1076 1566 1160 distinctum,
1598 1078 1641 1136 uti

291 1161 339 1221 illa
359 1162 456 1240 ligura
478 1163 633 1224 duodecim
663 1173 726 1226 toto
755 1165 866 1224 ambitu
890 1165 986 1243 planis
1009 1165 1182 1226 continetur.
1227 1161 1314 1238 Quod
1334 1166 1451 1240 igitur
1443 1183 1473 1222 m
1495 1166 1641 1242 mysteriis
1723 1177 1731 1182 ·

291 1249 542 1340 Pythagoreorum
569 1251 626 1312 huc
657 1259 746 1332 pecte
777 1255 906 1330 quinque
935 1251 1046 1354 figurae
1077 1252 1251 1315 distributae
1271 1252 1379 1311 therint
1400 1268 1459 1312 non
1481 1254 1556 1312 inter
1578 1252 1642 1312 ele·

291 1345 396 1414 ments,
420 1347 454 1398 ut
468 1329 645 1398 'Aristoteles
662 1337 793 1414 credidit,
816 1339 868 1400 sed
891 1341 965 1400 iuter
987 1342 1070 1416 ipsos
1084 1341 1237 1417 planetas,
1259 1338 1344 1398 illud
1357 1338 1405 1398 vel
1426 1343 1552 1400 maxime
1568 1356 1642 1400 cou-

292 1424 391 1500 firmat,
416 1425 496 1502 quod
512 1425 635 1486 Procius
658 1427 746 1489 finem
767 1429 945 1504 geometriae
969 1429 1046 1488 inter
1069 1437 1182 1492 ceteros
1204 1426 1283 1485 huuc
1305 1408 1402 1502 tradit,
1426 1427 1507 1503 quod
1527 1427 1640 1501 doceat,

294 1530 346 1590 quo
369 1513 461 1572 modo
483 1513 591 1590 figuras
615 1517 822 1576 convenientes
846 1513 961 1575 coelum
987 1517 1073 1574 certis
1095 1517 1141 1576 sui
1163 1514 1295 1591 partibus
1317 1518 1470 1592 acceperit.

267 1605 270 1615 ’
372 1599 508 1660 Necdum
537 1599 604 1660 finis
635 1611 680 1662 est
702 1589 832 1678 damni,
848 1601 928 1680 quod
950 1599 1063 1662 Remus
1085 1603 1171 1662 nobis
1194 1600 1292 1676 dedit;
1320 1617 1388 1662 ecce
1410 1601 1643 1662 sollertissimum

291 1695 503 1764 geometrarum
524 1687 733 1761 hodiernorum
754 1689 912 1764 Suellium,
932 1689 1023 1792 plane
1045 1691 1269 1766 suffragantem
1277 1685 1386 1762 Remo,
1410 1689 1621 1765 praefatione
1612 1705 1642 1746 ιιι

293 1773 442 1852 hndolphi
465 1793 484 1836 a
506 1773 626 1836 Goellen
649 1773 886 1856 Problemata²):
909 1779 1100 1854 primumait,
1123 1777 1166 1837 od
1187 1794 1278 1836 asam
1292 1775 1432 1837 ιἰιιιιιιιιιι
1447 1794 1506 1836 erae
1519 1776 1643 1836 divisio-

292 1879 356 1920 nem
386 1863 475 1921 illam
498 1862 706 1966 ιιιιιῖιιιιιιιιιιιι
736 1867 769 1924 ιιι
792 1865 933 1924 tredecim
954 1869 1072 1940 species
1118 1863 1269 1940 Coneedo,
1299 1864 1325 1930 si
1350 1863 1463 1922 nullum
1487 1863 1535 1922 ille
1557 1881 1643 1922 usum

295 1943 449 2026 agnoscat,
477 1951 534 2008 nisi
556 1953 585 2008 in
609 1952 672 2012 uita
695 1955 841 2012 communi
871 1960 900 2012 et
921 1953 947 2010 ιι
969 1951 1069 2011 nullus
1094 1907 1375 2028 contemplationum
1398 1950 1586 2054 physicarum
1606 1952 1646 2010 sit

293 2055 359 2096 usus
384 2036 422 2096 ad
448 2039 548 2098 vitam.
593 2037 634 2098 At
657 2056 708 2098 cur
729 2057 788 2100 nou
802 2039 948 2100 Proclum
976 2041 1124 2132 sequitur,
1156 2056 1244 2119 quem
1271 2037 1396 2115 alleget,
1429 2040 1480 2114 qui
1510 2040 1644 2114 agnoscit

293 2124 411 2200 aliquod
440 2125 536 2200 majus
565 2129 743 2202 geometriae
771 2128 895 2202 bonum,
927 2143 1016 2204 quam
1045 2136 1115 2186 sunt
1141 2136 1219 2186 artes
1251 2125 1290 2185 ad
1317 2131 1409 2186 vitam
1438 2124 1643 2188 necessariae?

294 2221 357 2271 tunc
380 2213 518 2288 equidem
541 2219 570 2271 ιι
593 2213 697 2278 decimi
721 2213 788 2286 libri
811 2233 882 2280 usus
901 2215 1089 2292 apparuisset
1118 2216 1149 2272 in
1177 2212 1368 2275 aestimandis
1396 2212 1551 2290 figurarum
1574 2230 1643 2290 spe-

294 2301 401 2360 ciebus.
450 2293 569 2376 Allega't
590 2299 718 2361 Suellius
741 2310 876 2362 auctores
904 2311 1084 2378 geometres,
1114 2303 1165 2378 qui
1193 2318 1251 2360 nou
1282 2308 1400 2360 utantur
1426 2301 1501 2361 libro
1531 2300 1643 2360 decimo

294 2385 431 2446 Euclidis.
476 2386 555 2447 Sane
580 2405 680 2448 omnes
702 2387 746 2448 illi
769 2397 822 2450 ιιιι
843 2389 966 2450 linearia
989 2396 1115 2450 tractant
1136 2387 1320 2466 problemata
1341 2396 1393 2448 eut
1415 2387 1526 2469 solida,
1554 2386 1643 2447 etde

294 2473 390 2550 figuris
415 2473 464 2534 vel
486 2477 701 2551 quantitatibus
723 2475 841 2552 talibus,
865 2493 943 2554 quae
964 2493 1023 2536 uon
1046 2477 1169 2537 habent
1177 2475 1266 2548 finem
1286 2491 1373 2536 suum
1394 2478 1471 2535 iutra
1492 2492 1570 2554 sese,
1591 2473 1644 2534 sed

294 2561 444 2622 manifeste
467 2561 592 2624 tendunt
613 2561 652 2622 ad
675 2581 744 2624 usus
768 2563 843 2624 alios
866 2581 919 2624 nec
941 2565 1005 2624 siue
1028 2566 1065 2624 ιιι
1088 2565 1315 2666 exquirerentur.
1361 2563 1402 2622 At
1423 2563 1534 2640 ligures
1555 2579 1643 2638 regu-

295 2649 366 2708 lares
389 2657 509 2726 propter
530 2667 561 2709 se
584 2643 664 2729 ιιιιιι
687 2647 877 2728 exquiruntur
898 2659 932 2712 ut
953 2649 1114 2730 archetypi,
1136 2669 1222 2710 snam
1244 2653 1274 2708 in
1296 2669 1329 2710 sc
1344 2651 1423 2734 ipsis
1444 2651 1555 2710 habeut
1576 2666 1645 2725 per-

295 2736 448 2796 lectionem
471 2744 623 2814 suntque
619 2739 694 2798 inter
716 2735 851 2818 subjecta
872 2738 1026 2816 planorum
1048 2737 1280 2814 problematum,
1302 2754 1362 2797 nou
1385 2733 1535 2812 obstante,
1559 2735 1640 2813 quod

296 2823 388 2926 planis
411 2823 510 2884 hedris
533 2823 660 2884 solidum
683 2827 772 2886 etiam
795 2825 956 2888 clauditur.
979 2827 1114 2888 similiter
1137 2834 1167 2887 et
1188 2827 1294 2886 decimi
1315 2802 1383 2884 libri
1404 2826 1526 2884 materia
1547 2825 1645 2900 petis·

296 2913 398 2970 simum
421 2910 460 2969 ad
483 2909 574 2988 plana
595 2915 730 2989 pertinet.
777 2911 835 2976 Cur
857 2917 944 2996 igitur
967 2899 1164 2992 allegarentur
1186 2913 1402 2989 heterogenea‘?
1431 2920 1484 2972 ant
1505 2928 1556 2970 eur
1577 2910 1644 2969 vilis
1718 2906 1722 2916 '

297 3001 466 3058 aestimatur
489 3013 586 3072 merx,
616 3017 706 3076 quem
728 3017 787 3080 nup
803 3004 880 3061 emit
904 2999 1031 3076 Codrus,
1064 3011 1095 3062 ιιι
1124 3019 1160 3061 ιι
1181 3009 1313 3062 ventrem
1335 3008 1454 3077 pascat,
1482 3001 1552 3060 emit
1574 3014 1644 3057 vero

297 3085 462 3162 Cleopatra,
486 3093 519 3146 ut
541 3103 626 3148 aures
649 3085 751 3148 eruet?
784 3089 882 3164 „Crux
904 3097 1018 3148 ιιιιιιιιιι
1042 3089 1138 3150 delixa
1161 3096 1205 3150 est
1227 3085 1397 3165 ingeniis“?
1433 3085 1576 3190 Equidem
1599 3087 1644 3158 ιιι,

298 3175 342 3250 qui
364 3175 510 3247 numeris,
539 3173 596 3234 hoe
624 3181 668 3234 est
698 3173 813 3252 ιιιιιιιιο
842 3184 950 3237 vexant
978 3177 1149 3238 ineffabilia.
1195 3177 1235 3236 ιιι
1258 3193 1313 3252 ego
1343 3175 1397 3234 has
1418 3176 1537 3276 species·
1552 3179 1644 3232 tracto

298 3277 351 3320 uon
373 3261 512 3334 numeris,
535 3243 594 3319 ἱιοιι
617 3279 669 3338 per
690 3261 850 3338 algebrarn,
873 3264 925 3324 sed
940 3266 1164 3325 ratiocinatione
1187 3266 1310 3338 mentis3
1333 3280 1404 3322 sane
1427 3263 1497 3338 quia
1517 3262 1553 3320 iis
1575 3260 1646 3319 mihi

297 3365 350 3408 uon
373 3355 420 3408 est
443 3362 518 3425 opus
541 3347 579 3408 ed
602 3349 807 3421 subducendas
829 3354 958 3411 rationes
980 3362 1176 3440 mereatunm,
1206 3351 1259 3412 sed
1280 3307 1319 3410 ad
1341 3347 1529 3426 explicandas
1550 3365 1646 3408 rerum

300 3453 408 3495 causas.
454 3435 643 3512 Segreganda
666 3443 764 3496 censet
786 3439 908 3511 subtilia
930 3442 987 3498 ista
1009 3460 1028 3500 a
1047 3460 1221 3520 στοιχειωσιι
1250 3441 1338 3515 inque
1360 3427 1562 3496 bibliothecas
1589 3435 1645 3494 ab·

299 3521 464 3582 strudenda.
510 3521 637 3583 Omnino
659 3523 751 3586 fidum
770 3523 860 3598 JRami
883 3527 1059 3604 discipulum
1088 3530 1151 3604 agit
1178 3541 1232 3586 nec
1260 3529 1388 3603 ineptum
1417 3523 1495 3583 locat
1517 3539 1644 3599 operam.

299 3609 406 3670 ιιιιιιιιι
429 3607 564 3670 aedificio
589 3605 728 3672 Euclideo
750 3611 872 3674 sormam
895 3614 1020 3688 ademit,
1049 3615 1163 3674 culmen
1193 3615 1322 3690 proruit,
1350 3613 1479 3688 quinque
1508 3626 1646 3687 corpora;

300 3700 401 3776 quibus
425 3697 535 3758 ablatis
564 3705 733 3776 compages·
754 3704 847 3761 omnis
876 3700 1023 3764 'dissoluta
1050 3703 1121 3775 luit,
1152 3707 1232 3760 stant
1253 3701 1327 3759 muri
1357 3698 1434 3772 fissi,
1461 3697 1585 3757 fornices
1615 3698 1645 3755 in

295 3787 409 3845 ruinam
431 3787 574 3846 minaces:
599 3783 727 3845 Suellius
751 3783 839 3862 igitur
861 3791 948 3849 etiarn
965 3799 1148 3848 caementum
1170 3789 1274 3863 aufert,
1296 3794 1330 3846 ut
1352 3786 1435 3861 cujus
1456 3787 1513 3844 nisi
1535 3783 1572 3842 ad
1595 3801 1647 3843 so·

296 3873 440 3932 liditatem
464 3872 567 3940 domus
590 3873 645 3932 sub
669 3877 797 3951 quinque
821 3875 921 3952 liguris
938 3866 1160 3951 coagmentatae
1182 3875 1282 3935 nullus
1305 3881 1350 3936 est
1371 3886 1451 3932 usus
1482 3869 1644 3932 Olelieem

298 3969 415 4038 captum
439 3959 607 4040 discipuli!
620 3975 707 4039 quam
736 3961 787 4020 ille
817 3962 916 4023 ιιιιιιιι
940 3962 1093 4022 Euclidem
1115 3958 1279 4040 intelligere
1302 3960 1402 4020 didicit
1424 3977 1443 4018 a
1463 3957 1573 4018 Rumoi
1603 3977 1644 4019 sc.

296 4047 361 4108 ideo
383 4055 492 4125 putant
514 4067 640 4126 σιοιχιια
663 4047 758 4130 dicte,
784 4049 864 4126 quod
887 4051 1084 4110 inveniatur
1075 4068 1105 4107 ιιι
1127 4049 1250 4135 Euclide
1271 4047 1503 4124 propositionum
1525 4052 1554 4104 et
1575 4063 1646 4122 pro·

298 4135 458 4196 hiematum
481 4141 511 4194 ιι
532 4133 744 4199 theorematum
767 4138 920 4202 omnifaria
943 4139 1043 4213 copia,
1067 4138 1106 4200 ad
1129 4126 1214 4196 omne
1236 4153 1329 4211 genus
1352 4135 1547 4209 quantitatum
1570 4135 1642 4192 erti-

298 4240 404 4300 umque
428 4225 505 4281 eirca
527 4203 593 4282 illas
609 4231 832 4299 occupatarum.
855 4242 921 4286 cum
943 4223 1017 4284 liber
1030 4241 1209 4304 στοιχιιιισις
1230 4225 1269 4282 ιιι
1284 4221 1377 4305 dietus
1399 4237 1418 4278 a
1439 4219 1541 4294 forma,
1564 4218 1644 4295 quod

298 4327 410 4388 semper
433 4326 560 4392 sequens
581 4313 744 4398 propositio
767 4313 907 4372 innitetur
929 4312 1115 4416 praecedeuti
1130 4327 1224 4388 usque
1247 4309 1285 4369 ad
1307 4308 1439 4368 ultimum
1460 4306 1528 4367 libri
1549 4306 1644 4382 ultimi

299 4401 419 4476 <partim
444 4401 473 4456 et
497 4395 561 4456 libri
585 4401 678 4474 noni),
712 4415 787 4474 ques
810 4401 892 4460 uulla
913 4403 1041 4478 priorum
1064 4417 1162 4460 carere
1183 4405 1291 4476 ιιοιιιι
1335 4396 1379 4454 Ex
1401 4395 1560 4455 architecto
1583 4372 1644 4453 sal·

299 4487 425 4545 tuarium
447 4484 559 4570 iaciunt
588 4493 643 4544 aut
670 4489 880 4562 materiarium,
911 4489 1126 4561 existimantes,
1155 4485 1306 4570 Euclidem
1336 4483 1403 4542 ideo
1432 4485 1539 4542 librum
1560 4498 1646 4540 suum

299 4573 465 4651 scripsisse,
489 4579 522 4630 ut
544 4574 680 4634 omnibus
702 4572 769 4634 eliis
793 4575 1005 4647 ιοιιιιιιιιιιιιιι,
1037 4575 1149 4639 solus
1141 4591 1204 4650 rpse
1227 4565 1374 4650 propriam
1397 4571 1514 4631 domum
1536 4569 1645 4628 nullam

299 4659 430 4722 haberet.
459 4657 519 4720 Sed
540 4659 607 4736 plus
628 4661 701 4720 satis
723 4661 868 4723 hocloco
891 4662 1031 4738 dehisce,
1055 4661 1260 4722 revertendum
1282 4667 1327 4720 cst
1341 4657 1379 4718 ad
1394 4665 1483 4734 caput
1498 4658 1646 4716 orationis.

386 4746 463 4806 Cum
485 4747 561 4810 euim
585 4764 740 4822 cernerem,
763 4765 848 4810 verus
872 4757 901 4810 et
922 4752 1066 4826 genuinas
1088 4765 1183 4809 rerum
1198 4749 1440 4825 geometricorum
1461 4743 1647 4815 differentias,

301 4834 450 4914 aquibus
478 4835 671 4897 arcessendae
700 4837 771 4895 mihi
800 4845 869 4896 sunt
899 4855 1005 4897 causae
1036 4837 1269 4896 harmonicorum
1295 4834 1528 4910 proportionum,
1557 4831 1648 4907 vulgo

301 4923 428 4998 ignorari
451 4923 578 4999 penitus,
601 4923 760 4998 Euclidem,
785 4928 835 5001 qui
848 4923 956 4984 “studio
978 4923 1044 4984 illas
1060 4923 1229 5001 tradiderat,
1250 4921 1336 4979 Remi
1351 4919 1464 4978 cavillis
1479 4935 1650 4996 oppressum

303 5008 421 5086 explodi
448 5011 629 5088 strepituque
656 5010 873 5090 lascivientium
903 5011 1078 5072 obturbante
1107 5030 1126 5070 ι
1153 5013 1268 5070 nemine
1297 5005 1443 5079 exaudiri,
1474 5016 1527 5066 aut
1554 5007 1650 5066 surdis
1729 5085 1735 5096 .

304 5101 391 5156 etiarn
413 5113 532 5156 narrare
554 5090 763 5176 philosophiae
785 5101 943 5178 mysteria,
970 5098 1123 5173 Proclum,
1156 5099 1206 5174 qui
1230 5105 1354 5154 mentem
1377 5091 1506 5154 Euclidis
1529 5096 1652 5171 aperire,

304 5185 440 5242 abstrusa
462 5200 577 5263 eruere,
606 5179 770 5248 difficiliora
797 5195 884 5264 captu
910 5185 1009 5246 lucilia
1030 5186 1150 5245 reddere
1173 5185 1324 5261 potuisset,
1353 5189 1382 5240 et
1405 5180 1564 5240 deridiculo
1588 5197 1652 5240 esse

304 5287 357 5332 uec
380 5269 598 5332 commentaria
619 5291 673 5333 sua
695 5280 788 5352 usqu'e
811 5275 849 5334 ad
872 5274 976 5333 librum
992 5271 1138 5355 decimum
1153 5273 1354 5332 continuasse:
1382 5267 1441 5328 vidi
1463 5269 1520 5328 hoc
1535 5269 1652 5328 omnino

1457 5369 1499 5424 fi*
