4242 6384
474 841 513 902 14
1051 834 1223 892 Prooemium

471 1014 542 1074 dicit
562 1011 707 1088 Keplerus
728 1013 852 1089 primum
875 1019 904 1074 et
925 1013 1114 1074 fmtisaimum
1137 1014 1268 1092 gradum,
1298 1031 1362 1074 nro.
1378 1016 1406 1072 i.
1427 1013 1586 1074 secundum
1608 1012 1731 1091 gradum
1745 1020 1812 1088 etc,

471 1118 531 1160 nro.
557 1101 586 1161 5.
610 1101 742 1160 ultimum
764 1105 793 1165 et
815 1101 1031 1162 imbecillimum
1054 1101 1185 1179 gradum.
1230 1103 1345 1165 (laune
1367 1101 1500 1162 humeae
1522 1102 1703 1162 efficacitatis
1724 1101 1813 1178 hujus

470 1195 538 1250 sunt
559 1191 588 1246 in
610 1195 715 1249 natura
737 1185 903 1264 figurarum,
927 1190 1033 1264 quibus
1055 1190 1086 1248 bi
1109 1197 1245 1266 aspectus
1267 1192 1406 1263 nituntur,
1429 1191 1460 1247 ic
1482 1188 1557 1248 libro
1578 1189 1602 1249 1.
1625 1197 1768 1249 anenata

580 1275 677 1354 capnt
698 1275 766 1336 Vll.
811 1276 857 1336 De
891 1285 995 1336 natura
1024 1277 1175 1338 sublunari
1202 1277 1449 1360 facultatibusque
1475 1278 1591 1336 animae
1619 1277 1812 1337 inferioribus.

471 1360 510 1423 Ut
531 1365 661 1440 posuerit
680 1370 830 1422 naturum
851 1364 1058 1436 sublunarem,
1081 1383 1160 1441 quoe
1179 1368 1295 1440 praesit
1315 1365 1592 1437 domeuticmotus
1607 1371 1653 1423 c‘st
1666 1364 1813 1440 Keplerus

469 1449 533 1510 sola
555 1457 585 1510 et
606 1452 693 1510 unica
711 1458 916 1527 tempestatum
940 1451 1146 1512 observatione
1167 1459 1398 1528 aspectuumqne
1420 1451 1675 1541 contemplatione,
1705 1453 1813 1530 quibua

469 1537 536 1598 illac
559 1539 682 1597 cientur:
706 1541 969 1598 emsuntissimam
991 1539 1198 1616 experientiam
1219 1543 1329 1612 testari,
1351 1545 1460 1597 sutum
1482 1542 1557 1598 aeris
1579 1541 1764 1613 commoveri,
1788 1541 1814 1596 si

469 1632 565 1686 essem
579 1632 724 1702 aspectus.
753 1625 809 1686 His
824 1627 939 1686 innixus
953 1625 1099 1703 Keplerns
1113 1643 1159 1701 eo,
1173 1645 1259 1703 quern
1274 1629 1357 1685 initio
1372 1627 1560 1702 praefationis
1575 1625 1709 1701 diximus,
1725 1625 1813 1686 modo

468 1714 595 1773 ammam
608 1729 690 1772 suam
705 1713 891 1774 sublunarem
907 1717 1056 1776 constitnit
1071 1722 1159 1792 utque
1174 1718 1217 1774 ita
1230 1716 1338 1791 pergit:
1361 1713 1528 1790 specierum
1543 1713 1813 1777 mathematicorum

468 1799 528 1874 illa,
552 1816 628 1876 quae
651 1797 774 1862 circulus
797 1800 910 1874 dicitur,
933 1803 1009 1862 inest
1029 1803 1098 1861 hnic
1112 1804 1226 1861 animae
1239 1801 1482 1875 sioutbumanae,
1497 1819 1555 1861 non
1571 1809 1733 1861 tantumnt
1745 1800 1814 1862 idea

468 1905 563 1948 rerum
588 1895 785 1964 externarum,
808 1888 861 1950 sed
890 1891 979 1949 etiam
1000 1897 1033 1949 ut
1054 1890 1148 1949 fbrma
1169 1887 1313 1965 quaedmn
1334 1891 1427 1965 ipsius
1449 1893 1580 1963 murae,
1607 1897 1637 1948 et
1658 1896 1692 1948 nt
1711 1895 1813 1966 prom·

469 1978 593 2036 tnuriuru
616 1977 734 2036 unicum
757 1977 850 2036 omnis
870 1977 1012 2036 scientiae
1034 1979 1229 2054 geometricae
1252 1985 1281 2036 et
1302 1976 1525 2037 arithmeticae·
1552 1975 1813 2058 facultasvitalis

469 2065 498 2120 in
527 2062 643 2122 bomine
672 2079 732 2123 non
761 2071 873 2124 tuntum
888 2063 1061 2126 ,barmoniae
1089 2063 1179 2124 radiis
1207 2063 1312 2124 lucidis
1331 2063 1487 2124 involutas
1516 2081 1616 2124 aecum
1638 2064 1736 2139 habet,
1759 2063 1813 2124 sed

470 2153 557 2210 etium
579 2151 755 2226 harmonias,
778 2167 914 2212 sonorum
937 2151 1095 2228 speciebus
1112 2155 1294 2212 incrustatsa.
1337 2151 1431 2212 Sonos
1451 2153 1526 2212 baec
1547 2151 1671 2212 facultas
1693 2151 1813 2211 auribus

470 2237 574 2311 haurit,
597 2237 694 2298 radios
716 2238 844 2302 siderum
866 2239 922 2298 sibi
945 2233 1122 2315 imaginatur
1141 2249 1172 2298 ct
1193 2242 1326 2315 agnoscit
1346 2242 1409 2298 sine
1429 2237 1577 2299 discursu.
1615 2237 1693 2298 Hinc
1714 2241 1814 2298 anima

469 2325 598 2386 bumana
620 2325 677 2386 buc
699 2326 802 2400 babet,
836 2333 870 2384 ut
896 2327 951 2386 sub
981 2333 1097 2404 tempus
1119 2336 1290 2403 aspectuum
1310 2328 1484 2404 praecipuos
1506 2329 1604 2402 capiat
1626 2328 1751 2411 impetus
1775 2325 1813 2386 ad

469 2414 598 2490 negotia,
621 2429 697 2489 quae
719 2413 773 2479 sub
796 2412 931 2474 munibus
954 2413 1052 2488 babet,
1076 2414 1253 2497 peragenda,
1275 2422 1306 2474 et
1319 2416 1446 2474 maxima
1460 2413 1644 2474 necessitudo
1659 2415 1814 2474 intercedit

469 2500 627 2562 harmoniis
649 2499 772 2563 radiosis
795 2518 860 2580 cnm
883 2507 947 2560 nrur
969 2503 1062 2578 primo
1084 2503 1211 2561 bominis
1237 2510 1267 2562 et
1287 2502 1458 2560 formatione
1484 2500 1575 2578 hujus
1594 2498 1694 2565 vitalis
1716 2501 1813 2561 facul-

468 2589 551 2663 tatis,
583 2605 673 2664 quare
702 2589 791 2648 animi
818 2588 974 2664 qualitates
1005 2606 1070 2648 cum
1092 2589 1274 2666 planetarum
1302 2587 1496 2665 qualitatibus
1517 2591 1702 2648 consentiunt
1725 2606 1814 2665 qnam

468 2676 633 2752 plurimum.
679 2671 719 2736 Ut
745 2675 802 2736 huc
830 2674 1022 2752 demonstret,
1051 2687 1083 2736 se
1113 2680 1208 2754 ipsum
1235 2677 1380 2756 Keplerus
1410 2676 1573 2756 exemplum
1602 2680 1752 2754 proponit,
1782 2681 1814 2736 et
1933 2723 1935 2730 r

468 2763 536 2823 binc
558 2763 621 2824 abit
642 2765 670 2828 iu
693 2765 831 2842 mysteria
854 2764 1040 2842 astrologica,
1063 2765 1119 2825 eibi
1141 2768 1247 2841 partim
1270 2773 1348 2824 certa
1363 2767 1480 2840 partim
1497 2764 1596 2837 dubia,
1618 2766 1649 2824 e't
1666 2764 1712 2823 bis
1725 2763 1814 2824 finem

469 2851 554 2910 facit:
580 2851 656 2927 ,hoc
679 2850 827 2928 disputavi
841 2851 984 2912 hactenus
1005 2852 1060 2912 hoc
1082 2851 1213 2923 consilio,
1237 2852 1423 2912 ethaeum
1444 2869 1510 2910 mea
1523 2851 1703 2928 professione
1717 2869 1814 2928 exque
1933 2877 1935 2904 :

469 2938 571 2998 intimo
604 2938 692 3014 hujus
726 2939 820 3016 operis
855 2939 1015 3000 harmonici
1053 2932 1130 3016 peon
1163 2939 1329 3016 depromta,
1360 2937 1484 2998 necdum
1516 2927 1598 3000 tasio
1628 2938 1813 3016 pbilosophis
1933 2963 1935 2968 ι

470 3024 591 3104 Graecis
613 3035 642 3088 et
664 3027 883 3100 recentioribus,
905 3027 1100 3102 supplementi
1122 3027 1187 3086 loco
1204 3023 1371 3103 adjicerem,
1394 3035 1427 3086 ct
1448 3026 1573 3086 studiosi
1594 3027 1814 3105 metaphysicae

469 3121 569 3172 nostra
591 3113 664 3174 baec
686 3113 777 3173 veluti
801 3115 998 3190 experimenta
1020 3128 1085 3174 cum
1114 3113 1231 3172 illorum
1259 3115 1529 3174 ratiocinationibus
1559 3114 1725 3188 conferant,¹
1753 3131 1813 3191 quo
1934 3169 1935 3172 ,

469 3189 781 3321 baeemetaphysi‘pae
803 3218 872 3277 pars
895 3200 1034 3261 illustrior
1056 3209 1087 3263 et
1106 3201 1280 3278 locupletior
1301 3202 1636 3278 omnibusquenumeris
1651 3201 1814 3262 absolutior

469 3289 870 3455 c,mallii&assultuumtus
901 3376 963 3451 agit
993 3374 1028 3436 de
1058 3375 1211 3435 harmonia
1238 3347 1371 3439 motuum
1391 3338 1561 3436 coelestium
1582 3383 1612 3436 et
1633 3392 1670 3436 ex
1693 3383 1813 3440 autece-

470 3462 607 3523 dentibus
636 3474 742 3522 musas
774 3461 949 3536 regularium
978 3470 1121 3522 motuum·
1140 3480 1293 3541 corporum
1322 3463 1507 3538 coelestium,
1538 3479 1673 3524 cursuum
1694 3464 1814 3540 formae,
1934 3515 1935 3520 ,

469 3551 694 3610 excentricitetis
727 3565 828 3610 eorum
859 3549 1131 3626 periodicorumque
1164 3568 1299 3611 umanum
1332 3559 1461 3628 repetere
1494 3551 1601 3612 studet
1656 3551 1755 3612 Primo
1786 3563 1816 3613 et
1933 3589 1935 3612 2

469 3636 597 3698 secundo
620 3639 714 3714 capite
734 3635 888 3713 Keplerus,
912 3655 987 3714 quae
1009 3639 1039 3714 in
1061 3632 1206 3714 prioribus
1227 3639 1309 3698 libris
1332 3639 1368 3698 de
1389 3639 1571 3716 regularibus
1594 3642 1764 3718 corporibus
1786 3649 1817 3700 et
1933 3683 1935 3698 .

469 3725 631 3801 conlunctis
653 3725 813 3786 rationibus
836 3724 1010 3785 harmonicis
1033 3726 1111 3786 dicta
1133 3735 1223 3801 erant,
1245 3729 1357 3802 repetit
1388 3727 1491 3803 Capite
1506 3729 1591 3786 tertio
1607 3728 1686 3801 dicit,
1710 3745 1815 3804 quum·
1933 3755 1935 3792 ε

463 3813 515 3884 ‚vis
537 3831 568 3872 re
590 3829 661 3872 vera
675 3811 877 3888 Ccpemlcana
898 3812 997 3872 mundi
1019 3816 1097 3874 ratio
1118 3814 1183 3874 sola
1205 3815 1425 3890 insequentibus
1448 3815 1741 3876 commentationibus
1760 3833 1814 3892 pro
1933 3845 1935 3880 ;

469 3899 657 3960 fundamento
680 3899 785 3976 subjici
809 3899 928 3974 debeat,
961 3892 1011 3976 ,at
1041 3904 1112 3977 quio
1139 3919 1184 3962 res
1207 3903 1287 3979 apud
1309 3902 1416 3979 vulgus
1439 3902 1634 3962 studiosorum
1657 3898 1815 3964 etiamnum
1933 3935 1935 3970 2

468 4003 548 4048 nova
569 3995 614 4050 est
636 3993 667 4048 et
688 3988 796 4065 dogma
817 3987 920 4050 auditu
943 3988 1090 4064 plerisque
1112 3989 1359 4064 absurdissimum,
1387 3989 1510 4062 fl'erram
1531 3991 1722 4051 intercidere
1747 3992 1813 4050 ferri
1934 4025 1935 4058 ;

469 4078 545 4136 eirca
558 4075 658 4136 Solem
672 4074 858 4161 immobilem,
881 4071 975 4136 scierit
988 4078 1084 4154 igitur,
1109 4080 1162 4159 qui
1171 4077 1261 4153 hujus
1275 4080 1436 4138 sententiae
1452 4076 1607 4137 insolentia
1622 4077 1814 4153 offenduntur,
1934 4139 1935 4148 ,

469 4163 683 4240 speculah'ones
704 4164 758 4224 bas
781 4164 963 4224 harmonicas
987 4167 1077 4227 etiam
1097 4167 1128 4222 in
1149 4163 1361 4242 hypothesibus
1385 4163 1546 4225 Braheanis
1571 4166 1673 4226 locum
1695 4167 1813 4240 habete,
1934 4219 1935 4226 ,

469 4259 624 4328 propterea
646 4250 841 4328 quod'auctor
863 4249 912 4311 ille
934 4257 1031 4312 cetera
1054 4254 1161 4326 omnia,
1184 4271 1259 4328 qnae
1274 4251 1504 4328 dispositionem·
1516 4269 1669 4330 corporum
1682 4254 1720 4314 'et
1742 4271 1814 4313 coo·

462 4331 707 4414 'temperationem
728 4347 860 4398 mutuum
883 4341 1016 4413 attinent,
1039 4354 1104 4399 enm
1121 4339 1282 4415 Copornico
1297 4331 1388 4398 bab'st
1400 4341 1573 4414 commuuio,
1596 4341 1691 4400 solnm
1702 4341 1814 4402 Terrae

468 4433 580 4486 mutum
602 4442 730 4484 annuum
753 4426 887 4486 transfert
902 4425 1061 4500 insulem,
1084 4429 1135 4502 qui
1157 4425 1286 4486 medium
1301 4427 1413 4486 orbium
1427 4427 1654 4503 planetariorum
1669 4429 1812 4488 obtinet“.

468 4511 627 4588 Regularia
659 4529 781 4588 corpore
818 4511 920 4573 eodem
956 4513 1058 4586 modo,
1098 4529 1156 4591 quc
1188 4515 1216 4570 in
1252 4513 1425 4588 Prodromo,
1463 4515 1646 4592 planetarum
1681 4517 1813 4583 cursibus

469 4609 609 4677 tanquam
638 4601 718 4660 cavis
747 4599 844 4676 globis
874 4595 1070 4660 inscribuntur
1095 4617 1252 4676 eorumque
1282 4619 1318 4660 er
1339 4619 1458 4661 numero
1491 4603 1645 4678 conjicitur
1676 4619 1814 4664 numerus

468 4688 665 4764 planetarum3
689 4694 790 4747 contra
812 4689 956 4746 sententia
977 4687 1107 4763 rejicitur
1128 4687 1188 4747 illie
1208 4690 1408 4766 pronunciata,
1429 4693 1630 4766 proportiones
1653 4693 1814 4768 ipsissimas

468 4773 688 4837 intervallorum
711 4793 729 4834 a
751 4773 820 4836 Sole
842 4768 879 4835 ex
901 4775 971 4834 solis
993 4775 1094 4852 liguria
1115 4768 1296 4852 regularibus
1319 4775 1466 4837 desumtas
1479 4794 1561 4838 esse.
1596 4778 1711 4840 Deinde
1733 4779 1812 4856 leges

468 4871 660 4938 recensentur,
683 4861 842 4940 aKeplero
859 4864 986 4924 mutibus
1005 4862 1187 4939 planetarum
1210 4865 1239 4924 in
1260 4862 1404 4941 prioribus
1425 4865 1516 4939 libris,
1539 4860 1666 4928 maxime
1686 4869 1717 4925 in
1737 4866 1812 4926 libro

471 4948 506 5009 de'
540 4951 666 5012 motibus
697 4949 802 5010 Martis
834 4957 976 5011 statutae:
1015 4945 1048 5032 l)
1081 4967 1201 5026 „morae
1233 4953 1427 5028 inpartibus
1456 4953 1629 5029 aequalibus
1660 4957 1812 5020 eecentrici

470 5035 627 5098 observant
659 5039 875 5115 proportionem
902 5055 1019 5098 suorum
1049 5037 1267 5098 intervallorum
1290 5058 1309 5099 a
1330 5039 1416 5115 Sule;
1450 5037 1485 5122 2)
1514 5041 1608 5102 diurni
1635 5043 1698 5101 veri
1728 5059 1812 5101 muna

470 5127 646 5185 eccentricae
676 5126 787 5186 orbitae
817 5127 902 5186 unius
930 5125 1040 5186 habent
1068 5127 1143 5186 inter
1164 5144 1196 5185 se
1218 5121 1444 5207 proportionem·
1463 5146 1594 5199 evomam
1616 5131 1812 5207 proportionis

468 5211 687 5296 intervallorum
709 5212 831 5274 duorum
854 5231 873 5274 u
894 5212 979 5290 Sole;
1014 5209 1050 5296 3)
1073 5214 1169 5274 orbita
1190 5215 1326 5292 piculetae
1355 5221 1399 5276 est
1426 5214 1567 5294 elliptioa,
1599 5225 1629 5281 et
1649 5213 1715 5291 Sol,
1746 5218 1812 5276 fons
1933 5243 1935 5248 ·

469 5307 579 5378 motus,
608 5301 704 5372 estin
728 5301 819 5363 altero
842 5301 972 5363 incorum
993 5299 1083 5379 bnjm
1104 5299 1232 5380 ellipsis,
1264 5299 1301 5385 4)
1322 5302 1455 5381 planeta,
1482 5305 1619 5366 absoluto
1640 5307 1731 5366 totius
1754 5307 1811 5366 cir-
