4242 6384
775 783 860 858 Iriber
874 802 908 857 V.
931 787 1018 873 Capul
1033 797 1083 858 IX.
1125 791 1131 802 ¹
1536 817 1611 902 31⁵1¹

243 976 305 1030 edre
324 973 354 1031 e't
373 964 477 1034 sociae
513 975 732 1032 Consentaneum
748 975 832 1046 igitur
849 980 901 1044 est,
920 974 1001 1030 etiam
1019 973 1161 1044 physIcem
1179 976 1383 1047 inscriptionem
1401 981 1426 1037 ei
1446 991 1600 1056 competere

243 1070 290 1108 nec
306 1053 395 1123 plane
411 1053 603 1108 tetraedricam
620 1069 671 1110 nec
688 1046 769 1123 pladc
787 1052 1024 1121 dodecabdricam,
1043 1053 1092 1108 sed
1109 1055 1217 1122 generis
1235 1055 1402 1130 intermedii;
1431 1069 1462 1116 ut
1480 1063 1545 1131 quis
1562 1070 1601 1118 te-

242 1133 367 1186 nmmos
380 1133 478 1202 ‘planis
495 1133 650 1202 pertingere
666 1132 760 1189 debuit
778 1131 812 1188 ad
825 1147 959 1188 summum
977 1130 1060 1199 orbis,
1080 1131 1269 1187 dodecaedron
1288 1151 1343 1190 non
1362 1140 1506 1208 attingere,
1525 1147 1600 1196 certo
1699 1127 1703 1138 ¹

242 1213 341 1280 spatio:
358 1211 421 1282 jam
440 1213 510 1267 haec
527 1212 653 1268 aculeata
669 1211 759 1282 ligura
776 1210 909 1266 lateribus
926 1210 1041 1266 inversis
1057 1209 1130 1264 inter
1142 1211 1260 1280 spatium
1277 1213 1466 1272 icosiedricum
1485 1225 1513 1272 et
1530 1219 1602 1272 inter

243 1291 313 1344 orbis
330 1291 462 1360 inscripti
479 1307 613 1346 summum
631 1299 694 1357 stet,
711 1290 835 1360 proxime
852 1289 924 1344 hanc
940 1287 1122 1344 summitatem
1140 1290 1284 1358 attingens,
1303 1293 1326 1345 si
1343 1301 1433 1348 tumen
1452 1295 1532 1350 etiam
1549 1296 1603 1350 ista

244 1367 330 1436 iana
346 1369 379 1423 iu
392 1370 553 1424 societatem
569 1369 735 1438 reliquarum
743 1368 865 1437 quinque
874 1366 1051 1422 adsciscendo
1059 1366 1111 1422 tuit
1119 1365 1248 1437 legesque
1257 1369 1333 1440 istae,
1352 1371 1487 1428 stantibus
1497 1373 1602 1442 legibus

243 1446 357 1515 iliarum,
378 1447 494 1504 tolerari
511 1455 667 1518 potuerunt
684 1448 744 1503 Imo
762 1447 828 1516 quid
846 1445 907 1500 dico
924 1445 1036 1500 tolerari
1052 1447 1221 1514 potnerunt?
1238 1448 1337 1516 quihus
1354 1448 1418 1504 illae
1437 1466 1530 1508 carere
1547 1467 1602 1504 non

242 1533 402 1591 potuerunt.
439 1527 512 1582 Nam
530 1527 555 1580 si
572 1526 741 1582 dodecaedro
760 1526 934 1594 competebat
951 1523 1094 1593 inscriptio
1112 1521 1189 1594 laxi,
1208 1527 1425 1597 nec.attingens,
1444 1527 1510 1598 qnid
1529 1527 1602 1584 alind

242 1601 414 1659 Indefinitam
432 1605 506 1660 illam
523 1607 664 1661 laxitatem
681 1605 755 1660 intra
772 1613 865 1660 certae
882 1603 1042 1673 quantitatis
1060 1611 1148 1658 metas
1167 1609 1292 1664 euincere
1310 1608 1416 1675 potuit,
1435 1625 1516 1678 quam
1534 1607 1602 1662 haec

243 1682 407 1738 subsidiera
425 1684 527 1755 omna,
555 1683 724 1740 dodecaedro
744 1692 772 1740 et
789 1683 925 1738 icosiedro
944 1692 1078 1753 cognata,
1105 1681 1281 1753 inscriptione
1305 1701 1354 1740 sus
1381 1687 1503 1756 proxime
1522 1685 1601 1740 attin·

243 1767 330 1829 geute,
349 1776 405 1816 uec
422 1761 486 1831 plus
504 1762 646 1820 deficiente
664 1764 699 1830 (si
716 1769 807 1817 tamen
825 1761 926 1833 deficit)
949 1778 1031 1842 quam
1048 1761 1206 1818 tetraedrou
1223 1764 1332 1818 excedit
1349 1773 1377 1820 et
1403 1773 1541 1835 penetrat,
1568 1764 1602 1819 de

242 1853 293 1905 qua
309 1840 469 1907 quantitate
482 1842 541 1910 jam
558 1843 586 1898 iu
604 1843 730 1912 sequenti
747 1857 866 1910 agemus

326 1931 431 1993 Valde
460 1921 638 1994 versimilem
666 1933 762 1994 reddit
789 1933 866 1992 hanc
893 1939 1013 1992 censam
1042 1932 1137 1991 echini
1160 1933 1298 1991 associati
1331 1932 1446 1996 duabus
1469 1934 1602 2016 cognatis

246 2015 343 2092 hgnrts
368 2015 422 2102 (nt
445 2021 557 2082 scilicet
579 2021 818 2081 determinaretur
846 2023 998 2096 proportio
1021 2019 1135 2078 orbium
1159 2014 1262 2078 ldartis
1286 2027 1315 2082 et
1338 2019 1476 2092 Veneris,
1512 2035 1602 2094 quem

246 2103 308 2163 illae
323 2106 513 2168 indefinitam
528 2107 725 2188 reliquerant),
749 2107 828 2186 quod
852 2108 999 2166 invenitur
1014 2106 1236 2166 ‘semidiameter
1259 2107 1338 2178 orbis
1353 2107 1479 2167 Telluris
1494 2102 1603 2186 (1000)

247 2207 332 2270 prope
356 2194 520 2255 admodum
542 2196 639 2257 medio
667 2197 734 2256 loco
764 2193 991 2276 proportionalis
1020 2197 1095 2252 inter
1124 2194 1224 2252 orbem
1246 2193 1350 2252 Martis
1378 2193 1559 2274 perihslinm
1574 2203 1604 2253 et

249 2275 368 2340 Veneris
391 2283 558 2361 apheiium:
582 2287 666 2361 quasi
689 2287 826 2361 spatium,
850 2281 931 2358 qood
953 2281 1075 2340 echinum
1092 2280 1220 2340 rihdicst
1240 2283 1375 2358 cognatis
1397 2281 1505 2357 liguris,
1529 2283 1603 2340 inter

249 2363 308 2424 illas
324 2379 360 2428 ut
375 2381 448 2448 pote
463 2373 573 2432 similes
588 2371 846 2450 proportionaliter
860 2372 900 2428 sit
914 2367 1051 2429 divisum.
1072 2375 1171 2440 (sebini
1185 2377 1293 2437 spectem
1311 2375 1368 2422 vius
1382 2375 1426 2427 iro.
1440 2377 1470 2424 v.
1482 2377 1524 2424 tol.
1533 2373 1602 2434 272.)

330 2473 563 2553 Propositio
586 2473 730 2536 XLVIII.
772 2470 929 2551 Inscriptio
959 2471 1118 2550 figurarum
1147 2471 1324 2548 regularium
1347 2471 1506 2532 solidarum
1529 2477 1604 2534 inter

251 2563 329 2621 orbes
352 2563 537 2638 planetarios
566 2579 625 2620 non
643 2561 702 2620 'ihit
723 2578 821 2621 merse
848 2561 1011 2636 libertatis3
1042 2559 1257 2641 impediebatur
1285 2562 1361 2618 enirh
1385 2561 1462 2618 circa
1483 2563 1604 2638 minima

252 2649 284 2706 ab
305 2650 470 2708 harmoniis
493 2652 568 2707 iuter
588 2651 687 2707 inotus
710 2655 854 2708 extremos
877 2649 1004 2706 statutis.

328 2739 403 2793 Nam
421 2753 473 2807 per
490 2755 532 2793 ax.
554 2741 575 2792 t.
594 2739 622 2793 et
639 2738 664 2794 2.
683 2739 823 2808 proportio
842 2739 948 2794 orbium
966 2740 1101 2808 cujusque
1119 2737 1222 2807 figurae
1246 2753 1301 2793 non
1319 2739 1380 2808 ipsa
1398 2751 1495 2806 perse
1514 2737 1601 2806 ipsam

253 2815 403 2873 immediate
422 2815 515 2872 debuit
532 2817 655 2887 exprimi
673 2815 722 2872 sed
734 2815 869 2886 perillam
881 2817 1142 2886 quaeren‘dseprius
1160 2815 1270 2870 fuerunt
1285 2818 1459 2885 motibusque
1476 2815 1605 2870 extremis

253 2896 494 2952 accommodandae
511 2896 676 2966 harmoniae,
694 2898 762 2966 ipsIs
781 2897 885 2952 orbium
903 2897 1125 2967 proportionibus
1144 2896 1377 2952 familiarissimae.

331 2977 450 3045 Delude,
467 2982 500 3030 nt
516 2991 566 3044 per
582 2992 626 3030 ax.
647 2975 688 3032 10
702 2976 751 3031 20.
768 2975 925 3031 harm0niae
943 2973 1111 3029 universales
1124 2975 1238 3029 duorum
1257 2989 1386 3043 generum
1404 2987 1465 3030 esse
1482 2981 1604 3044 possent,

255 3049 372 3108 innanti
389 3055 515 3110 nonnihil
532 3055 595 3110 addi
612 3055 741 3124 oportuit.
751 3054 900 3110 harmoniis
916 3053 1085 3122 ammarum
1102 3052 1225 3122 bigarum
1250 3050 1400 3118 majoribus
1417 3066 1467 3120 per
1484 3051 1605 3106 rationes

255 3133 422 3198 posteriores.
441 3136 479 3191 Ut
493 3135 577 3205 igitur
592 3135 648 3190 ista
665 3143 740 3191 stare
755 3140 870 3204 possent
887 3135 998 3204 sulsque
1015 3133 1134 3204 propriis
1153 3131 1202 3190 niti
1220 3133 1379 3202 redonibus,
1397 3130 1607 3199 requirebantur

257 3209 391 3267 hmmalla
411 3213 570 3268 diemdeutis
586 3206 710 3267 nonnihil
736 3213 771 3268 ab
788 3210 838 3281 iis,
866 3227 937 3282 quae
961 3223 1028 3268 sunt
1050 3229 1085 3268 ex
1111 3211 1288 3280 Inscriptione
1312 3212 1434 3280 pert'ecta
1459 3207 1605 3282 figurarum
1638 3232 1641 3243 ,

257 3287 318 3342 inter
335 3291 436 3360 orbes,
462 3291 566 3360 legibus
584 3298 709 3346 motuum
734 3306 793 3359 cap.
812 3293 838 3347 3.
856 3291 1009 3360 exphcatis.
1047 3291 1080 3345 ld
1106 3293 1137 3345 ht
1155 3289 1347 3358 comprobetur
1374 3295 1401 3340 et
1419 3295 1449 3340 ut
1466 3293 1606 3355 appareat,

258 3375 380 3432 quantum
398 3369 546 3440 derogetur
570 3370 686 3440 ungulis
703 3369 798 3438 figuris
824 3385 876 3438 per
893 3369 1048 3424 harmonIas
1074 3368 1191 3437 propriis
1209 3367 1362 3428 rationibus
1381 3364 1527 3420 stabilitas:
1556 3380 1606 3431 age

258 3457 288 3496 er
302 3446 355 3499 iilis
373 3457 548 3508 summus
564 3449 709 3504 intervella
725 3449 905 3518 planetarum·
916 3466 934 3503 a
946 3448 1010 3516 Sole
1026 3463 1097 3503 nova
1114 3448 1203 3502 iorma
1220 3446 1317 3502 calculi
1335 3460 1385 3499 nec
1403 3451 1485 3497 antea
1502 3447 1607 3496 tentata

260 3537 431 3594 llufflm·
852 3590 856 3598 ,
916 3541 919 3546 ’
1314 3542 1318 3550 ’
1403 3555 1405 3560 ·

336 3611 430 3670 Erunt
453 3620 552 3675 autem
574 3614 773 3692 inquisitionis
804 3611 895 3688 hujus
917 3614 973 3670 tria
1001 3613 1116 3690 capite:
1145 3611 1272 3687 primum
1301 3625 1337 3667 ex
1366 3607 1510 3686 cujusque
1538 3603 1607 3679 pls-

260 3703 337 3754 netse
358 3701 490 3762 motibus
521 3700 597 3760 binis
629 3705 766 3762 extremis
796 3703 978 3776 inquinentur
1004 3699 1069 3775 ejus
1092 3707 1122 3756 st
1153 3697 1230 3756 Solis
1253 3693 1409 3755 intervalla
1431 3690 1532 3751 itidem
1555 3691 1608 3770 eri·¹

262 3789 353 3858 bema,
378 3791 472 3847 exite
495 3787 593 3847 radius
616 3789 694 3847 urbis
717 3790 747 3846 in
769 3786 821 3845 illa
838 3797 1036 3846 'extremorum
1059 3783 1279 3844 intervallorum
1302 3781 1483 3840 dimensione
1506 3779 1607 3852 cujus-

262 3883 310 3942 que
332 3873 469 3947 planetae
491 3878 618 3952 propria.
663 3875 816 3948 Secundo,
845 3893 881 3932 ex
905 3873 1008 3932 iisdem
1029 3873 1159 3931 motibus
1191 3871 1344 3942 extremis,
1375 3870 1403 3926 iu
1426 3867 1607 3924 dimensione

264 3962 389 4020 omnibns
416 3963 535 4033 eadem,
574 3965 755 4038 inquinentur
783 3968 882 4020 motus
915 3960 1004 4021 medii
1039 3973 1198 4033 eorumque
1215 3957 1388 4046 proportio.
1440 3952 1540 4012 Tertio
1571 3969 1607 4008 er

264 4051 440 4122 proportione
463 4059 596 4110 motuum
617 4049 783 4109 mediorum
801 4049 865 4124 jam
887 4048 1037 4125 patefacta
1058 4047 1208 4124 proportio
1232 4045 1345 4102 orbium
1368 4059 1421 4102 seu
1445 4039 1607 4098 mediorum

266 4127 477 4199 htewullurum
497 4138 724 4214 investigabitur
753 4120 782 4196 et
811 4153 872 4203 una
894 4138 984 4195 etiam
1006 4143 1218 4205 extremorum,
1252 4129 1362 4205 illaque
1391 4126 1609 4204 comparabitur

267 4234 322 4278 oum
344 4216 582 4301 proportionibus
605 4223 785 4300 figuralibus.

346 4309 432 4386 Quod
453 4314 579 4390 pslmum
600 4314 719 4370 attinet:
750 4308 940 4388 repetendum
964 4316 1009 4368 est
1036 4326 1073 4369 ex
1096 4307 1350 4383 sepenumero
1375 4303 1411 4376 6,
1440 4299 1518 4378 quod
1541 4315 1611 4376 pro·

269 4397 352 4466 ponto
374 4407 506 4458 motuum
519 4409 724 4474 ‚euhemerum
756 4401 796 4456 sit
817 4397 908 4474 dupla
938 4397 1137 4473 proportionis
1161 4410 1281 4456 eversas
1302 4387 1540 4470 respondentium
1562 4388 1610 4442 in·

272 4483 446 4544 terruliornm
469 4506 487 4545 e
509 4486 589 4549 Sole.
634 4485 709 4545 (ium
731 4487 821 4570 igitur
844 4487 933 4546 etiam
956 4481 1166 4559 quadratorum
1187 4481 1343 4564 'proportio
1367 4479 1405 4536 sit
1428 4474 1519 4552 dupla
1540 4491 1610 4549 pro-

272 4573 538 4640 ichneumonum
560 4574 698 4646 laterum,
724 4589 793 4649 crgo
816 4575 944 4647 numeri,-
962 4572 1070 4646 quibus
1086 4573 1208 4630 extremi
1232 4575 1329 4627 motus
1351 4563 1533 4640 singulorum
1556 4577 1608 4619 ex·
1725 4605 1733 4615 .

272 4657 432 4736 pumuntur,
463 4661 725 4743 considerabuntur
749 4667 788 4718 -ut
814 4659 951 4735 quadrati
981 4666 1009 4716 et
1040 4659 1192 4733 quaesitae
1214 4655 1331 4715 illorum
1361 4651 1474 4711 radices
1497 4647 1609 4738 dabunt
1642 4698 1647 4706 .

275 4750 387 4808 extrema
407 4749 578 4824 Intervalla,
611 4765 736 4824 quotum
763 4746 849 4805 iacile
872 4756 917 4805 est
946 4743 1076 4803 medium
1098 4743 1310 4804 arithmeticum
1333 4741 1539 4814 acciperb'pro
1561 4751 1610 4793 se-

275 4830 440 4896 midiametro
483 4832 562 4894 orbis
597 4845 627 4897 et
663 4836 889 4896 eccentricitate.
946 4831 1041 4910 Igitur
1077 4832 1247 4892 harmoniae
1265 4828 1426 4888 ‘hactenus
1461 4821 1610 4930 stabilitae

276 4926 505 5000 inscripserunt
515 4942 523 4980 ι
