4242 6384
649 780 828 841 Hermouicis.
864 784 948 841 Liber
960 784 1008 843 111.
1028 786 1116 853 caput
1135 786 1170 843 X.
1525 792 1584 853 169

235 958 395 1017 sinautem
417 958 522 1020 musici
549 961 607 1037 ipsi
628 969 742 1038 ponunt
763 970 877 1033 mutum
898 964 974 1025 iuter
1002 964 1039 1039 i,
1072 963 1141 1043 [pet
1164 967 1239 1027 inter
1261 964 1315 1043 dp,
1350 983 1375 1023 e.
1419 960 1514 1043 igitur
1537 965 1586 1027 vel

235 1046 298 1120 ipsis
320 1047 471 1121 organicis
493 1049 720 1109 assentientibus
750 1048 799 1109 vel
820 1068 840 1110 a
862 1050 894 1111 D
924 1051 972 1111 rel
995 1069 1015 1111 a
1040 1048 1067 1112 G
1089 1061 1219 1131 systema
1250 1060 1381 1113 nostruin
1411 1069 1586 1132 consurgere

235 1133 326 1202 dehet,
353 1141 389 1191 ut
410 1136 588 1209 exprimatur
610 1153 720 1196 merum
742 1146 872 1215 systema
894 1138 1035 1199 naturaie.

311 1219 352 1277 At
375 1237 473 1296 neque
495 1238 514 1281 a
535 1222 567 1280 D
588 1232 718 1301 systema
740 1226 871 1285 naturale
894 1228 1020 1304 incipere
1042 1232 1149 1303 potest.
1196 1226 1248 1287 Est
1264 1228 1340 1287 enim
1363 1228 1434 1305 ipsis
1458 1228 1488 1286 in
1503 1245 1583 1289 more

235 1308 369 1380 positum,
393 1310 580 1369 semitonium
602 1328 711 1387 ponere
735 1313 867 1386 interd,
890 1313 944 1391 dp,
970 1316 1001 1373 in
1022 1332 1089 1374 meo
1112 1331 1182 1375 vero
1204 1314 1332 1375 naturali
1355 1322 1514 1393 systemate
1539 1324 1584 1377 eet

236 1398 284 1451 ino
305 1394 377 1455 ioco
399 1395 528 1471 lemma,
552 1398 632 1475 quod
654 1401 750 1459 minus
774 1409 820 1459 est
840 1403 1007 1461 semitonio.

355 1512 466 1560 systema
478 1515 588 1557 natanta.
746 1518 904 1569 transpositis
916 1520 1010 1571 njaate.
1169 1520 1327 1571 Tranapoettio
1341 1520 1386 1561 aiia
1399 1517 1491 1571 rejecta.

350 2196 405 2249 De
423 2196 671 2253 'tetrachordis
689 2205 724 2253 et
741 2214 805 2255 nau
824 2197 1036 2271 syliabarum
1053 2207 1109 2269 eet,
1128 2215 1174 2268 re,
1193 2202 1252 2269 rai,
1272 2202 1324 2270 fa,
1342 2201 1408 2270 aei,
1427 2200 1468 2257 ic.

313 2373 477 2433 Veteribus
500 2380 640 2436 usitatum
662 2384 733 2451 erat,
756 2385 887 2457 systema
909 2364 1033 2441 octavae
1054 2377 1235 2455 distinguere
1258 2378 1287 2435 in
1311 2374 1370 2435 duo
1392 2375 1587 2449 tetrachorda,
1621 2378 1624 2407 ¹

243 2458 317 2533 idque
345 2460 548 2523 diversimode
575 2482 628 2541 pro
657 2464 775 2525 dirersu
801 2458 963 2527 intentione
988 2460 1176 2525 musicorum.
1229 2462 1287 2525 Vei
1306 2462 1395 2525 'enini
1435 2464 1591 2541 'conjuncta

243 2556 320 2620 erant,
343 2561 538 2626 synemmena
561 2552 655 2627 dicta,
679 2568 737 2611 uno
759 2568 833 2612 sono
855 2552 1027 2615 intermedio
1050 2560 1177 2627 statuto,
1201 2554 1252 2628 qui
1275 2558 1391 2613 etcum
1412 2554 1589 2627 gravissimo

244 2634 304 2693 inira
324 2642 355 2694 et
378 2654 448 2695 cum
470 2640 646 2699 acutissimo
662 2657 751 2717 supra
773 2640 920 2701 efficiebat
942 2641 1140 2715 diatessaron,
1171 2638 1271 2716 itaque
1301 2646 1449 2699 extremes
1480 2638 1590 2699 sidcis·

245 2721 302 2779 bant
322 2723 513 2784 intervallum
534 2725 695 2801 dissonum,
719 2727 848 2804 dihepta,
872 2736 902 2787 et
923 2745 1012 2805 supra
1035 2720 1123 2787 tonus
1141 2742 1216 2787 unus
1239 2726 1516 2802 subintelligehatur
1538 2744 1590 2786 uc-

246 2807 348 2883 ccdere3
380 2814 498 2889 quoties
521 2816 597 2873 enim
620 2813 691 2874 ordo
714 2814 885 2891 postulabat
911 2816 1029 2893 puisara
1058 2823 1195 2874 octavam
1218 2832 1255 2887 u,
1285 2813 1445 2891 pulsabant
1466 2816 1590 2891 primum

248 2898 280 2965 Α,
300 2900 385 2971 quasi
410 2916 447 2958 ex
470 2905 605 2977 opposito
628 2902 787 2961 identicum
809 2920 914 2962 sonum
937 2903 1080 2976 edentem,
1104 2900 1277 2981 durorum.
1323 2900 1390 2961 Hoc
1411 2908 1499 2977 pacto
1531 2918 1590 2959 non

250 2998 301 3041 iere
322 2984 382 3044 duo
407 2988 591 3049 tetrachorda
614 2986 705 3062 ciant,
728 2989 781 3049 sed
804 2990 862 3048 duo
885 2990 1002 3066 quidem
1019 2989 1202 3049 diatesseron
1216 2987 1381 3061 intervalla,
1405 3004 1496 3048 unum
1521 3005 1590 3047 vero

249 3068 482 3150 heptachordum
510 3077 558 3135 vei
581 3076 729 3152 disjuncta
750 3084 832 3136 erant
862 3077 1047 3138 tetrachorda
1075 3075 1230 3137 intervallo
1260 3076 1347 3135 unius
1370 3078 1432 3135 toni
1463 3076 1591 3153 majoris,

250 3154 447 3235 diaceugmena
468 3161 562 3236 dicte,
587 3163 666 3241 quod
688 3178 784 3223 rerum
806 3172 911 3223 natura
934 3166 1041 3227 suadet
1063 3167 1152 3225 etiarn
1179 3165 1209 3221 in
1232 3170 1332 3223 nostra
1354 3164 1522 3241 systematis
1545 3164 1593 3221 di-

250 3245 356 3321 visione,
380 3250 414 3306 in
436 3267 497 3325 qua
516 3251 637 3310 interius
660 3249 875 3311 tetrachordum
897 3253 988 3313 habet
1012 3250 1049 3327 d,
1073 3256 1106 3325 A,
1130 3250 1157 3335 tp,
1180 3268 1204 3323 c,
1228 3252 1361 3328 superins
1384 3250 1413 3325 d,
1436 3268 1469 3325 e,
1490 3250 1540 3327 sp,
1562 3268 1590 3326 9,

252 3331 289 3387 ubi
314 3335 390 3394 inter
412 3354 429 3394 c
451 3338 524 3397 etd
553 3347 641 3398 tonus
669 3339 764 3415 major
784 3342 913 3399 interest.
958 3342 1106 3400 Fortassis
1128 3342 1193 3416 ipso
1226 3341 1315 3399 eiiam
1338 3340 1397 3398 situ
1428 3337 1593 3415 disjunctae

252 3430 316 3478 eruut
337 3430 466 3497 quatuor
487 3428 564 3485 imae
587 3425 714 3487 chordae
737 3445 755 3485 a
779 3431 905 3503 quatuor
927 3428 1137 3505 superioribus,
1159 3425 1261 3487 relicto
1283 3443 1324 3486 ec
1347 3427 1504 3487 interstitio
1526 3442 1592 3485 ma-

251 3503 294 3575 iori
312 3509 387 3569 inter
409 3510 495 3571 hinaa
517 3512 691 3574 limitaneas.

432 3666 587 3709 wetrnhorda
601 3678 751 3715 synemmena
986 3658 1143 3709 Tetrachorda
1157 3666 1325 3717 diezeugmen.

324 3988 423 4048 Causa
445 3988 518 4063 ipsis
540 3988 689 4065 cogitandi
718 3988 755 4048 de
777 3996 936 4066 systemate
958 3982 1135 4047 tetrachordi
1158 3988 1211 4047 iuit
1237 3990 1310 4062 iste,
1340 3986 1420 4063 quod
1442 3984 1593 4062 videbant,

258 4075 277 4128 in
295 4092 349 4135 nna
371 4074 555 4135 diatessaron
578 4078 769 4136 consonantia
792 4094 858 4135 esse
880 4084 966 4134 tonos
990 4072 1065 4134 dnos
1087 4075 1184 4149 semis,
1209 4080 1238 4134 ei
1252 4090 1306 4134 nos
1327 4072 1470 4133 habemns
1492 4082 1595 4135 tonum

258 4161 386 4237 majorem,
409 4162 552 4221 minorem
575 4172 605 4222 et
626 4166 813 4223 semitonium
835 4166 866 4221 in
888 4160 1070 4221 diatessaron
1094 4160 1232 4241 perfecto,
1255 4162 1284 4219 in
1305 4160 1513 4221 concordantia
1534 4163 1594 4220 sci-

261 4246 312 4306 licet
330 4252 435 4309 minori
458 4244 542 4330 (nam
566 4248 605 4331 ⁸l5
628 4259 658 4310 et
680 4246 723 4335 ⁶!ss
745 4268 784 4310 ne
806 4248 926 4327 quidem
955 4264 1008 4326 pro
1031 4247 1246 4309 concordantiis
1268 4248 1467 4323 habebantur)
1498 4248 1597 4308 omnia

261 4332 383 4397 elementa
405 4338 566 4411 concinnu;
590 4346 619 4397 et
633 4340 821 4398 semitonium
836 4336 954 4414 quidem
970 4335 1019 4397 rel
1033 4340 1093 4397 imo
1108 4334 1183 4405 loco,
1208 4336 1256 4397 rel
1271 4336 1378 4411 medio,
1402 4336 1450 4397 vei
1471 4352 1595 4396 summo.

262 4416 454 4502 insurgitur
476 4433 580 4483 cantus
604 4422 760 4509 ridebatur
782 4428 855 4502 ipsis
877 4424 1084 4501 comprehendi
1107 4424 1199 4483 trihus
1216 4424 1464 4485 tetrachordorum
1485 4424 1595 4483 iormis.

332 4892 400 4955 hiihi
436 4896 667 4973 multiplicantur
694 4898 803 4958 formae
836 4894 1085 4962 tetrachordorum
1122 4904 1241 4974 propter
1277 4895 1493 4955 distinctionem
1523 4896 1597 4955 inter

268 4979 346 5053 tonos,
373 4986 514 5043 minorem
544 4993 575 5045 et
596 4992 769 5061 maiorem3'
787 5002 840 5062 pro
871 4986 964 5045 tribus
994 4986 1072 5045 euim
1094 5002 1147 5045 sex
1168 4984 1241 5043 fiunt
1264 4990 1293 5043 et
1315 4984 1346 5040 in
1369 4998 1428 5043 uno
1452 4982 1594 5059 diapason

270 5058 398 5144 ilicoque
426 5073 575 5147 geminse3
604 5076 705 5149 itaque
732 5074 874 5133 hahemus
907 5075 995 5133 etiam
1026 5080 1150 5133 naturae
1178 5069 1326 5148 quoddam
1356 5069 1526 5146 suffragium
1557 5070 1596 5129 ad

271 5144 447 5229 distinguenda
477 5160 680 5235 tetrachorda,
709 5178 778 5219 nam
807 5160 941 5236 superius
972 5167 1016 5219 est
1048 5160 1176 5220 interiori
1200 5154 1418 5235 quodammodo
1447 5156 1543 5219 simile
1566 5160 1595 5217 iu

273 5230 431 5313 disiioaitionc
453 5246 675 5311 intervallorum
698 5248 925 5310 elementarium.
