4242 6384
534 771 603 831 aot
955 766 998 821 De
1016 764 1280 835 Coufigurationibus
1299 768 1477 825 Harmonicis.

623 943 683 1003 Hic
707 943 793 1003 valde
815 960 862 1003 ma
885 943 1069 1003 confirmavit
1091 944 1121 1001 id
1144 945 1254 1020 ipsum,
1283 944 1362 1020 quod
1383 910 1630 1023 alium-aliquem
1653 950 1803 1009 absterrere
1821 966 1861 1023 po·

536 1032 601 1099 tuit,
625 1030 737 1090 scilicet
759 1031 838 1107 quod
860 1048 919 1090 uon
942 1049 1056 1109 semper
1079 1031 1116 1089 ad
1139 1034 1279 1091 amussim
1302 1034 1478 1108 respondent
1500 1038 1709 1095 commotiones
1732 1046 1863 1113 tempesta·

536 1130 599 1176 tum
624 1120 807 1194 aspectibus,
831 1118 884 1177 sed
899 1119 990 1178 Terra
1012 1119 1137 1178 subinde
1161 1122 1260 1195 segnis
1285 1120 1399 1178 videtur
1421 1132 1450 1179 et
1473 1130 1646 1197 contumax,
1678 1123 1738 1181 aiio
1759 1134 1864 1197 ternpore
1893 1114 1894 1179 l

536 1202 659 1283 (scilicet
680 1216 748 1281 post
770 1224 876 1281 graves
899 1216 929 1265 et
951 1206 1102 1265 diuturnas
1125 1203 1387 1289 configurationes)
1411 1210 1598 1281 exacerbata,
1623 1210 1757 1285 indulget
1776 1228 1865 1286 evapo-

535 1294 715 1365 rationibus,
731 1296 819 1351 etiarn
842 1295 905 1352 sine
927 1302 1100 1370 aspectuum
1123 1296 1350 1353 continuatione.
1381 1294 1445 1353 Nou
1470 1306 1514 1353 est
1537 1301 1645 1373 quippe
1669 1296 1760 1356 Terra
1780 1299 1866 1355 animal
1893 1298 1894 1309 ¹

536 1380 603 1450 tale,
627 1380 715 1455 quale
739 1383 833 1452 cauis,
857 1380 896 1438 ad
918 1398 1034 1465 omnem
1056 1389 1158 1439 nutem
1181 1388 1363 1456 promptum,
1393 1382 1443 1440 sed
1467 1383 1543 1455 tale,
1568 1384 1655 1460 quale
1679 1386 1733 1443 hos
1755 1393 1802 1443 aut
1821 1384 1868 1443 ele·

535 1467 618 1545 phas,
643 1468 757 1525 tardum
780 1468 819 1525 ad
841 1469 915 1526 iram
937 1477 1087 1543 tantoque.
1101 1468 1266 1541 violentius,
1291 1486 1356 1527 cum
1380 1470 1544 1529 excanduit.

622 1553 707 1629 Quae
728 1555 867 1630 arralogia
896 1571 963 1613 cum
992 1555 1161 1613 succederet
1184 1555 1291 1629 effecit,
1324 1564 1355 1613 nt
1387 1556 1508 1621 eaodem
1538 1558 1659 1619 ulterius
1693 1574 1869 1635 prosequerer,
1893 1548 1894 1587 l

526 1658 708 1718 ‘comparans
730 1646 819 1700 etiam
842 1658 964 1719 corpora
986 1645 1167 1701 animantum
1190 1659 1256 1700 cum
1280 1656 1405 1718 'corpore
1428 1644 1555 1703 Terrae:
1591 1646 1730 1703 videbam
1754 1646 1869 1721 pleraque

535 1733 651 1801 omnia,
674 1746 751 1805 quac
775 1747 810 1788 ex
833 1746 953 1804 corpore
976 1732 1133 1787 animantis
1154 1732 1359 1805 provenientia
1389 1740 1532 1793 testantur
1563 1736 1693 1791 animam
1717 1736 1745 1789 in
1769 1732 1815 1790 iiio
1834 1736 1869 1787 in·
1893 1754 1894 1757 ¹

534 1834 609 1888 esse,
633 1818 898 1891 prevenireetiam
922 1834 957 1875 ex
979 1815 1106 1877 Telluris
1130 1833 1258 1892 corpore.
1300 1814 1339 1875 Ut
1361 1820 1437 1875 enim
1460 1836 1564 1895 corpus
1589 1823 1617 1877 in
1641 1822 1718 1879 cutis
1741 1820 1870 1895 superficie

534 1902 621 1980 pilos,
645 1906 688 1963 sie
711 1889 802 1962 Terra
823 1902 942 1979 plantas
963 1905 1141 1979 arboresque
1164 1906 1272 1989 proicit
1295 1906 1383 1979 inqua
1407 1908 1441 1963 iis
1464 1908 1505 1965 ibi
1527 1906 1672 1987 pediculi,
1706 1908 1754 1967 hic
1777 1924 1869 1965 erucae.

535 1990 654 2051 cicadae
677 1994 820 2066 nauaque
842 1994 955 2050 insecta
977 1999 1006 2049 et
1021 1998 1151 2051 monstra
1174 1994 1285 2049 marina
1301 2001 1530 2066 nascuntur3'et
1553 2002 1584 2051 ut
1607 2012 1715 2070 eorpus
1738 1994 1870 2070 iacrymas.

536 2077 673 2137 hleuuam
693 2080 867 2153 auriumque
887 2084 1075 2152 recrementa,
1101 2086 1145 2136 est
1168 2080 1218 2137 uhi
1242 2090 1271 2136 et
1293 2082 1402 2153 gummi
1425 2097 1461 2137 ex
1484 2080 1568 2138 faciei
1592 2082 1732 2157 pustulis,
1757 2085 1797 2138 sic
1817 2080 1871 2137 Tel-

534 2163 582 2223 lus
604 2165 761 2237 electrum,
785 2166 931 2240 hituman3
959 2174 1050 2241 utque
1072 2167 1172 2224 vesica
1195 2169 1322 2239 urinam,
1354 2169 1396 2225 sic
1418 2176 1530 2227 montes
1554 2168 1674 2226 flumina
1698 2168 1833 2241 tundunt,
1852 2166 1894 2225 et³

535 2260 570 2311 ut
591 2269 695 2327 corpus
719 2264 933 2311 excrementum
948 2252 1098 2329 sulphurei
1119 2252 1217 2311 odoris
1232 2256 1427 2329 crepitusque,
1448 2256 1497 2331 qui
1521 2258 1609 2313 etiarn
1626 2256 1798 2314 iuliannnari
1819 2270 1873 2331 pos·

536 2348 613 2413 suut,
637 2343 681 2398 sic
702 2339 793 2399 Terra
815 2339 946 2416 sulphur,
969 2343 1052 2415 ignes
1075 2340 1296 2412 subterraneos,
1320 2344 1462 2413 tonitrua,
1485 2342 1613 2418 fulgura:
1639 2354 1733 2419 utque
1757 2346 1785 2399 in
1808 2344 1871 2399 venis

536 2428 694 2485 animantis
717 2436 871 2502 moeretur
891 2430 1013 2503 sanguis
1035 2435 1146 2486 etcum
1168 2444 1203 2485 eo
1226 2426 1324 2499 sudor,
1349 2436 1429 2487 extra
1445 2444 1549 2505 corpus
1573 2430 1694 2505 ejectus,
1719 2433 1762 2489 sie
1786 2434 1813 2487 iu
1833 2446 1871 2485 re·
1893 2436 1894 2445 ¹

536 2516 581 2572 uis
604 2513 711 2573 Terrae
732 2513 853 2573 metalla
875 2523 905 2573 et
925 2514 1040 2573 icssilia
1065 2530 1213 2591 vaporque
1237 2512 1363 2591 pluvius.

551 2649 557 2662 s
624 2598 747 2677 Oportet
769 2604 873 2677 igitur,
896 2608 929 2659 ut
951 2604 1028 2659 sicut
1049 2602 1210 2663 animantia
1233 2602 1346 2676 reliqua
1368 2602 1464 2660 cibum
1486 2610 1648 2679 potumque
1672 2604 1820 2675 hauriunt,
1839 2604 1868 2658 sic

536 2691 627 2748 etiam
648 2688 750 2748 Tellus
772 2688 925 2748 canalibus
948 2690 1034 2747 certis
1056 2687 1169 2763 aliquid
1191 2692 1330 2747 materiae
1353 2688 1462 2763 trahat,
1493 2708 1527 2749 ex
1551 2708 1612 2766 qua
1633 2690 1685 2749 iiia
1709 2701 1770 2749 tarn
1792 2689 1871 2748 multi·
1893 2686 1894 2719 ³

535 2773 626 2852 plicia
648 2784 809 2851 excoquat,
841 2778 911 2851 quia
934 2792 970 2835 ex
992 2774 1084 2833 nihilo
1106 2774 1179 2833 nihil
1201 2774 1248 2849 θὶς
1282 2776 1370 2834 trahit
1394 2784 1491 2835 autem
1514 2780 1671 2853 sorbetque
1696 2796 1803 2854 aquarn
1824 2794 1894 2833 rrre·¹

535 2867 639 2935 rinam,
664 2881 740 2939 quae
763 2880 853 2923 causa
876 2870 1010 2935 est,-cur
1032 2865 1158 2921 aeternis
1182 2870 1226 2921 tot
1248 2863 1398 2931 fluminum
1421 2865 1615 2923 inlusionibus
1637 2882 1719 2925 mare
1743 2877 1872 2939 nunquan
1893 2860 1894 2895 ³

536 2950 689 3010 redundet
719 2949 777 3009 Hic
800 2968 888 3025 quam
911 2948 1029 3009 absurdi
1051 2952 1119 3023 sint,
1144 2952 1195 3025 qui
1217 2950 1336 3009 metalla
1358 2950 1449 3013 solius
1472 2952 1550 3011 Solis
1573 2956 1737 3029 operationi
1761 2950 1894 3012 tribuunt*

536 3041 610 3097 citra
632 3036 759 3097 Telluris
781 3054 910 3114 operam,
934 3054 970 3096 ex
992 3036 1147 3096 antedictis
1171 3036 1308 3111 colligere
1331 3046 1424 3113 potes.
1893 3036 1894 3039 ’

622 3124 774 3200 Respondi
801 3128 891 3183 etiam
912 3126 942 3181 iu
964 3123 1041 3187 libro
1064 3123 1100 3183 da
1121 3122 1215 3182 Stella
1236 3124 1323 3183 Nova
1345 3126 1383 3184 ad
1407 3125 1556 3209 vulgarem
1580 3126 1661 3185 iliam
1685 3124 1894 3203 objectionem*

535 3210 616 3286 quod
639 3211 744 3285 Terra,
774 3214 799 3270 si
821 3214 949 3271 animem
971 3211 1108 3281 haberet,
1142 3212 1230 3269 etiam
1259 3230 1386 3271 crescere
1416 3213 1522 3271 debere
1546 3213 1680 3273 videatur
1703 3210 1894 3285 membraqeel

535 3300 627 3357 motui
650 3306 722 3375 apta
743 3298 861 3356 habere.
894 3297 969 3355 Nam
991 3306 1081 3375 prout
1104 3314 1208 3373 corpus
1232 3306 1285 3371 est,
1308 3316 1361 3375 pro
1385 3316 1419 3358 eo
1443 3308 1471 3358 et
1494 3300 1592 3359 anima
1613 3302 1773 3377 respondet
1794 3288 1894 3358 lacui-³

535 3393 671 3460 tatesque
694 3385 776 3460 ejus3
800 3403 866 3443 cum
890 3384 962 3443 haec
984 3387 1083 3443 anima
1105 3387 1143 3443 sit
1166 3386 1203 3446 ob
1220 3384 1326 3445 Terrae
1349 3398 1462 3463 corpus,
1486 3404 1543 3445 non
1567 3404 1636 3446 vero
1651 3390 1709 3447 hoc
1726 3394 1828 3465 eorpus
1842 3382 1894 3441 sicl

535 3473 573 3529 sit
597 3473 634 3530 oh
658 3473 795 3544 animam,
818 3475 894 3531 sient
917 3489 1022 3547 corpus
1043 3472 1169 3529 hominis
1192 3482 1237 3531 est
1259 3475 1297 3533 ob
1312 3482 1447 3547 mentem,
1471 3477 1630 3551 principem
1654 3480 1772 3535 animae
1795 3471 1894 3533 iacul-¹

535 3566 642 3617 tatem:
675 3561 701 3617 si
724 3562 812 3634 igitur
835 3552 1017 3638 incrementis
1040 3559 1130 3617 Terra
1154 3577 1227 3635 opus
1250 3560 1417 3630 habuisset,
1446 3564 1470 3619 si
1488 3570 1579 3636 pastu
1602 3563 1675 3634 alio,
1707 3582 1796 3639 quarn
1818 3560 1894 3625 diri*

537 3644 617 3705 reiut
639 3663 674 3704 ex
699 3655 816 3718 venatu,
838 3648 963 3705 tuissent
983 3655 1014 3705 et
1035 3649 1093 3705 ista
1115 3650 1215 3705 munia
1237 3648 1306 3706 huic
1327 3650 1442 3707 animae
1472 3652 1627 3708 commissa
1656 3658 1684 3708 et
1715 3651 1820 3709 idonea
1839 3649 1873 3701 ln·

534 3740 696 3814 strumenta
717 3732 802 3807 data;
835 3750 911 3809 quae
934 3732 1063 3792 Socratis
1086 3736 1215 3793 morituri
1239 3735 1427 3811 philosophia
1450 3736 1504 3795 luit
1527 3740 1555 3792 in
1579 3737 1755 3805 Phaedone,
1789 3728 1894 3794 omnia*

524 3822 624 3905 „menti
647 3822 852 3895 gubernatrici,
876 3823 976 3879 omnia
998 3820 1199 3879 deliberationi
1216 3821 1251 3882 de
1275 3836 1319 3893 eo,
1344 3822 1421 3897 quod
1445 3826 1595 3898 optirnnnr,
1619 3826 1760 3883 tribuens.
1785 3810 1894 3895 itaque1

534 3911 560 3966 si
582 3908 649 3983 quis
671 3917 903 3984 argumentetur:
927 3918 1054 3984 quatuor
1068 3908 1147 3967 solas
1170 3927 1233 3968 esse
1249 3908 1402 3983 facultates
1419 3912 1543 3982 amurca,
1569 3928 1691 3987 quarum
1715 3912 1797 3971 nulla
1818 3910 1871 3965 huic

533 3997 649 4054 animae
673 3995 819 4058 Terreuae
841 4002 1005 4071 competat,
1036 4013 1097 4054 uon
1124 4014 1188 4055 esse
1218 4014 1287 4073 ergo
1317 3998 1446 4071 aliquam
1469 3999 1498 4055 in
1522 3998 1612 4057 Terra
1634 4002 1779 4072 animam,
1812 3998 1872 4053 irnnc

534 4100 589 4159 ego
609 4083 721 4158 jubebo
745 4084 822 4143 hauc
843 4086 977 4160 quintam
999 4081 1037 4141 ad
1062 4100 1213 4143 numerum
1230 4082 1345 4157 addere,
1371 4084 1472 4143 eodem
1496 4086 1629 4161 exemplo
1653 4087 1813 4162 iisdemque
1835 4098 1871 4139 ar-

533 4170 723 4246 gumentandi
750 4171 883 4248 legibus,
912 4171 1020 4247 quibus
1051 4171 1120 4231 illae
1151 4188 1271 4231 numero
1294 4180 1436 4247 quatuor,
1469 4174 1497 4229 in
1526 4172 1646 4232 homine
1677 4176 1805 4245 scilicet,
1835 4170 1871 4224 iu·

501 4281 504 4287 ·
533 4266 640 4317 ventae
662 4266 739 4317 suut.

622 4341 661 4404 Ut
689 4352 788 4403 autem
816 4343 924 4405 Terrae
951 4353 1036 4404 tanto
1069 4343 1262 4403 confidentius
1292 4346 1418 4403 enimam
1451 4346 1621 4419 tribuerem,
1661 4350 1812 4405 moverunt
1836 4354 1871 4395 mc

534 4431 623 4490 etiam
645 4429 713 4504 alia,
737 4448 822 4506 quae,
844 4434 953 4507 passim
976 4451 1029 4509 per
1051 4431 1140 4489 libros
1163 4448 1245 4491 meos
1268 4432 1379 4491 ceteros
1403 4432 1556 4503 inculcata,
1581 4436 1608 4491 in
1623 4434 1758 4510 Epitome
1782 4433 1870 4489 Astre-

533 4521 649 4577 uomiae
679 4517 898 4593 Coperuieauae
928 4518 977 4578 iol.
1010 4520 1081 4577 tao.
1113 4518 1253 4577 fasciculo
1284 4517 1403 4593 collegi,
1434 4523 1588 4595 praecipue
1623 4520 1693 4595 hoc,
1725 4517 1802 4596 quod
1822 4516 1870 4572 ior-

532 4608 639 4665 matrix
660 4603 786 4665 facultas
808 4612 855 4664 est
876 4609 906 4662 iu
931 4606 1090 4667 visceribus
1113 4605 1233 4680 Terrae,
1257 4624 1333 4681 quae
1356 4607 1480 4665 feminae
1501 4612 1689 4683 praegnantis
1724 4624 1800 4665 more
1830 4616 1870 4657 οε·

534 4700 685 4754 cursantes
706 4693 778 4752 ioris
800 4710 846 4751 res
870 4691 1027 4763 humanas,
1059 4690 1150 4751 veluti
1174 4710 1224 4751 eas
1248 4693 1373 4765 videret,
1404 4696 1432 4749 in
1457 4694 1595 4753 fissilibus
1618 4694 1765 4773 lapidibus
1788 4688 1868 4763 expil-

533 4782 594 4855 mii,
617 4788 651 4839 ut
672 4778 806 4853 militum,
829 4780 1061 4853 monarchorum,
1085 4780 1264 4855 pontificum,
1287 4790 1441 4857 regumret
1456 4782 1595 4857 quicquid
1619 4784 1647 4839 in
1665 4799 1715 4841 ore
1738 4779 1868 4839 hominnm

534 4876 589 4940 est,
611 4884 707 4928 novos
730 4866 947 4943 insolentesque
970 4866 1098 4925 habitus.
1133 4866 1198 4927 Hoc
1221 4866 1337 4944 quidem
1360 4870 1462 4939 rarius,
1486 4869 1730 4945 iliudperpetuo,
1754 4862 1825 4943 quod
1845 4861 1866 4913 in

533 4956 657 5031 gemmis
680 4964 710 5015 ct
732 4955 882 5015 lossilihus
905 4956 1040 5030 exprimit
1063 4956 1191 5030 quinque
1222 4974 1343 5032 corpora
1365 4955 1512 5030 regularia
1534 4959 1726 5031 geometrica:
1757 4971 1820 5011 nam
1841 4944 1867 5001 dt

535 5042 638 5117 opifice
665 5050 790 5102 testatur
817 5060 901 5120 opus.
949 5042 1064 5116 Quibus
1094 5040 1199 5117 addat,
1230 5046 1279 5119 qui
1309 5042 1500 5117 Cepernieum
1529 5047 1674 5119 sequitur,
1706 5042 1865 5101 volutionem

444 5144 449 5152 ’
534 5130 616 5206 globi
639 5128 764 5189 Telluris
787 5130 935 5200 diumam,
952 5136 1124 5205 perpetuam
1146 5140 1175 5187 et
1198 5130 1478 5207 aequabi'iissimam,
1502 5147 1590 5206 quarn
1613 5133 1688 5191 inter
1709 5128 1792 5205 hujus
1814 5122 1865 5181 anl-

534 5234 601 5277 mae
622 5220 723 5277 munia
744 5220 904 5278 rectissime
926 5217 1102 5277 accensebit.
