4242 6384
497 828 567 910 'tto
1037 842 1322 915 DetProporttsniius

503 1025 535 1082 in
557 1023 613 1084 hac
636 1020 783 1083 cantilena
803 1020 946 1101 ligaturas
976 1020 1116 1101 respicias
1139 1018 1317 1099 syllabarum
1339 1018 1427 1102 (laud
1448 1039 1490 1081 uu
1515 1030 1591 1097 patr
1613 1018 1675 1102 tor)
1702 1038 1821 1098 easque
1841 1034 1869 1081 nt

503 1112 624 1171 bisonas
646 1110 822 1185 consideres,
844 1118 915 1170 tuuc
936 1112 966 1169 iu
990 1128 1026 1170 ea
1048 1106 1140 1189 dyoyp
1163 1126 1242 1168 mera
1264 1116 1294 1168 et
1316 1127 1389 1187 pura
1411 1110 1493 1169 uuila
1515 1113 1577 1169 erit.
1624 1112 1664 1169 At
1691 1112 1721 1168 si
1748 1127 1871 1187 perpen-

505 1198 568 1274 das,
592 1200 739 1259 rusticano
762 1214 842 1257 mors
864 1198 982 1273 tactum,
1006 1206 1039 1257 nt
1061 1214 1097 1256 ex
1120 1212 1202 1268 sono,
1227 1199 1276 1273 qni
1299 1196 1469 1274 productius
1494 1206 1556 1283 eret
1578 1196 1749 1271 esnmrdus,
1783 1198 1872 1256 iactus

504 1285 542 1344 sit
564 1286 686 1363 bleonus
709 1302 865 1363 assurgens
888 1288 918 1342 in
940 1284 1007 1359 fine,
1030 1293 1060 1343 et
1083 1284 1108 1341 si
1130 1282 1251 1360 syllabis
1275 1284 1354 1363 hisce
1377 1282 1538 1361 simplicem
1553 1300 1657 1343 sonum
1673 1285 1872 1361 producimu.

506 1377 555 1450 qui
586 1382 630 1433 est
658 1373 804 1449 ligaturae
833 1374 958 1449 primus,
989 1373 1144 1442 restituas,
1177 1372 1309 1430 iuvenies
1338 1388 1440 1449 puram
1463 1368 1574 1451 ἀγωγην
1605 1374 1634 1429 iu
1657 1372 1711 1431 his
1738 1369 1876 1453 (Parvuli

505 1458 636 1541 londes),
667 1464 737 1520 item
760 1457 955 1539 (immolent),
984 1461 1054 1518 item
1077 1456 1282 1539 (Christiani),
1311 1462 1380 1519 item
1402 1457 1565 1539 (Innocens
1584 1459 1683 1539 patri)
1720 1468 1755 1517 et
1782 1460 1899 1517 brevisl

507 1550 536 1607 iu
560 1545 711 1629 (sewum),
734 1550 828 1624 uioep
852 1564 922 1607 vero
945 1562 1040 1620 mera,
1064 1544 1133 1604 lieet
1156 1560 1212 1602 uou
1236 1546 1391 1619 naturalis,
1416 1556 1461 1606 est
1483 1548 1511 1604 iu
1536 1547 1670 1625 exemplo
1698 1543 1846 1605 Tuscico.

593 1633 846 1718 Quemadmodum
869 1636 959 1710 igitur
979 1651 1012 1693 se
1034 1633 1124 1693 habet
1146 1632 1274 1693 sceletou
1300 1632 1338 1693 ad
1362 1650 1466 1710 eorpus
1490 1634 1568 1710 apud
1591 1636 1807 1705 anatomicos,
1840 1634 1899 1689 sic*

506 1740 539 1782 se
560 1722 670 1781 hahent
693 1724 723 1779 iu
755 1738 813 1780 uno
836 1728 995 1799 systemate
1024 1728 1148 1780 octavae
1171 1722 1237 1779 soni
1258 1724 1379 1781 consoni
1410 1728 1439 1781 et
1467 1723 1543 1780 iuter
1565 1739 1596 1780 se
1624 1730 1756 1781 etcum
1782 1720 1899 1791 radice,

442 1887 444 1890 Ι
504 1809 553 1869 vel
575 1810 640 1869 basi
671 1816 796 1869 octavae
827 1808 982 1885 adipsum
1012 1808 1167 1867 melodiam
1198 1826 1250 1867 seu
1282 1816 1408 1869 cautum.
1455 1806 1537 1869 Sient
1559 1810 1637 1867 cuim
1659 1824 1738 1868 caro
1775 1807 1899 1885 implet}

486 1899 588 1976 sinus
611 1898 722 1956 ossium
745 1910 839 1972 eaque
861 1898 951 1955 vestit
972 1894 1010 1955 ad
1032 1895 1176 1969 decorem,
1201 1898 1243 1953 sic
1266 1895 1322 1955 hae
1345 1905 1443 1971 partes
1466 1900 1628 1956 recensitae
1653 1896 1793 1972 implent
1817 1888 1899 1965 sec-T

453 1983 459 1997 '
507 1984 587 2044 leton
617 1991 755 2058 octavae,
787 1986 957 2061 praesertim
980 1980 1072 2063 dyoyp
1102 1990 1131 2043 et
1163 2004 1293 2057 narsete,
1323 1992 1505 2059 pererrantes
1536 1984 1602 2043 locs
1624 1983 1774 2057 dissona,
1809 1974 1899 2039 interi

420 2074 423 2090 '
511 2088 655 2131 consonos
678 2088 767 2130 sonos
790 2064 960 2147 interjecta,
984 2072 1165 2130 conformant
1187 2076 1216 2129 et
1240 2070 1323 2146 quasi
1347 2080 1502 2149 corporaut
1523 2068 1690 2131 melodiam.
1898 2052 1899 2139 l

598 2156 638 2217 11.
662 2157 736 2218 cum
758 2166 862 2219 cantus
885 2158 1020 2219 definitur
1043 2160 1094 2229 sic,
1119 2156 1197 2233 qnod
1220 2156 1388 2217 exordiatur
1410 2176 1429 2217 a
1451 2166 1529 2219 certo
1551 2157 1681 2236 quodam
1707 2174 1804 2231 sono,
1831 2158 1876 2231 qui

1399 2240 1480 2306 basis
1511 2248 1549 2305 sit
1579 2248 1758 2325 systematis
1797 2254 1877 2302 octa-

508 2300 669 2432 Ξ)-
882 2352 1040 2413 Μῖ-
1087 2406 1135 2410 --
1239 2334 1362 2431 θΞ-
1399 2350 1463 2406 vae,
1487 2332 1517 2390 id
1538 2350 1597 2392 uon
1613 2348 1736 2410 semper
1755 2330 1796 2391 de
1813 2320 1899 2389 eotu¹

512 2382 1362 2477 ψῇψ-ἑῦ-Ξὶ-
1399 2415 1690 2497 estiutelligendum3
1709 2420 1874 2479 cumcuim
1898 2462 1899 2473 ,

512 2507 639 2568 delectet
662 2508 791 2567 varietas
813 2516 842 2568 et
864 2511 974 2569 serviat
997 2506 1146 2585 emphasi,
1170 2508 1341 2584 saepissime
1365 2509 1447 2567 velut
1471 2524 1506 2567 ex
1529 2508 1654 2583 abmpto
1676 2508 1795 2585 incipit
1817 2522 1874 2563 me·

511 2594 592 2655 lodis
612 2601 631 2653 'a
654 2594 732 2653 clavi
754 2594 802 2655 vel
823 2594 890 2655 loco
912 2596 985 2672 elio,
1015 2603 1164 2673 potestate
1187 2602 1284 2655 tamen
1311 2594 1539 2671 subintelligitur
1566 2597 1747 2673 principium
1781 2590 1872 2667 quod·
1898 2594 1899 2611 ¹

511 2686 591 2761 piam
613 2689 723 2743 certum
743 2684 887 2759 positum,
912 2684 991 2760 quod
1019 2701 1055 2744 ex
1077 2689 1140 2743 toto
1163 2681 1308 2743 melodiae
1330 2688 1424 2743 tractu
1455 2682 1583 2759 undique
1607 2686 1768 2757 enitescit,
1795 2688 1828 2739 ut
1850 2682 1872 2734 iu
1898 2750 1899 2753 Ἴ

511 2771 569 2831 hoc
590 2771 787 2830 vetustissimo
811 2768 986 2832 Germanico
1007 2771 1094 2831 tecile
1117 2770 1297 2847 intelligitur,
1324 2772 1379 2831 etsi
1402 2776 1470 2832 actu
1492 2787 1511 2829 a
1533 2768 1627 2831 diist
1649 2772 1795 2843 mitium,
1828 2786 1871 2825 ra·
1898 2774 1899 2845 }

515 2858 608 2919 dicem
630 2864 729 2917 umen
752 2875 816 2919 esse
841 2856 877 2917 u.
1898 2846 1899 2873 ³

597 2940 653 3003 llI.
676 2944 806 3005 Similem
829 2944 920 3005 habet
942 2944 1158 3022 exceptionem,
1193 2944 1272 3021 quod
1297 2952 1400 3005 cautus
1423 2943 1564 3019 regularis
1595 2943 1701 3003 dicitnr
1727 2962 1801 3005 cum
1823 2958 1871 2998 sua

515 3055 584 3112 corp
606 3030 655 3091 vel
677 3054 794 3111 πεττειᾳ
817 3032 966 3092 collimare
996 3033 1035 3092 ad
1056 3032 1123 3093 loca
1146 3048 1275 3093 consona
1302 3032 1392 3091 radici
1424 3039 1557 3091 octavas.
1603 3030 1679 3091 Nam
1701 3032 1872 3108 frequenter

512 3119 568 3179 hae
590 3126 688 3195 partes
709 3120 739 3177 in
763 3122 860 3180 medio
882 3118 1023 3196 longioris
1051 3118 1197 3180 melodiae
1219 3126 1314 3179 tractu
1338 3126 1490 3179 versantur
1512 3120 1597 3179 'eirca
1618 3118 1685 3179 loca
1708 3118 1870 3178 dissonas
1898 3096 1899 3137 ¹

512 3209 607 3282 prima
626 3204 739 3281 radics;
761 3206 814 3267 sed
835 3207 866 3266 id
888 3206 921 3266 tit
942 3209 1094 3266 varietatis
1117 3224 1207 3266 causa
1229 3214 1332 3283 estque
1354 3205 1482 3285 perinde,
1506 3222 1541 3265 ac
1563 3209 1588 3265 si
1611 3208 1700 3283 priori
1723 3204 1869 3265 melodias
1898 3276 1899 3285 ἵ

513 3310 592 3355 nova
613 3291 741 3353 melodia
763 3296 940 3369 misceretur,
965 3294 1049 3371 cuius
1072 3297 1102 3351 in
1124 3292 1243 3354 dissono
1267 3294 1318 3353 illo
1341 3310 1451 3353 novum
1474 3292 1622 3371 quoddam
1650 3293 1796 3373 figeretur
1818 3291 1870 3347 iui-
1898 3286 1899 3315 ¹

513 3382 595 3453 tium,
619 3386 671 3439 eut
693 3397 803 3441 novum
823 3382 989 3459 signaretur
1011 3388 1135 3441 octavae
1158 3382 1297 3441 sceleton.
1343 3380 1395 3440 Est
1417 3378 1499 3441 velut
1522 3398 1660 3441 excursus
1682 3385 1710 3439 iu
1738 3381 1869 3442 oratioue

513 3485 567 3527 seu
589 3466 746 3544 digressio,
778 3471 879 3545 itaque
901 3486 958 3529 non
982 3484 1193 3529 commoramur
1215 3471 1245 3549 iu
1267 3468 1391 3543 talibus,
1422 3468 1475 3529 sed
1505 3470 1562 3529 cito
1585 3472 1762 3529 revertimur
1794 3464 1871 3525 velut
1898 3490 1899 3535 3

515 3554 553 3614 ad
576 3554 737 3631 principale
765 3554 902 3616 sceleton.
950 3556 987 3615 Et
1017 3555 1158 3632 quamdiu
1190 3558 1265 3617 circa
1295 3556 1414 3616 dissona
1437 3564 1570 3615 versatur
1592 3578 1661 3635 coep
1690 3562 1719 3615 et
1743 3574 1868 3639 nstrata,
1898 3562 1899 3611 1

438 3687 443 3695 .
514 3640 715 3717 intelligimus,
738 3650 854 3703 cantum
874 3643 1005 3703 noudum
1026 3644 1116 3719 finiri;
1139 3661 1206 3702 nam
1228 3645 1259 3701 iu
1281 3646 1346 3721 ipso
1369 3661 1439 3704 vero
1461 3642 1518 3702 flue
1540 3643 1720 3704 redeundum
1745 3650 1794 3703 est
1817 3654 1869 3697 nou

514 3738 630 3789 tantum
652 3729 691 3789 ad
713 3747 851 3806 consona,
874 3732 1046 3808 regulariter
1069 3730 1201 3809 quidem,
1224 3728 1277 3791 sed
1300 3730 1448 3791 etiamad
1471 3734 1564 3809 ipsam
1587 3735 1722 3810 propriae
1748 3738 1869 3791 octavae

515 3816 651 3877 radicem
696 3816 745 3876 Ab
774 3818 830 3879 hac
851 3818 1056 3879 articulatione
1080 3825 1242 3889 cantuset
1264 3818 1448 3878 affectatione
1472 3821 1727 3879 consonantiarum
1757 3824 1869 3877 veteres
1898 3860 1899 3875 ,

516 3907 604 3964 etiam
626 3904 792 3982 simplicem
815 3913 933 3966 cautum
955 3904 1136 3967 harmoniam
1159 3904 1267 3965 dixisse
1291 3904 1443 3981 videntur,
1466 3922 1525 3965 nou
1543 3923 1629 3967 secus
1646 3914 1741 3982 ,etque
1767 3904 1868 3963 decens
1898 3942 1899 3981 ,

438 4012 443 4019 ·
516 4000 546 4051 et
567 4000 654 4069 aptus
676 3993 871 4055 membrorum
892 4011 1067 4071 responsus,
1097 4010 1173 4071 quae
1195 3992 1305 4053 formae
1328 3994 1426 4055 anima
1448 3996 1511 4069 est,
1542 3992 1694 4055 harmonia
1717 3992 1868 4057 diceretur,
1898 4028 1899 4069 3

517 4082 602 4156 quasi
622 4078 825 4158 pulchritud03
847 4082 903 4142 tuit
924 4084 1002 4144 enim
1025 4090 1054 4142 et
1077 4083 1202 4143 lemiuae
1224 4097 1330 4141 nomeu
1353 4078 1524 4141 Harmonia.
1554 4082 1555 4085 ’
1898 4144 1899 4153 χ

602 4164 656 4226 IV.
680 4165 765 4242 Quod
794 4159 905 4249 ἀγωγην
926 4172 1046 4243 attinet,
1077 4186 1113 4229 ea
1141 4186 1255 4229 rursum
1277 4168 1361 4227 varia
1384 4176 1443 4245 est3
1473 4182 1533 4227 uon
1556 4185 1670 4245 semper
1693 4168 1772 4239 euim
1805 4168 1866 4223 actu
1898 4162 1899 4217 i

517 4255 617 4313 omnia
637 4253 705 4313 loca
734 4256 888 4333 interjecta
909 4259 1030 4337 transit,
1057 4255 1110 4316 sed
1138 4272 1228 4333 saepe
1258 4254 1398 4315 transsilit
1424 4256 1525 4331 eliqua
1554 4254 1689 4331 saltuque
1713 4254 1805 4314 terim
1834 4248 1868 4305 ab

517 4358 577 4400 nna
599 4337 638 4399 ad
659 4352 869 4403 consonantem
891 4342 952 4421 illi;
976 4351 1080 4421 estque
1102 4350 1172 4403 tuuc
1194 4340 1259 4402 sola
1280 4349 1427 4419 potestate
1444 4342 1551 4423 dyoyp,
1576 4350 1605 4401 et
1627 4342 1687 4405 lere
1709 4360 1792 4402 mere
1808 4354 1866 4398 usr-

519 4450 582 4489 rem
604 4426 652 4485 vel
674 4448 755 4506 corp,
787 4430 837 4506 qul
859 4440 925 4490 mos·
947 4438 992 4491 est
1013 4430 1264 4507 frequentissimus
1286 4431 1651 4523 nostrorumntuhiciuum,
1679 4448 1745 4489 cum
1768 4422 1867 4488 classi·

519 4532 587 4575 eum
610 4520 662 4579 eut
682 4516 861 4577 incentivum
892 4526 1026 4595 equestre
1048 4516 1251 4599 modulantur,
1283 4524 1353 4578 tuuc
1375 4521 1451 4578 euim
1481 4518 1540 4578 lere
1563 4517 1634 4577 nihil
1664 4518 1720 4577 nisi
1743 4514 1864 4577 sceleton

519 4608 645 4664 somnae
667 4600 800 4679 anditur3
822 4606 921 4684 cogita
942 4620 981 4667 au
1000 4604 1089 4681 hujus
1112 4607 1226 4682 generis
1248 4604 1334 4665 luerit
1357 4604 1406 4666 ibe
1429 4614 1562 4665 veterum
1584 4627 1669 4679 vopoc
1691 4602 1802 4684 ὄρθιος.

535 4749 538 4753 1
605 4688 644 4750 V.
669 4688 744 4751 (lum
774 4693 934 4752 concinnus
963 4699 1066 4752 cantus
1097 4698 1209 4753 constet
1239 4694 1301 4751 suis
1323 4688 1492 4768 elementis,
1523 4700 1690 4769 quaesunt
1717 4681 1863 4752 intervalia

521 4778 681 4852 conchna,
703 4780 828 4857 primum
851 4779 904 4839 illa
924 4787 994 4839 sunt
1015 4778 1179 4844 delinienda
1202 4782 1376 4859 accuratius,

606 4866 726 4943 Duplici
748 4882 875 4944 namque
897 4884 985 4927 seusu
1008 4866 1143 4927 dicuutur
1164 4866 1321 4928 intervalla
1343 4870 1488 4928 concinna
1510 4866 1559 4929 vel
1576 4867 1759 4926 inconcinna.
1804 4858 1861 4919 Pri·

521 4970 601 5013 mum
622 4956 701 5015 enim
723 4954 880 5016 intervalla
901 4957 1023 5016 seorsim
1045 4954 1163 5033 singula
1196 4962 1328 5032 respectu
1352 4962 1431 5015 ortus
1454 4956 1501 5015 sui
1534 4956 1675 5015 concinna
1697 4952 1745 5011 vel
1769 4952 1861 5008 iucou·

522 5042 608 5100 cinua
629 5038 771 5118 dicuntur,
794 5040 846 5104 illa
868 5042 995 5121 quidem,
1019 5060 1096 5120 qnae
1118 5037 1232 5103 natura
1245 5042 1373 5102 admittit
1397 5046 1427 5104 iu
1443 5042 1639 5102 divisionibus
1653 5038 1860 5100 intervallorum

523 5144 732 5205 consonornm,
755 5130 830 5190 haec
851 5148 939 5212 vero,
968 5148 1045 5208 quae
1067 5148 1103 5191 ex
1127 5132 1394 5207 comparationibus
1417 5132 1673 5190 consonantiarum
1695 5146 1754 5187 uon
1776 5116 1859 5184 resul-

522 5223 601 5289 tant,
631 5216 727 5276 aliena
748 5236 866 5297 prorsus
896 5220 933 5278 ab
957 5218 1139 5293 harmonice,
1167 5226 1200 5278 nt
1232 5210 1416 5295 explicatum
1438 5235 1500 5295 cap.
1525 5220 1554 5277 t.
1600 5215 1714 5277 Deinde
1738 5212 1858 5293 respecti

429 5378 437 5387 .
523 5304 615 5387 ipsius
644 5311 746 5365 cantus
777 5322 830 5367 seu
860 5304 1006 5368 melodiae
1035 5306 1189 5369 discrimen
1210 5305 1267 5367 hoc
1289 5314 1334 5367 est
1365 5308 1440 5367 inter
1461 5307 1527 5383 ipsa
1550 5306 1637 5367 etiam
1661 5305 1789 5383 musica,
1815 5303 1858 5378 sti

1897 2924 1899 2963 l
