4242 6384
654 783 834 865 Harmonicis.
868 782 951 841 Liber
967 784 1016 839 111.
1037 783 1126 853 Caput
1141 783 1187 841 IL
1540 783 1600 847 165

238 984 296 1025 nou
319 965 497 1027 discernunt
518 984 584 1031 eam
607 981 693 1025 66766
714 981 735 1023 6
751 962 867 1032 66667,
891 963 974 1039 justa
995 962 1179 1040 longitudine
1200 962 1291 1039 partis
1314 978 1383 1022 7676
1405 966 1601 1039 6666666606,

236 1065 264 1113 67
284 1054 443 1113 residuum
465 1054 545 1113 illins
568 1054 674 1113 37975
697 1068 756 1111 666
779 1057 825 1109 667
847 1050 1001 1111 5776757676
1030 1054 1124 1129 ipsius
1149 1051 1264 1111 67095.
1310 1049 1404 1111 Aliter
1427 1068 1498 1127 ergo
1527 1066 1600 1111 666-

236 1143 350 1200 6666577
375 1140 503 1219 duplum
531 1141 609 1199 illins
635 1140 759 1211 65950,
793 1138 1111 1215 617767766667075,
1145 1155 1211 1197 cum
1233 1140 1308 1197 inter
1329 1154 1362 1197 se
1394 1138 1520 1198 collatae
1543 1138 1600 1198 566

238 1227 361 1288 chordae
394 1229 547 1289 diversam
576 1244 681 1287 sonum
709 1226 827 1287 7667667.
873 1224 960 1300 Quod
986 1227 1081 1303 igitur
1111 1225 1316 1285 inharmonice
1345 1240 1403 1284 non
1433 1224 1600 1287 discernunt

238 1318 298 1373 illos
320 1333 427 1389 aures,
449 1316 484 1377 57
505 1316 590 1391 7566,
614 1317 685 1390 qnia
706 1312 836 1373 medinm
857 1330 1009 1373 nummum
1031 1314 1171 1392 probant,
1198 1314 1223 1373 si
1245 1330 1349 1373 6666776
1372 1304 1486 1373 ratione
1508 1329 1600 1373 6666-
1649 1330 1655 1341 ·

238 1416 286 1475 rar,
313 1402 439 1465 66717667
462 1406 586 1477 66667,
618 1410 651 1461 67
678 1401 743 1477 ejus
772 1401 1019 1479 complementum
1047 1400 1234 1474 67733333,
1269 1399 1420 1459 dimidium
1439 1416 1492 1460 ·sc
1519 1401 1600 1461 777766

238 1498 344 1551 aucte.

315 1576 467 1639 stabilito
485 1577 550 1651 jam
570 1593 675 1637 6677666
697 1578 832 1635 acumine
854 1577 883 1633 76
906 1572 1118 1650 dijudicatione
1140 1573 1310 1635 barmoniae
1331 1576 1349 1632 2
1374 1574 1446 1634 653
1470 1576 1599 1651 itemquo

243 1664 310 1723 lad
335 1667 370 1738 3,
398 1665 533 1740 sequitur
555 1670 588 1723 ut
609 1663 742 1723 similiter
766 1665 854 1723 etiam
878 1661 914 1722 de
938 1666 956 1719 2
980 1669 1010 1721 67
1033 1658 1052 1721 3
1078 1678 1144 1721 6667
1169 1662 1186 1719 5
1206 1660 1381 1737 judicemus,
1407 1662 1502 1739 deque
1527 1666 1542 1721 l
1570 1672 1600 1722 et

244 1755 342 1811 icum
368 1754 403 1811 4.
448 1751 526 1811 77667
547 1753 573 1810 67
599 1751 706 1811 59785
730 1758 904 1810 consonaret
926 1766 993 1812 cnm
1018 1750 1155 1823 100000,
1178 1756 1268 1825 atque
1290 1752 1333 1808 676
1347 1752 1434 1808 etiam
1450 1750 1599 1810 resldnnnr

244 1841 348 1912 75715,
377 1845 459 1901 66676
481 1839 539 1913 566
561 1855 620 1899 nou
642 1846 687 1899 est
710 1838 763 1899 566
786 1838 823 1897 (76
845 1837 904 1909 7116,
929 1854 996 1898 cnm
1017 1845 1115 1897 tamen
1139 1836 1234 1895 bessis
1258 1840 1449 1895 consonantia
1470 1838 1599 1914 perlecta

239 1926 399 1996 jmtrficata
417 1925 483 2002 jam
503 1927 552 1997 sit,
573 1943 616 1985 sc.
643 1927 749 1985 60000
771 1943 838 1985 cnm
862 1925 979 1984 40000.
1023 1924 1091 1985 1766
1114 1932 1200 2001 pacto
1224 1924 1396 1985 transfertur
1418 1925 1549 1999 auditne,
1573 1927 1599 1983 67

242 2018 344 2075 ratione
370 2021 508 2087 acuatur,
530 2015 570 2073 ab
593 2032 653 2074 nna
674 2016 805 2073 sectione
827 2012 866 2073 ad
888 2012 995 2086 aliam,
1017 2013 1160 2089 incipieus
1183 2012 1223 2071 ab
1244 2014 1379 2084 unisono,
1404 2013 1488 2087 eujus
1512 2014 1598 2089 agni-

241 2104 272 2157 rio
293 2112 324 2161 67
348 2100 530 2177 5776576656
553 2108 598 2162 667
619 2100 776 2171 7667777766,
806 2117 899 2176 usque
928 2098 999 2157 dum
1020 2116 1122 2159 omnes
1152 2100 1312 2174 pervadat,
1340 2100 1467 2177 p'robans
1490 2108 1598 2177 partes,

242 2205 306 2261 onas
328 2191 395 2249 mei
418 2189 531 2248 numeri
553 2190 688 2265 signant,
712 2186 869 2266 repudians
891 2186 1079 2248 mechanicas
1101 2188 1186 2263 primi
1209 2185 1327 2247 ordinis.

317 2276 403 2335 Vide
427 2278 645 2351 argutissimum
672 2275 761 2341 aliam
789 2276 878 2351 bajus
899 2278 1016 2351 generis
1038 2276 1335 2349 contemperationem
1363 2274 1442 2351 apud
1465 2274 1597 2334 Vincen-

242 2364 303 2420 riom
326 2362 513 2436 Galilaenm,
536 2381 596 2423 non
617 2365 783 2439 ignorantia
799 2363 1054 2424 ‚demonstrativas
1074 2376 1214 2423 sonorum
1230 2364 1411 2438 quantitatis,
1435 2360 1486 2421 665
1501 2362 1598 2421 6777576

241 2451 377 2525 singulari
400 2452 529 2525 sactam3
557 2459 647 2527 atque
669 2468 726 2527 ego
748 2451 867 2527 quidem
889 2467 975 2509 nsum
1003 2451 1068 2526 ejus
1091 2448 1293 2512 mechanicum
1319 2466 1463 2525 agnosco,
1492 2456 1525 2507 ut
1545 2464 1597 2509 or-

243 2540 317 2607 ganis
340 2538 453 2599 665667
474 2555 550 2616 pene
571 2539 708 2599 libertate
730 2538 920 2610 intensionis,
952 2545 1097 2625 quaeest
1124 2540 1154 2595 76
1177 2537 1307 2599 hnmana
1330 2554 1419 2610 7666,
1451 2538 1598 2613 possimus

243 2628 290 2697 nti,
311 2626 353 2685 ad
377 2626 612 2702 speculationem
635 2644 722 2698 7676,
752 2628 810 2685 7766
841 2626 879 2687 65
902 2632 1036 2690 naturam
1065 2631 1169 2685 cantus
1192 2624 1420 2700 dignoscendam
1451 2626 1599 2700 pernicio·

244 2729 299 2769 sam
321 2716 465 2773 existimo
497 2730 633 2789 quaeque
655 2713 711 2772 hoc
739 2714 863 2786 67776767,
897 2722 929 2771 nt
957 2730 1098 2789 organum
1121 2714 1330 2787 ingenuitatem
1354 2712 1472 2771 humani
1497 2719 1599 2771 cantus

246 2816 303 2858 rere
325 2817 484 2877 nunquam
505 2808 689 2878 6666666767.

765 3027 770 3037 ’
811 3048 954 3123 curor
981 3049 1034 3121 77.
1114 3102 1118 3109 .

249 3208 285 3263 56
310 3214 570 3281 diagrammate,
595 3211 660 3263 hoc
678 3218 731 3265 est
749 3190 957 3269 chordarum
983 3231 1041 3270 sen
1059 3228 1176 3269 vocum
1195 3210 1420 3267 denotatione
1438 3210 1599 3267 moderna

346 3318 412 3371 per
433 3299 544 3364 lineas
567 3305 600 3353 67
623 3298 748 3353 literas
767 3299 945 3389 alphabeti
969 3309 1002 3355 67
1020 3309 1136 3371 66766,
1163 3300 1273 3373 doque
1299 3306 1494 3371 systemate.

321 3478 390 3537 Non
415 3478 552 3539 67661776
575 3485 705 3555 766667,
735 3476 788 3538 665
810 3496 917 3557 sequor
939 3498 994 3557 ego
1017 3482 1146 3541 rationes
1170 3480 1360 3539 necessarias.
1406 3479 1512 3541 Musici
1527 3498 1599 3540 nos·

253 3571 301 3621 trae
329 3567 441 3627 aetatis
469 3569 594 3643 pingunt
624 3564 749 3635 chordas
770 3565 856 3626 aliter
877 3566 907 3625 in
932 3568 1193 3646 diagrammatibns
1215 3566 1430 3641 testudinarlis,
1461 3568 1547 3627 617767
1569 3570 1599 3625 76

253 3656 385 3715 materiis
431 3652 499 3713 Illic
528 3656 606 3715 enim
635 3652 769 3730 singulae
799 3653 895 3715 lineae
927 3654 1146 3732 diagrammatle
1175 3653 1306 3731 singulas
1335 3654 1460 3715 chordas
1486 3662 1598 3728 notant,

255 3754 362 3811 qnamm
386 3740 539 3821 quaelibet
559 3758 611 3817 pro
635 3741 759 3818 57767616
783 3743 911 3801 76677566
928 3742 1060 3803 57767666
1076 3750 1226 3821 praestant
1241 3742 1364 3815 6667766,
1387 3745 1413 3803 67
1432 3742 1597 3820 6676667677

254 3826 275 3879 ln
293 3830 429 3887 cantoriis
453 3828 532 3905 typis
554 3846 613 3889 non
635 3828 732 3889 176666
755 3836 869 3888 tautum
891 3821 1029 3909 singulae
1047 3830 1179 3907 singulas
1195 3846 1293 3889 ,76666
1315 3846 1368 3895 son
1389 3829 1523 3905 (7567566,
1546 3828 1598 3891 665

254 3912 304 3985 ipsa
325 3908 419 3975 etiam'
439 3916 595 3977 intervalla
618 3914 740 3997 duarum
757 3915 899 3977 linearum
921 3918 1088 3993 significant
1110 3934 1200 3979 unam
1222 3916 1361 3977 chordam
1383 3917 1597 3979 intermediam.

325 4002 393 4064 Hoc
415 4012 503 4078 pacto
527 4006 546 4061 4
578 4002 673 4063 176666
697 4012 880 4065 transversae
908 3998 974 4071 cum
1004 4007 1098 4066 tribus
1120 4002 1281 4067 intervallis
1305 4002 1446 4063 denotant
1471 4007 1487 4063 7
1511 4005 1599 4069 cbor·

257 4084 296 4144 das
316 4100 344 4149 et
367 4091 386 4150 5
410 4089 504 4150 lineae
533 4108 599 4157 cnm
624 4094 642 4149 4
666 4091 830 4151 intervallis
859 4092 982 4153 chordas
1011 4110 1127 4153 novem.
1173 4089 1287 4151 Deinde
1317 4092 1482 4167 exprimunt
1508 4108 1599 4153 76666

256 4181 337 4235 canori
359 4180 530 4255 systematis
554 4178 601 4261 761
617 4180 694 4238 66776
709 4178 917 4257 peculiaribus,
941 4198 995 4241 sno
1012 4178 1177 4257 quamlibet
1191 4180 1256 4238 loco
1273 4176 1495 4253 diagrammatis
1510 4176 1598 4259 (quae

256 4270 327 4322 notae
347 4264 437 4324 simul
461 4268 600 4341 temporis
623 4284 789 4327 mensnram
811 4264 964 4349 innuunt),
987 4268 1035 4329 761
1058 4268 1151 4327 1776776
1164 4258 1324 4341 ¹alphabeti
1348 4267 1449 4341 primis
1471 4273 1599 4342 septem,

259 4347 295 4441 771
315 4350 442 4429 deniqne
457 4370 509 4411 sex
524 4352 661 4430 syllabis,
684 4362 728 4430 ut,
751 4373 799 4431 rc,
817 4357 870 4431 mi,
892 4358 939 4435 fa,
962 4356 1014 4430 sol,
1038 4356 1079 4431 76,
1105 4354 1163 4429 761,
1187 4361 1221 4413 67
1235 4353 1324 4415 56576
1338 4352 1461 4430 Belgae,
1485 4360 1598 4431 septem

259 4437 323 4509 istis,
344 4440 411 4512 Bo,
435 4457 481 4513 ce,
504 4439 550 4513 dt,
574 4460 632 4515 po,
657 4440 703 4513 lo,
727 4460 794 4516 ma,
817 4446 860 4501 67.

327 4525 402 4586 Nam
424 4530 495 4603 quia
517 4538 620 4587 cantus
644 4546 752 4609 genera
774 4528 833 4589 duo
856 4538 933 4605 sunt,
959 4528 1063 4588 durum
1078 4536 1107 4591 67
1122 4526 1219 4601 molle,
1243 4545 1367 4603 quorum
1387 4530 1426 4589 ab
1441 4546 1599 4603 unacum-

260 4614 320 4667 6767
341 4632 414 4674 7666
438 4616 497 4673 ima
519 4616 702 4693 inceptorum
724 4617 797 4677 baec
819 4626 864 4677 est
887 4617 1069 4689 5766766776,
1099 4615 1180 4692 quod
1202 4618 1299 4675 tortia·
1314 4624 1345 4675 st
1366 4624 1450 4677 66776
1473 4620 1503 4675 76
1526 4616 1598 4676 5676

262 4704 328 4757 taum
348 4709 418 4761 6667
439 4719 499 4761 666
522 4700 596 4763 (17667
619 4704 738 4763 61776766
761 4724 850 4781 quam
873 4706 901 4762 in
926 4705 1027 4778 molli,
1052 4703 1178 4775 chordae
1201 4704 1317 4778 itaque,
1344 4707 1431 4763 767776
1452 4711 1482 4764 67
1505 4713 1602 4778 sexta,

261 4795 305 4841 777
324 4798 446 4863 possunt
468 4807 585 4849 manere
608 4790 729 4851 stabiles
753 4794 782 4849 76
806 4805 930 4869 utroque
953 4799 1058 4866 cautu,
1089 4790 1141 4851 ssd
1165 4797 1280 4868 oportet
1293 4788 1368 4868 77166
1381 4834 1384 4841 .
1397 4790 1602 4871 velpgenrinas

263 4865 335 4933 776676
356 4880 386 4934 76
408 4878 608 4938 instrumentis
631 4877 660 4939 67
684 4881 811 4954 organis,
835 4891 868 4937 ut
890 4879 1000 4939 lactum
1022 4882 1052 4936 in
1075 4880 1202 4939 numeris
1225 4894 1289 4954 cap.
1315 4880 1342 4948 7,
1370 4877 1417 4937 767
1440 4885 1520 4937 76676
1543 4896 1599 4937 76-

262 4955 331 5035 77776,
359 4972 392 5023 67
414 4963 501 5023 67656
531 4964 642 5025 7667667
671 4966 742 5024 olim
770 4968 799 5023 in
821 4965 886 5043 lyra
918 4979 948 5027 67
970 4967 1147 5045 syringibus.
1192 4963 1303 5023 Eadem
1328 4962 1599 5042 daldiagrammste

265 5051 286 5097 st
308 5066 372 5111 7666
393 5050 524 5113 humana
545 5061 615 5113 sunt
638 5050 771 5115 dicenda.
817 5054 891 5113 Cum
914 5056 991 5115 enim
1014 5071 1066 5131 pro
1097 5054 1248 5129 utriusque
1271 5054 1385 5125 generis
1408 5056 1532 5127 octavis,
1558 5055 1597 5113 65

265 5130 341 5195 todem
364 5138 461 5199 radice
484 5140 681 5216 surgentibus,
705 5159 797 5201 unum
818 5141 914 5201 solum
927 5140 1109 5217 diagramma
1131 5139 1181 5199 567
1208 5140 1297 5213 inque
1320 5155 1355 5199 66
1386 5148 1500 5203 76677767
1531 5150 1600 5203 6676

267 5211 325 5297 7777,
353 5235 419 5289 6676
442 5244 580 5292 sonorum
602 5226 733 5301 indices,
763 5229 802 5290 ab
831 5238 956 5309 utroque
986 5246 1056 5289 sero
1086 5244 1192 5311 genere
1216 5232 1318 5287 cautus
1350 5230 1379 5285 in
1403 5247 1493 5297 unam
1515 5238 1599 5291 6676-
