<?xml version="1.0" encoding="UTF-8"?>
<!DOCTYPE html PUBLIC "-//W3C//DTD XHTML 1.0 Transitional//EN"
    "http://www.w3.org/TR/xhtml1/DTD/xhtml1-transitional.dtd">
<html xmlns="http://www.w3.org/1999/xhtml" xml:lang="en" lang="en">
 <head>
  <title>
</title>
<meta http-equiv="Content-Type" content="text/html;charset=utf-8" />
  <meta name='ocr-system' content='tesseract 3.04.00' />
  <meta name='ocr-capabilities' content='ocr_page ocr_carea ocr_par ocr_line ocrx_word'/>
</head>
<body>
  <div class='ocr_page' id='page_1' title='image "./joanniskepleria20frisgoog_0467.png"; bbox 0 0 4242 6384; ppageno 0'>
   <div class='ocr_carea' id='block_1_1' title="bbox 847 787 1594 858">
    <p class='ocr_par' dir='ltr' id='par_1_1' title="bbox 847 787 1594 858">
     <span class='ocr_line' id='line_1_1' title="bbox 847 787 1594 858; baseline -0.003 -2"><span class='ocrx_word' id='word_1_1' title='bbox 847 787 989 858; x_wconf 79' lang='lat' dir='ltr'><strong><em>spaogn.</em></strong></span> <span class='ocrx_word' id='word_1_2' title='bbox 1530 797 1594 855; x_wconf 82' lang='lat' dir='ltr'><strong><em>sea</em></strong></span> 
     </span>
    </p>
   </div>
   <div class='ocr_carea' id='block_1_2' title="bbox 255 947 1598 1394">
    <p class='ocr_par' dir='ltr' id='par_1_2' title="bbox 255 947 1598 1394">
     <span class='ocr_line' id='line_1_2' title="bbox 261 947 1598 1041; baseline 0.004 -19"><span class='ocrx_word' id='word_1_3' title='bbox 261 963 320 1023; x_wconf 79' lang='lat' dir='ltr'><strong><em>lim</em></strong></span> <span class='ocrx_word' id='word_1_4' title='bbox 340 967 373 1022; x_wconf 89' lang='lat' dir='ltr'><strong><em>in</em></strong></span> <span class='ocrx_word' id='word_1_5' title='bbox 394 963 429 1023; x_wconf 83' lang='lat' dir='ltr'><strong><em>id</em></strong></span> <span class='ocrx_word' id='word_1_6' title='bbox 449 983 507 1025; x_wconf 89' lang='lat' dir='ltr'><strong><em>ease</em></strong></span> <span class='ocrx_word' id='word_1_7' title='bbox 530 965 645 1025; x_wconf 75' lang='lat' dir='ltr'>dixeras</span> <span class='ocrx_word' id='word_1_8' title='bbox 665 965 861 1041; x_wconf 71' lang='lat' dir='ltr'><strong><em>pyramidem</em></strong></span> <span class='ocrx_word' id='word_1_9' title='bbox 883 971 978 1037; x_wconf 89' lang='lat' dir='ltr'><strong><em>tuom,</em></strong></span> <span class='ocrx_word' id='word_1_10' title='bbox 1002 973 1038 1026; x_wconf 88' lang='lat' dir='ltr'><strong><em>ut</em></strong></span> <span class='ocrx_word' id='word_1_11' title='bbox 1059 969 1124 1040; x_wconf 78' lang='lat' dir='ltr'><strong><em>ejus</em></strong></span> <span class='ocrx_word' id='word_1_12' title='bbox 1138 970 1286 1026; x_wconf 84' lang='lat' dir='ltr'><strong><em>materiae</em></strong></span> <span class='ocrx_word' id='word_1_13' title='bbox 1308 968 1495 1034; x_wconf 71' lang='lat' dir='ltr'><strong><em>idmtitrnm</em></strong></span> <span class='ocrx_word' id='word_1_14' title='bbox 1520 947 1598 1029; x_wconf 58' lang='lat' dir='ltr'><strong><em>con-⁴</em></strong></span> 
     </span>
     <span class='ocr_line' id='line_1_3' title="bbox 259 1053 1598 1130; baseline 0.006 -22"><span class='ocrx_word' id='word_1_15' title='bbox 259 1053 464 1128; x_wconf 74' lang='lat' dir='ltr'><strong><em>sacraremus,-</em></strong></span> <span class='ocrx_word' id='word_1_16' title='bbox 485 1061 525 1111; x_wconf 87' lang='lat' dir='ltr'><strong><em>at</em></strong></span> <span class='ocrx_word' id='word_1_17' title='bbox 553 1053 616 1130; x_wconf 91' lang='lat' dir='ltr'><strong><em>jem</em></strong></span> <span class='ocrx_word' id='word_1_18' title='bbox 647 1053 685 1111; x_wconf 88' lang='lat' dir='ltr'><strong><em>ad</em></strong></span> <span class='ocrx_word' id='word_1_19' title='bbox 714 1060 839 1112; x_wconf 88' lang='lat' dir='ltr'><strong><em>mentem</em></strong></span> <span class='ocrx_word' id='word_1_20' title='bbox 870 1069 1007 1126; x_wconf 82' lang='lat' dir='ltr'>revocas,</span> <span class='ocrx_word' id='word_1_21' title='bbox 1037 1055 1209 1130; x_wconf 76' lang='lat' dir='ltr'><strong><em>pyramidis</em></strong></span> <span class='ocrx_word' id='word_1_22' title='bbox 1236 1056 1467 1126; x_wconf 80' lang='lat' dir='ltr'><strong><em>mathematicae</em></strong></span> <span class='ocrx_word' id='word_1_23' title='bbox 1493 1073 1598 1116; x_wconf 90' lang='lat' dir='ltr'><strong><em>omnes</em></strong></span> 
     </span>
     <span class='ocr_line' id='line_1_4' title="bbox 255 1139 1594 1219; baseline 0.004 -23"><span class='ocrx_word' id='word_1_24' title='bbox 255 1147 346 1213; x_wconf 83' lang='lat' dir='ltr'><strong><em>partes</em></strong></span> <span class='ocrx_word' id='word_1_25' title='bbox 369 1155 427 1198; x_wconf 82' lang='lat' dir='ltr'><strong><em>esse</em></strong></span> <span class='ocrx_word' id='word_1_26' title='bbox 449 1139 581 1214; x_wconf 84' lang='lat' dir='ltr'><strong><em>ejusdem</em></strong></span> <span class='ocrx_word' id='word_1_27' title='bbox 604 1143 764 1212; x_wconf 87' lang='lat' dir='ltr'><strong><em>materiae,</em></strong></span> <span class='ocrx_word' id='word_1_28' title='bbox 787 1157 944 1215; x_wconf 88' lang='lat' dir='ltr'><strong><em>unamque</em></strong></span> <span class='ocrx_word' id='word_1_29' title='bbox 966 1143 1170 1218; x_wconf 76' lang='lat' dir='ltr'><strong><em>ejasporrem</em></strong></span> <span class='ocrx_word' id='word_1_30' title='bbox 1192 1144 1406 1219; x_wconf 77' lang='lat' dir='ltr'><strong><em>homopeueom</em></strong></span> <span class='ocrx_word' id='word_1_31' title='bbox 1428 1156 1498 1202; x_wconf 76' lang='lat' dir='ltr'><strong><em>mern</em></strong></span> <span class='ocrx_word' id='word_1_32' title='bbox 1521 1145 1594 1218; x_wconf 87' lang='lat' dir='ltr'><strong><em>alia,</em></strong></span> 
     </span>
     <span class='ocr_line' id='line_1_5' title="bbox 257 1225 1554 1306; baseline 0.005 -24"><span class='ocrx_word' id='word_1_33' title='bbox 257 1225 369 1301; x_wconf 84' lang='lat' dir='ltr'><strong><em>ideoque</em></strong></span> <span class='ocrx_word' id='word_1_34' title='bbox 391 1226 434 1283; x_wconf 90' lang='lat' dir='ltr'><strong><em>ad</em></strong></span> <span class='ocrx_word' id='word_1_35' title='bbox 454 1229 611 1287; x_wconf 86' lang='lat' dir='ltr'><strong><em>meliorem</em></strong></span> <span class='ocrx_word' id='word_1_36' title='bbox 631 1229 753 1298; x_wconf 83' lang='lat' dir='ltr'><strong><em>subjecti</em></strong></span> <span class='ocrx_word' id='word_1_37' title='bbox 775 1229 1003 1301; x_wconf 71' lang='lat' dir='ltr'><em>explicationem</em></span> <span class='ocrx_word' id='word_1_38' title='bbox 1028 1237 1054 1287; x_wconf 90' lang='lat' dir='ltr'><strong><em>te</em></strong></span> <span class='ocrx_word' id='word_1_39' title='bbox 1074 1230 1177 1306; x_wconf 73' lang='lat' dir='ltr'><strong><em>fecisse</em></strong></span> <span class='ocrx_word' id='word_1_40' title='bbox 1196 1237 1300 1304; x_wconf 89' lang='lat' dir='ltr'><strong><em>partes</em></strong></span> <span class='ocrx_word' id='word_1_41' title='bbox 1323 1231 1472 1306; x_wconf 84' lang='lat' dir='ltr'><strong><em>aequales.</em></strong></span> <span class='ocrx_word' id='word_1_42' title='bbox 1551 1255 1554 1259; x_wconf 46' lang='lat'><strong>²</strong></span> 
     </span>
     <span class='ocr_line' id='line_1_6' title="bbox 333 1307 1595 1394; baseline 0.003 -24"><span class='ocrx_word' id='word_1_43' title='bbox 333 1313 521 1390; x_wconf 84' lang='lat' dir='ltr'><strong><em>Pyramidem</em></strong></span> <span class='ocrx_word' id='word_1_44' title='bbox 542 1325 623 1372; x_wconf 89' lang='lat' dir='ltr'><strong><em>tuam</em></strong></span> <span class='ocrx_word' id='word_1_45' title='bbox 647 1315 715 1372; x_wconf 90' lang='lat' dir='ltr'><strong><em>dnm</em></strong></span> <span class='ocrx_word' id='word_1_46' title='bbox 739 1314 824 1373; x_wconf 87' lang='lat' dir='ltr'><strong><em>doces</em></strong></span> <span class='ocrx_word' id='word_1_47' title='bbox 847 1311 1034 1391; x_wconf 87' lang='lat' dir='ltr'><strong><em>physicarum</em></strong></span> <span class='ocrx_word' id='word_1_48' title='bbox 1058 1307 1334 1394; x_wconf 66' lang='lat' dir='ltr'><strong>contemplationum</strong></span> <span class='ocrx_word' id='word_1_49' title='bbox 1359 1333 1449 1376; x_wconf 89' lang='lat' dir='ltr'><strong><em>causa</em></strong></span> <span class='ocrx_word' id='word_1_50' title='bbox 1474 1334 1595 1394; x_wconf 82' lang='lat' dir='ltr'><strong><em>expres-</em></strong></span> 
     </span>
    </p>
   </div>
   <div class='ocr_carea' id='block_1_3' title="bbox 240 1401 1662 5232">
    <p class='ocr_par' dir='ltr' id='par_1_3' title="bbox 247 1401 1662 3048">
     <span class='ocr_line' id='line_1_7' title="bbox 256 1401 1597 1478; baseline 0.004 -22"><span class='ocrx_word' id='word_1_51' title='bbox 256 1417 328 1468; x_wconf 89' lang='lat' dir='ltr'><strong><em>sam,</em></strong></span> <span class='ocrx_word' id='word_1_52' title='bbox 358 1419 393 1458; x_wconf 86' lang='lat' dir='ltr'><strong><em>or</em></strong></span> <span class='ocrx_word' id='word_1_53' title='bbox 418 1418 453 1459; x_wconf 89' lang='lat' dir='ltr'><strong><em>eo</em></strong></span> <span class='ocrx_word' id='word_1_54' title='bbox 477 1401 566 1472; x_wconf 86' lang='lat' dir='ltr'><strong><em>dicis,</em></strong></span> <span class='ocrx_word' id='word_1_55' title='bbox 600 1419 669 1460; x_wconf 91' lang='lat' dir='ltr'><strong><em>eom</em></strong></span> <span class='ocrx_word' id='word_1_56' title='bbox 691 1404 788 1476; x_wconf 73' lang='lat' dir='ltr'><strong><em>magis</em></strong></span> <span class='ocrx_word' id='word_1_57' title='bbox 810 1419 868 1459; x_wconf 86' lang='lat' dir='ltr'><strong><em>esse</em></strong></span> <span class='ocrx_word' id='word_1_58' title='bbox 888 1401 1067 1476; x_wconf 80' lang='lat' dir='ltr'><strong><em>formalem,</em></strong></span> <span class='ocrx_word' id='word_1_59' title='bbox 1096 1421 1191 1478; x_wconf 86' lang='lat' dir='ltr'><strong><em>quom</em></strong></span> <span class='ocrx_word' id='word_1_60' title='bbox 1221 1412 1257 1462; x_wconf 91' lang='lat' dir='ltr'><strong><em>ut</em></strong></span> <span class='ocrx_word' id='word_1_61' title='bbox 1281 1405 1336 1463; x_wconf 86' lang='lat' dir='ltr'><strong><em>sub</em></strong></span> <span class='ocrx_word' id='word_1_62' title='bbox 1358 1403 1597 1463; x_wconf 73' lang='lat' dir='ltr'><strong><em>consideratione</em></strong></span> 
     </span>
     <span class='ocr_line' id='line_1_8' title="bbox 256 1487 1596 1566; baseline 0.005 -23"><span class='ocrx_word' id='word_1_63' title='bbox 256 1487 460 1546; x_wconf 84' lang='lat' dir='ltr'><strong><em>mathematico</em></strong></span> <span class='ocrx_word' id='word_1_64' title='bbox 483 1487 694 1562; x_wconf 73' lang='lat' dir='ltr'><strong><em>comprehendi</em></strong></span> <span class='ocrx_word' id='word_1_65' title='bbox 714 1492 814 1564; x_wconf 85' lang='lat' dir='ltr'><strong><em>possit.</em></strong></span> <span class='ocrx_word' id='word_1_66' title='bbox 850 1487 986 1546; x_wconf 68' lang='lat' dir='ltr'><strong><em>Marsum</em></strong></span> <span class='ocrx_word' id='word_1_67' title='bbox 1009 1489 1122 1565; x_wconf 88' lang='lat' dir='ltr'><strong><em>aliquid</em></strong></span> <span class='ocrx_word' id='word_1_68' title='bbox 1145 1490 1283 1566; x_wconf 79' lang='lat' dir='ltr'><strong><em>proficio,</em></strong></span> <span class='ocrx_word' id='word_1_69' title='bbox 1318 1491 1397 1566; x_wconf 92' lang='lat' dir='ltr'><strong><em>quod</em></strong></span> <span class='ocrx_word' id='word_1_70' title='bbox 1421 1493 1497 1550; x_wconf 92' lang='lat' dir='ltr'><strong><em>enim</em></strong></span> <span class='ocrx_word' id='word_1_71' title='bbox 1521 1491 1596 1550; x_wconf 91' lang='lat' dir='ltr'><strong><em>hao-</em></strong></span> 
     </span>
     <span class='ocr_line' id='line_1_9' title="bbox 254 1573 1595 1655; baseline 0.002 -24"><span class='ocrx_word' id='word_1_72' title='bbox 254 1583 329 1632; x_wconf 89' lang='lat' dir='ltr'><strong><em>tenns</em></strong></span> <span class='ocrx_word' id='word_1_73' title='bbox 350 1575 469 1634; x_wconf 88' lang='lat' dir='ltr'><strong><em>scholae</em></strong></span> <span class='ocrx_word' id='word_1_74' title='bbox 492 1583 664 1634; x_wconf 86' lang='lat' dir='ltr'><strong><em>concretum</em></strong></span> <span class='ocrx_word' id='word_1_75' title='bbox 689 1574 831 1648; x_wconf 72' lang='lat' dir='ltr'><strong><em>dixernrpt,</em></strong></span> <span class='ocrx_word' id='word_1_76' title='bbox 856 1575 887 1633; x_wconf 88' lang='lat' dir='ltr'><strong><em>tn</em></strong></span> <span class='ocrx_word' id='word_1_77' title='bbox 911 1573 1042 1654; x_wconf 79' lang='lat' dir='ltr'>appellas</span> <span class='ocrx_word' id='word_1_78' title='bbox 1064 1579 1203 1655; x_wconf 68' lang='lat' dir='ltr'><strong><em>formale.</em></strong></span> <span class='ocrx_word' id='word_1_79' title='bbox 1248 1576 1335 1637; x_wconf 88' lang='lat' dir='ltr'><strong><em>Utere</em></strong></span> <span class='ocrx_word' id='word_1_80' title='bbox 1368 1579 1490 1636; x_wconf 86' lang='lat' dir='ltr'><strong><em>vocibus</em></strong></span> <span class='ocrx_word' id='word_1_81' title='bbox 1513 1579 1595 1636; x_wconf 89' lang='lat' dir='ltr'><strong><em>arhi-</em></strong></span> 
     </span>
     <span class='ocr_line' id='line_1_10' title="bbox 254 1662 1594 1740; baseline 0.003 -22"><span class='ocrx_word' id='word_1_82' title='bbox 254 1671 320 1718; x_wconf 88' lang='lat' dir='ltr'><strong><em>trern</em></strong></span> <span class='ocrx_word' id='word_1_83' title='bbox 344 1671 410 1734; x_wconf 91' lang='lat' dir='ltr'><strong><em>tuo,</em></strong></span> <span class='ocrx_word' id='word_1_84' title='bbox 443 1662 513 1721; x_wconf 92' lang='lat' dir='ltr'><strong><em>mihi</em></strong></span> <span class='ocrx_word' id='word_1_85' title='bbox 538 1663 700 1721; x_wconf 86' lang='lat' dir='ltr'><strong><em>formalitas</em></strong></span> <span class='ocrx_word' id='word_1_86' title='bbox 732 1664 826 1720; x_wconf 90' lang='lat' dir='ltr'><strong><em>omnis</em></strong></span> <span class='ocrx_word' id='word_1_87' title='bbox 857 1679 894 1738; x_wconf 84' lang='lat' dir='ltr'><strong><em>ex</em></strong></span> <span class='ocrx_word' id='word_1_88' title='bbox 916 1666 1077 1740; x_wconf 75' lang='lat' dir='ltr'><strong>geometria</strong></span> <span class='ocrx_word' id='word_1_89' title='bbox 1106 1671 1164 1735; x_wconf 85' lang='lat' dir='ltr'><strong><em>est,</em></strong></span> <span class='ocrx_word' id='word_1_90' title='bbox 1194 1664 1298 1724; x_wconf 89' lang='lat' dir='ltr'><strong><em>saltem</em></strong></span> <span class='ocrx_word' id='word_1_91' title='bbox 1330 1664 1467 1737; x_wconf 85' lang='lat' dir='ltr'><strong><em>mentali,</em></strong></span> <span class='ocrx_word' id='word_1_92' title='bbox 1499 1668 1594 1724; x_wconf 87' lang='lat' dir='ltr'><strong><em>omnis</em></strong></span> 
     </span>
     <span class='ocr_line' id='line_1_11' title="bbox 254 1748 1621 1827; baseline 0.004 -22"><span class='ocrx_word' id='word_1_93' title='bbox 254 1748 407 1824; x_wconf 85' lang='lat' dir='ltr'><strong><em>applicatio</em></strong></span> <span class='ocrx_word' id='word_1_94' title='bbox 430 1751 557 1824; x_wconf 88' lang='lat' dir='ltr'><strong><em>partium</em></strong></span> <span class='ocrx_word' id='word_1_95' title='bbox 581 1766 759 1826; x_wconf 86' lang='lat' dir='ltr'><strong><em>operumque</em></strong></span> <span class='ocrx_word' id='word_1_96' title='bbox 782 1756 903 1809; x_wconf 90' lang='lat' dir='ltr'><strong><em>naturae</em></strong></span> <span class='ocrx_word' id='word_1_97' title='bbox 927 1749 964 1808; x_wconf 88' lang='lat' dir='ltr'><strong><em>ad</em></strong></span> <span class='ocrx_word' id='word_1_98' title='bbox 987 1753 1140 1810; x_wconf 77' lang='lat' dir='ltr'><strong>materiam</strong></span> <span class='ocrx_word' id='word_1_99' title='bbox 1162 1752 1259 1827; x_wconf 84' lang='lat' dir='ltr'><strong><em>adque</em></strong></span> <span class='ocrx_word' id='word_1_100' title='bbox 1274 1752 1437 1826; x_wconf 90' lang='lat' dir='ltr'><strong><em>subjectam</em></strong></span> <span class='ocrx_word' id='word_1_101' title='bbox 1460 1752 1591 1810; x_wconf 84' lang='lat' dir='ltr'><strong><em>retertur.</em></strong></span> <span class='ocrx_word' id='word_1_102' title='bbox 1615 1802 1621 1811; x_wconf 83' lang='grc'><strong><em>,</em></strong></span> 
     </span>
     <span class='ocr_line' id='line_1_12' title="bbox 252 1835 1662 1923; baseline 0.004 -33"><span class='ocrx_word' id='word_1_103' title='bbox 252 1835 365 1893; x_wconf 87' lang='lat' dir='ltr'><strong><em>inu-rim</em></strong></span> <span class='ocrx_word' id='word_1_104' title='bbox 388 1838 556 1896; x_wconf 86' lang='lat' dir='ltr'><strong><em>meminisse</em></strong></span> <span class='ocrx_word' id='word_1_105' title='bbox 580 1846 608 1895; x_wconf 90' lang='lat' dir='ltr'><strong><em>tc</em></strong></span> <span class='ocrx_word' id='word_1_106' title='bbox 631 1835 720 1895; x_wconf 89' lang='lat' dir='ltr'><strong><em>velim</em></strong></span> <span class='ocrx_word' id='word_1_107' title='bbox 742 1835 882 1914; x_wconf 83' lang='lat' dir='ltr'><strong><em>postulati</em></strong></span> <span class='ocrx_word' id='word_1_108' title='bbox 906 1839 962 1896; x_wconf 87' lang='lat' dir='ltr'><strong><em>mei</em></strong></span> <span class='ocrx_word' id='word_1_109' title='bbox 978 1837 1093 1914; x_wconf 87' lang='lat' dir='ltr'><strong><em>analysi</em></strong></span> <span class='ocrx_word' id='word_1_110' title='bbox 1109 1839 1292 1915; x_wconf 77' lang='lat' dir='ltr'><strong><em>praecedenti</em></strong></span> <span class='ocrx_word' id='word_1_111' title='bbox 1314 1857 1385 1898; x_wconf 88' lang='lat' dir='ltr'><strong><em>sane</em></strong></span> <span class='ocrx_word' id='word_1_112' title='bbox 1400 1855 1488 1915; x_wconf 88' lang='lat' dir='ltr'><strong><em>quam</em></strong></span> <span class='ocrx_word' id='word_1_113' title='bbox 1503 1842 1592 1914; x_wconf 86' lang='lat' dir='ltr'><strong><em>aequi</em></strong></span> <span class='ocrx_word' id='word_1_114' title='bbox 1631 1864 1633 1867; x_wconf 95' lang='lat'>·</span> <span class='ocrx_word' id='word_1_115' title='bbox 1658 1918 1662 1923; x_wconf 10' lang='grc' dir='ltr'><strong><em>Α</em></strong></span> 
     </span>
     <span class='ocr_line' id='line_1_13' title="bbox 252 1921 1594 2002; baseline 0.007 -26"><span class='ocrx_word' id='word_1_116' title='bbox 252 1921 331 1980; x_wconf 69' lang='lat' dir='ltr'><strong><em>iilius.</em></strong></span> <span class='ocrx_word' id='word_1_117' title='bbox 379 1923 457 1982; x_wconf 89' lang='lat' dir='ltr'><strong><em>Dum</em></strong></span> <span class='ocrx_word' id='word_1_118' title='bbox 481 1926 557 1982; x_wconf 89' lang='lat' dir='ltr'><strong><em>enim</em></strong></span> <span class='ocrx_word' id='word_1_119' title='bbox 575 1923 754 2001; x_wconf 87' lang='lat' dir='ltr'><strong><em>persuadere</em></strong></span> <span class='ocrx_word' id='word_1_120' title='bbox 769 1927 832 1995; x_wconf 71' lang='lat' dir='ltr'><strong><em>uis,</em></strong></span> <span class='ocrx_word' id='word_1_121' title='bbox 855 1928 888 1982; x_wconf 87' lang='lat' dir='ltr'><strong><em>in</em></strong></span> <span class='ocrx_word' id='word_1_122' title='bbox 911 1925 965 1984; x_wconf 89' lang='lat' dir='ltr'><strong><em>hoc</em></strong></span> <span class='ocrx_word' id='word_1_123' title='bbox 980 1927 1084 1998; x_wconf 81' lang='lat' dir='ltr'><strong><em>jacere</em></strong></span> <span class='ocrx_word' id='word_1_124' title='bbox 1105 1943 1224 1985; x_wconf 86' lang='lat' dir='ltr'><strong><em>omnem</em></strong></span> <span class='ocrx_word' id='word_1_125' title='bbox 1250 1929 1448 1985; x_wconf 83' lang='lat' dir='ltr'><strong><em>intentionem</em></strong></span> <span class='ocrx_word' id='word_1_126' title='bbox 1470 1930 1594 2002; x_wconf 86' lang='lat' dir='ltr'><strong><em>supien-</em></strong></span> 
     </span>
     <span class='ocr_line' id='line_1_14' title="bbox 251 2010 1593 2088; baseline 0.004 -22"><span class='ocrx_word' id='word_1_127' title='bbox 251 2017 307 2066; x_wconf 89' lang='lat' dir='ltr'><strong><em>tam</em></strong></span> <span class='ocrx_word' id='word_1_128' title='bbox 331 2010 514 2069; x_wconf 88' lang='lat' dir='ltr'><strong><em>harmoniae</em></strong></span> <span class='ocrx_word' id='word_1_129' title='bbox 535 2015 769 2088; x_wconf 76' lang='lat' dir='ltr'><strong><em>proportionum</em></strong></span> <span class='ocrx_word' id='word_1_130' title='bbox 791 2018 819 2070; x_wconf 92' lang='lat' dir='ltr'><strong><em>et</em></strong></span> <span class='ocrx_word' id='word_1_131' title='bbox 833 2028 1059 2086; x_wconf 86' lang='lat' dir='ltr'><strong><em>mensurarum,</em></strong></span> <span class='ocrx_word' id='word_1_132' title='bbox 1083 2020 1119 2071; x_wconf 87' lang='lat' dir='ltr'><strong><em>ut</em></strong></span> <span class='ocrx_word' id='word_1_133' title='bbox 1137 2015 1342 2088; x_wconf 72' lang='lat' dir='ltr'><strong><em>intelligamus</em></strong></span> <span class='ocrx_word' id='word_1_134' title='bbox 1354 2017 1593 2088; x_wconf 63' lang='lat' dir='ltr'><strong><em>propassionem</em></strong></span> 
     </span>
     <span class='ocr_line' id='line_1_15' title="bbox 249 2097 1598 2174; baseline 0.006 -24"><span class='ocrx_word' id='word_1_135' title='bbox 249 2099 361 2170; x_wconf 64' lang='lat' dir='ltr'><strong><em>paresne</em></strong></span> <span class='ocrx_word' id='word_1_136' title='bbox 394 2097 437 2155; x_wconf 87' lang='lat' dir='ltr'><strong><em>ad</em></strong></span> <span class='ocrx_word' id='word_1_137' title='bbox 467 2098 697 2173; x_wconf 79' lang='lat' dir='ltr'><strong><em>depurationsm</em></strong></span> <span class='ocrx_word' id='word_1_138' title='bbox 731 2101 879 2157; x_wconf 87' lang='lat' dir='ltr'><strong><em>materiae</em></strong></span> <span class='ocrx_word' id='word_1_139' title='bbox 901 2106 967 2169; x_wconf 84' lang='lat' dir='ltr'><strong><em>etc,</em></strong></span> <span class='ocrx_word' id='word_1_140' title='bbox 1002 2097 1212 2173; x_wconf 81' lang='lat' dir='ltr'><strong><em>restat&#39;igitu&#39;r</em></strong></span> <span class='ocrx_word' id='word_1_141' title='bbox 1242 2099 1298 2158; x_wconf 90' lang='lat' dir='ltr'><strong><em>hoc</em></strong></span> <span class='ocrx_word' id='word_1_142' title='bbox 1329 2101 1382 2158; x_wconf 89' lang='lat' dir='ltr'><strong><em>tihi</em></strong></span> <span class='ocrx_word' id='word_1_143' title='bbox 1416 2098 1598 2174; x_wconf 78' lang='lat' dir='ltr'><strong><em>addendum,</em></strong></span> 
     </span>
     <span class='ocr_line' id='line_1_16' title="bbox 251 2185 1592 2264; baseline 0.006 -26"><span class='ocrx_word' id='word_1_144' title='bbox 251 2186 321 2256; x_wconf 74' lang='lat' dir='ltr'><strong><em>qam</em></strong></span> <span class='ocrx_word' id='word_1_145' title='bbox 349 2187 438 2243; x_wconf 88' lang='lat' dir='ltr'><strong><em>etiam</em></strong></span> <span class='ocrx_word' id='word_1_146' title='bbox 467 2203 556 2261; x_wconf 89' lang='lat' dir='ltr'><strong><em>snpra</em></strong></span> <span class='ocrx_word' id='word_1_147' title='bbox 583 2185 730 2260; x_wconf 83' lang='lat' dir='ltr'><strong><em>flagitavi,</em></strong></span> <span class='ocrx_word' id='word_1_148' title='bbox 762 2193 795 2244; x_wconf 92' lang='lat' dir='ltr'><strong><em>nt</em></strong></span> <span class='ocrx_word' id='word_1_149' title='bbox 817 2185 923 2260; x_wconf 82' lang='lat' dir='ltr'><strong><em>grudm</em></strong></span> <span class='ocrx_word' id='word_1_150' title='bbox 954 2188 1167 2262; x_wconf 78' lang='lat' dir='ltr'><strong><em>progressionis</em></strong></span> <span class='ocrx_word' id='word_1_151' title='bbox 1196 2185 1286 2260; x_wconf 87' lang='lat' dir='ltr'><strong><em>hujus</em></strong></span> <span class='ocrx_word' id='word_1_152' title='bbox 1308 2189 1395 2245; x_wconf 91' lang='lat' dir='ltr'><strong><em>certis</em></strong></span> <span class='ocrx_word' id='word_1_153' title='bbox 1421 2189 1512 2264; x_wconf 85' lang='lat' dir='ltr'><strong><em>signis</em></strong></span> <span class='ocrx_word' id='word_1_154' title='bbox 1537 2188 1592 2246; x_wconf 86' lang='lat' dir='ltr'><strong><em>de-</em></strong></span> 
     </span>
     <span class='ocr_line' id='line_1_17' title="bbox 249 2271 1601 2350; baseline 0.007 -25"><span class='ocrx_word' id='word_1_155' title='bbox 249 2271 339 2340; x_wconf 76' lang='lat' dir='ltr'><strong><em>linire,</em></strong></span> <span class='ocrx_word' id='word_1_156' title='bbox 375 2289 410 2329; x_wconf 85' lang='lat' dir='ltr'><strong><em>ex</em></strong></span> <span class='ocrx_word' id='word_1_157' title='bbox 435 2275 541 2348; x_wconf 87' lang='lat' dir='ltr'><strong><em>quibua</em></strong></span> <span class='ocrx_word' id='word_1_158' title='bbox 572 2272 783 2348; x_wconf 79' lang='lat' dir='ltr'><strong><em>intelligamus,</em></strong></span> <span class='ocrx_word' id='word_1_159' title='bbox 815 2271 933 2348; x_wconf 85' lang='lat' dir='ltr'><strong><em>qnando</em></strong></span> <span class='ocrx_word' id='word_1_160' title='bbox 957 2272 1111 2349; x_wconf 77' lang='lat' dir='ltr'><strong><em>deputatio</em></strong></span> <span class='ocrx_word' id='word_1_161' title='bbox 1143 2275 1285 2350; x_wconf 82' lang='lat' dir='ltr'><strong><em>propositi</em></strong></span> <span class='ocrx_word' id='word_1_162' title='bbox 1308 2276 1447 2350; x_wconf 83' lang='lat' dir='ltr'><strong><em>temporis</em></strong></span> <span class='ocrx_word' id='word_1_163' title='bbox 1476 2273 1513 2332; x_wconf 88' lang='lat' dir='ltr'><strong><em>ad</em></strong></span> <span class='ocrx_word' id='word_1_164' title='bbox 1537 2274 1601 2334; x_wconf 87' lang='lat' dir='ltr'><strong><em>de··</em></strong></span> 
     </span>
     <span class='ocr_line' id='line_1_18' title="bbox 248 2355 1591 2440; baseline 0.004 -26"><span class='ocrx_word' id='word_1_165' title='bbox 248 2361 427 2432; x_wconf 83' lang='lat' dir='ltr'><strong><em>parationem</em></strong></span> <span class='ocrx_word' id='word_1_166' title='bbox 452 2361 612 2438; x_wconf 77' lang='lat' dir='ltr'><strong><em>plenariam</em></strong></span> <span class='ocrx_word' id='word_1_167' title='bbox 635 2377 699 2418; x_wconf 84' lang='lat' dir='ltr'><strong><em>esse</em></strong></span> <span class='ocrx_word' id='word_1_168' title='bbox 721 2359 830 2418; x_wconf 86' lang='lat' dir='ltr'><strong><em>habent</em></strong></span> <span class='ocrx_word' id='word_1_169' title='bbox 855 2355 951 2440; x_wconf 87' lang='lat' dir='ltr'><strong><em>(verbi</em></strong></span> <span class='ocrx_word' id='word_1_170' title='bbox 975 2362 1080 2434; x_wconf 87' lang='lat' dir='ltr'><strong><em>cansa)</em></strong></span> <span class='ocrx_word' id='word_1_171' title='bbox 1103 2367 1134 2418; x_wconf 89' lang='lat' dir='ltr'><strong><em>ut</em></strong></span> <span class='ocrx_word' id='word_1_172' title='bbox 1158 2363 1177 2418; x_wconf 80' lang='lat'><strong>3</strong></span> <span class='ocrx_word' id='word_1_173' title='bbox 1201 2361 1238 2418; x_wconf 87' lang='lat' dir='ltr'><strong><em>ad</em></strong></span> <span class='ocrx_word' id='word_1_174' title='bbox 1263 2363 1299 2433; x_wconf 75' lang='lat'><strong><em>4,</em></strong></span> <span class='ocrx_word' id='word_1_175' title='bbox 1331 2361 1450 2437; x_wconf 88' lang='lat' dir='ltr'><strong><em>quando</em></strong></span> <span class='ocrx_word' id='word_1_176' title='bbox 1478 2361 1591 2420; x_wconf 82' lang='lat' dir='ltr'><strong><em>scilicet</em></strong></span> 
     </span>
     <span class='ocr_line' id='line_1_19' title="bbox 250 2440 1589 2525; baseline 0.005 -26"><span class='ocrx_word' id='word_1_177' title='bbox 250 2448 330 2502; x_wconf 83' lang='lat' dir='ltr'><strong><em>t&#39;sciat</em></strong></span> <span class='ocrx_word' id='word_1_178' title='bbox 362 2440 601 2506; x_wconf 80' lang='lat' dir='ltr'><strong><em>concordantiam</em></strong></span> <span class='ocrx_word' id='word_1_179' title='bbox 631 2464 684 2505; x_wconf 86' lang='lat' dir='ltr'><strong><em>seu</em></strong></span> <span class='ocrx_word' id='word_1_180' title='bbox 713 2444 892 2504; x_wconf 82' lang='lat' dir='ltr'><strong><em>harmoniam</em></strong></span> <span class='ocrx_word' id='word_1_181' title='bbox 916 2446 1112 2520; x_wconf 82' lang='lat' dir='ltr'><strong><em>diatessaron3</em></strong></span> <span class='ocrx_word' id='word_1_182' title='bbox 1143 2465 1210 2506; x_wconf 86' lang='lat' dir='ltr'><strong><em>nam</em></strong></span> <span class='ocrx_word' id='word_1_183' title='bbox 1234 2447 1290 2506; x_wconf 91' lang='lat' dir='ltr'><strong><em>hoc</em></strong></span> <span class='ocrx_word' id='word_1_184' title='bbox 1315 2466 1355 2506; x_wconf 83' lang='lat' dir='ltr'><strong><em>ex</em></strong></span> <span class='ocrx_word' id='word_1_185' title='bbox 1387 2447 1589 2525; x_wconf 82' lang='lat' dir='ltr'><strong><em>pyramidibus</em></strong></span> 
     </span>
     <span class='ocr_line' id='line_1_20' title="bbox 250 2533 1590 2611; baseline 0.004 -23"><span class='ocrx_word' id='word_1_186' title='bbox 250 2534 300 2588; x_wconf 90' lang='lat' dir='ltr'><strong><em>tuis</em></strong></span> <span class='ocrx_word' id='word_1_187' title='bbox 324 2549 416 2608; x_wconf 79' lang='lat' dir='ltr'><strong><em>negem</em></strong></span> <span class='ocrx_word' id='word_1_188' title='bbox 440 2533 506 2593; x_wconf 91' lang='lat' dir='ltr'><strong><em>elici</em></strong></span> <span class='ocrx_word' id='word_1_189' title='bbox 529 2533 642 2592; x_wconf 90' lang='lat' dir='ltr'><strong><em>debere.</em></strong></span> <span class='ocrx_word' id='word_1_190' title='bbox 690 2533 763 2592; x_wconf 87' lang='lat' dir='ltr'><strong><em>Mihi</em></strong></span> <span class='ocrx_word' id='word_1_191' title='bbox 787 2533 919 2610; x_wconf 87' lang='lat' dir='ltr'><strong><em>quidem,</em></strong></span> <span class='ocrx_word' id='word_1_192' title='bbox 953 2537 977 2591; x_wconf 93' lang='lat' dir='ltr'><strong><em>si</em></strong></span> <span class='ocrx_word' id='word_1_193' title='bbox 1000 2535 1105 2593; x_wconf 90' lang='lat' dir='ltr'><strong><em>liberet</em></strong></span> <span class='ocrx_word' id='word_1_194' title='bbox 1125 2533 1277 2608; x_wconf 89' lang='lat' dir='ltr'><strong><em>indulgere</em></strong></span> <span class='ocrx_word' id='word_1_195' title='bbox 1301 2533 1461 2611; x_wconf 83' lang='lat' dir='ltr'><strong><em>analogiis,</em></strong></span> <span class='ocrx_word' id='word_1_196' title='bbox 1494 2538 1590 2594; x_wconf 91' lang='lat' dir='ltr'><strong><em>omnis</em></strong></span> 
     </span>
     <span class='ocr_line' id='line_1_21' title="bbox 248 2621 1589 2700; baseline 0.004 -27"><span class='ocrx_word' id='word_1_197' title='bbox 248 2621 298 2676; x_wconf 59' lang='lat' dir='ltr'><strong><em>ista</em></strong></span> <span class='ocrx_word' id='word_1_198' title='bbox 329 2621 511 2697; x_wconf 86' lang='lat' dir='ltr'><strong><em>imperiectio</em></strong></span> <span class='ocrx_word' id='word_1_199' title='bbox 543 2621 756 2696; x_wconf 72' lang='lat' dir='ltr'><strong><em>separationis,</em></strong></span> <span class='ocrx_word' id='word_1_200' title='bbox 790 2637 965 2698; x_wconf 89' lang='lat' dir='ltr'><strong><em>quoeunque</em></strong></span> <span class='ocrx_word' id='word_1_201' title='bbox 995 2629 1115 2680; x_wconf 89' lang='lat' dir='ltr'><strong><em>numero</em></strong></span> <span class='ocrx_word' id='word_1_202' title='bbox 1146 2639 1198 2680; x_wconf 90' lang='lat' dir='ltr'><strong><em>seu</em></strong></span> <span class='ocrx_word' id='word_1_203' title='bbox 1229 2622 1398 2700; x_wconf 76' lang='lat' dir='ltr'><strong><em>hemionios</em></strong></span> <span class='ocrx_word' id='word_1_204' title='bbox 1434 2639 1487 2681; x_wconf 90' lang='lat' dir='ltr'><strong><em>sou</em></strong></span> <span class='ocrx_word' id='word_1_205' title='bbox 1519 2621 1589 2695; x_wconf 89' lang='lat' dir='ltr'><strong><em>alio,</em></strong></span> 
     </span>
     <span class='ocr_line' id='line_1_22' title="bbox 249 2708 1594 2786; baseline 0.003 -24"><span class='ocrx_word' id='word_1_206' title='bbox 249 2723 420 2782; x_wconf 74' lang='lat' dir='ltr'><strong><em>quocunqne</em></strong></span> <span class='ocrx_word' id='word_1_207' title='bbox 443 2711 630 2786; x_wconf 87' lang='lat' dir='ltr'><strong><em>proportione</em></strong></span> <span class='ocrx_word' id='word_1_208' title='bbox 653 2725 705 2767; x_wconf 88' lang='lat' dir='ltr'><strong><em>eeu</em></strong></span> <span class='ocrx_word' id='word_1_209' title='bbox 729 2709 838 2767; x_wconf 78' lang='lat' dir='ltr'><strong><em>effabili</em></strong></span> <span class='ocrx_word' id='word_1_210' title='bbox 862 2726 913 2767; x_wconf 89' lang='lat' dir='ltr'><strong><em>seu</em></strong></span> <span class='ocrx_word' id='word_1_211' title='bbox 936 2709 1252 2779; x_wconf 81' lang='lat' dir='ltr'><strong><em>ineffabili-contenta,</em></strong></span> <span class='ocrx_word' id='word_1_212' title='bbox 1281 2708 1482 2768; x_wconf 84' lang='lat' dir='ltr'><strong><em>dissonantiae</em></strong></span> <span class='ocrx_word' id='word_1_213' title='bbox 1499 2711 1594 2783; x_wconf 56' lang='lat' dir='ltr'><strong><em>simia·</em></strong></span> 
     </span>
     <span class='ocr_line' id='line_1_23' title="bbox 247 2787 1590 2872; baseline 0.004 -24"><span class='ocrx_word' id='word_1_214' title='bbox 247 2793 295 2850; x_wconf 91' lang='lat' dir='ltr'><strong><em>lior</em></strong></span> <span class='ocrx_word' id='word_1_215' title='bbox 319 2793 483 2870; x_wconf 83' lang='lat' dir='ltr'><strong><em>rideretur,</em></strong></span> <span class='ocrx_word' id='word_1_216' title='bbox 513 2804 614 2854; x_wconf 85' lang='lat' dir='ltr'><strong><em>contra</em></strong></span> <span class='ocrx_word' id='word_1_217' title='bbox 643 2797 737 2854; x_wconf 88' lang='lat' dir='ltr'><strong><em>omnis</em></strong></span> <span class='ocrx_word' id='word_1_218' title='bbox 761 2797 927 2870; x_wconf 90' lang='lat' dir='ltr'><strong><em>conjunctio</em></strong></span> <span class='ocrx_word' id='word_1_219' title='bbox 956 2796 1066 2854; x_wconf 82' lang='lat' dir='ltr'><strong><em>formae</em></strong></span> <span class='ocrx_word' id='word_1_220' title='bbox 1094 2813 1160 2854; x_wconf 92' lang='lat' dir='ltr'><strong><em>cum</em></strong></span> <span class='ocrx_word' id='word_1_221' title='bbox 1181 2787 1306 2854; x_wconf 79' lang='lat' dir='ltr'><strong><em>materia</em></strong></span> <span class='ocrx_word' id='word_1_222' title='bbox 1337 2800 1367 2853; x_wconf 91' lang='lat' dir='ltr'><strong><em>iu</em></strong></span> <span class='ocrx_word' id='word_1_223' title='bbox 1399 2813 1454 2854; x_wconf 90' lang='lat' dir='ltr'><strong><em>sno</em></strong></span> <span class='ocrx_word' id='word_1_224' title='bbox 1481 2813 1590 2872; x_wconf 88' lang='lat' dir='ltr'><strong><em>genere</em></strong></span> 
     </span>
     <span class='ocr_line' id='line_1_24' title="bbox 248 2881 1591 2958; baseline 0.004 -22"><span class='ocrx_word' id='word_1_225' title='bbox 248 2881 380 2954; x_wconf 84' lang='lat' dir='ltr'><strong><em>perlecta.</em></strong></span> <span class='ocrx_word' id='word_1_226' title='bbox 427 2881 536 2940; x_wconf 88' lang='lat' dir='ltr'><strong><em>Verum</em></strong></span> <span class='ocrx_word' id='word_1_227' title='bbox 560 2885 642 2940; x_wconf 89' lang='lat' dir='ltr'><strong><em>enim</em></strong></span> <span class='ocrx_word' id='word_1_228' title='bbox 661 2897 729 2940; x_wconf 84' lang='lat' dir='ltr'><strong><em>vero</em></strong></span> <span class='ocrx_word' id='word_1_229' title='bbox 753 2899 799 2941; x_wconf 90' lang='lat' dir='ltr'><strong><em>me</em></strong></span> <span class='ocrx_word' id='word_1_230' title='bbox 822 2883 980 2954; x_wconf 84' lang='lat' dir='ltr'><strong><em>retraham,</em></strong></span> <span class='ocrx_word' id='word_1_231' title='bbox 1004 2899 1099 2958; x_wconf 90' lang='lat' dir='ltr'><strong><em>neque</em></strong></span> <span class='ocrx_word' id='word_1_232' title='bbox 1123 2884 1199 2941; x_wconf 83' lang='lat' dir='ltr'><strong><em>enim</em></strong></span> <span class='ocrx_word' id='word_1_233' title='bbox 1220 2882 1311 2958; x_wconf 89' lang='lat' dir='ltr'><strong><em>hujus</em></strong></span> <span class='ocrx_word' id='word_1_234' title='bbox 1334 2890 1380 2942; x_wconf 89' lang='lat' dir='ltr'><strong><em>est</em></strong></span> <span class='ocrx_word' id='word_1_235' title='bbox 1401 2881 1474 2956; x_wconf 87' lang='lat' dir='ltr'><strong><em>loci,</em></strong></span> <span class='ocrx_word' id='word_1_236' title='bbox 1507 2891 1591 2942; x_wconf 89' lang='lat' dir='ltr'><strong><em>tuam</em></strong></span> 
     </span>
     <span class='ocr_line' id='line_1_25' title="bbox 247 2967 1466 3048; baseline 0.005 -27"><span class='ocrx_word' id='word_1_237' title='bbox 247 2967 319 3026; x_wconf 89' lang='lat' dir='ltr'><strong><em>illam</em></strong></span> <span class='ocrx_word' id='word_1_238' title='bbox 342 2968 544 3028; x_wconf 84' lang='lat' dir='ltr'><strong><em>Hermeticem</em></strong></span> <span class='ocrx_word' id='word_1_239' title='bbox 566 2969 781 3047; x_wconf 88' lang='lat' dir='ltr'><strong><em>philosophiam</em></strong></span> <span class='ocrx_word' id='word_1_240' title='bbox 804 2968 985 3048; x_wconf 80' lang='lat' dir='ltr'><strong><em>penitissime</em></strong></span> <span class='ocrx_word' id='word_1_241' title='bbox 1007 2970 1054 3028; x_wconf 87' lang='lat' dir='ltr'><strong><em>vel</em></strong></span> <span class='ocrx_word' id='word_1_242' title='bbox 1079 2969 1229 3030; x_wconf 82' lang='lat' dir='ltr'><strong><em>addiscere</em></strong></span> <span class='ocrx_word' id='word_1_243' title='bbox 1251 2969 1299 3028; x_wconf 87' lang='lat' dir='ltr'><strong><em>rel</em></strong></span> <span class='ocrx_word' id='word_1_244' title='bbox 1323 2977 1466 3030; x_wconf 84' lang='lat' dir='ltr'><strong><em>excutere.</em></strong></span> 
     </span>
    </p>

    <p class='ocr_par' dir='ltr' id='par_1_4' title="bbox 240 3054 1596 5232">
     <span class='ocr_line' id='line_1_26' title="bbox 324 3054 1596 3134; baseline 0.002 -22"><span class='ocrx_word' id='word_1_245' title='bbox 324 3054 383 3113; x_wconf 84' lang='lat' dir='ltr'><strong><em>Ad</em></strong></span> <span class='ocrx_word' id='word_1_246' title='bbox 408 3057 590 3134; x_wconf 82' lang='lat' dir='ltr'><strong><em>hnalysin</em></strong></span> <span class='ocrx_word' id='word_1_247' title='bbox 613 3056 689 3118; x_wconf 76' lang='lat' dir='ltr'><strong><em>XX.</em></strong></span> <span class='ocrx_word' id='word_1_248' title='bbox 734 3057 890 3133; x_wconf 86' lang='lat' dir='ltr'><strong><em>Nunquam</em></strong></span> <span class='ocrx_word' id='word_1_249' title='bbox 921 3059 1002 3126; x_wconf 86' lang='lat' dir='ltr'><strong><em>mea,</em></strong></span> <span class='ocrx_word' id='word_1_250' title='bbox 1036 3055 1178 3128; x_wconf 74' lang='lat' dir='ltr'><strong><em>lioherte,</em></strong></span> <span class='ocrx_word' id='word_1_251' title='bbox 1208 3058 1313 3116; x_wconf 84' lang='lat' dir='ltr'><strong><em>recitas</em></strong></span> <span class='ocrx_word' id='word_1_252' title='bbox 1343 3060 1406 3116; x_wconf 89' lang='lat' dir='ltr'><strong><em>sine</em></strong></span> <span class='ocrx_word' id='word_1_253' title='bbox 1433 3058 1566 3115; x_wconf 86' lang='lat' dir='ltr'><strong><em>auctario</em></strong></span> <span class='ocrx_word' id='word_1_254' title='bbox 1579 3077 1596 3132; x_wconf 64' lang='grc' dir='ltr'><strong><em>ς’</em></strong></span> 
     </span>
     <span class='ocr_line' id='line_1_27' title="bbox 246 3141 1588 3220; baseline 0.004 -23"><span class='ocrx_word' id='word_1_255' title='bbox 246 3141 512 3202; x_wconf 83' lang='lat' dir='ltr'><strong><em>omnino&#39;libsrnlis</em></strong></span> <span class='ocrx_word' id='word_1_256' title='bbox 537 3161 577 3203; x_wconf 89' lang='lat' dir='ltr'><strong><em>es.</em></strong></span> <span class='ocrx_word' id='word_1_257' title='bbox 622 3145 723 3220; x_wconf 83' lang='lat' dir='ltr'><strong><em>Egone</em></strong></span> <span class='ocrx_word' id='word_1_258' title='bbox 745 3145 835 3203; x_wconf 85' lang='lat' dir='ltr'><strong><em>taleas</em></strong></span> <span class='ocrx_word' id='word_1_259' title='bbox 857 3145 1049 3220; x_wconf 86' lang='lat' dir='ltr'><strong><em>pronunciari</em></strong></span> <span class='ocrx_word' id='word_1_260' title='bbox 1073 3147 1280 3202; x_wconf 83' lang='lat' dir='ltr'><strong><em>consonantiae</em></strong></span> <span class='ocrx_word' id='word_1_261' title='bbox 1296 3143 1362 3203; x_wconf 82' lang='lat' dir='ltr'><strong><em>inas</em></strong></span> <span class='ocrx_word' id='word_1_262' title='bbox 1378 3143 1588 3203; x_wconf 82' lang='lat' dir='ltr'><strong><em>Hermeticas‘i</em></strong></span> 
     </span>
     <span class='ocr_line' id='line_1_28' title="bbox 246 3229 1588 3306; baseline 0.004 -22"><span class='ocrx_word' id='word_1_263' title='bbox 246 3229 329 3304; x_wconf 80' lang='lat' dir='ltr'><strong><em>htqni</em></strong></span> <span class='ocrx_word' id='word_1_264' title='bbox 353 3229 431 3291; x_wconf 87' lang='lat' dir='ltr'><strong><em>adeo</em></strong></span> <span class='ocrx_word' id='word_1_265' title='bbox 455 3231 526 3292; x_wconf 90' lang='lat' dir='ltr'><strong><em>nihil</em></strong></span> <span class='ocrx_word' id='word_1_266' title='bbox 550 3231 621 3288; x_wconf 91' lang='lat' dir='ltr'><strong><em>mihi</em></strong></span> <span class='ocrx_word' id='word_1_267' title='bbox 654 3249 719 3290; x_wconf 90' lang='lat' dir='ltr'><strong><em>cum</em></strong></span> <span class='ocrx_word' id='word_1_268' title='bbox 743 3233 778 3289; x_wconf 90' lang='lat' dir='ltr'><strong><em>iis</em></strong></span> <span class='ocrx_word' id='word_1_269' title='bbox 801 3233 913 3306; x_wconf 87' lang='lat' dir='ltr'><strong><em>negotii</em></strong></span> <span class='ocrx_word' id='word_1_270' title='bbox 936 3231 1016 3291; x_wconf 88' lang='lat' dir='ltr'><strong><em>volui</em></strong></span> <span class='ocrx_word' id='word_1_271' title='bbox 1041 3248 1122 3302; x_wconf 82' lang='lat' dir='ltr'><strong><em>esse,</em></strong></span> <span class='ocrx_word' id='word_1_272' title='bbox 1145 3238 1186 3288; x_wconf 81' lang='lat' dir='ltr'><strong><em>nt</em></strong></span> <span class='ocrx_word' id='word_1_273' title='bbox 1213 3230 1402 3290; x_wconf 79' lang='lat' dir='ltr'><strong><em>distinctione·</em></strong></span> <span class='ocrx_word' id='word_1_274' title='bbox 1430 3248 1482 3290; x_wconf 90' lang='lat' dir='ltr'><strong><em>sen</em></strong></span> <span class='ocrx_word' id='word_1_275' title='bbox 1505 3241 1588 3289; x_wconf 86' lang='lat' dir='ltr'><strong><em>com·</em></strong></span> 
     </span>
     <span class='ocr_line' id='line_1_29' title="bbox 244 3317 1593 3390; baseline 0.001 -16"><span class='ocrx_word' id='word_1_276' title='bbox 244 3320 393 3390; x_wconf 87' lang='lat' dir='ltr'><strong><em>paratione</em></strong></span> <span class='ocrx_word' id='word_1_277' title='bbox 417 3317 579 3377; x_wconf 88' lang='lat' dir='ltr'><strong><em>clarissima</em></strong></span> <span class='ocrx_word' id='word_1_278' title='bbox 602 3319 762 3377; x_wconf 90' lang='lat' dir='ltr'><strong><em>censuerim</em></strong></span> <span class='ocrx_word' id='word_1_279' title='bbox 790 3317 855 3378; x_wconf 89' lang='lat' dir='ltr'><strong><em>illae</em></strong></span> <span class='ocrx_word' id='word_1_280' title='bbox 886 3322 999 3378; x_wconf 89' lang='lat' dir='ltr'><strong><em>amois</em></strong></span> <span class='ocrx_word' id='word_1_281' title='bbox 1026 3317 1263 3380; x_wconf 84' lang='lat' dir='ltr'><strong><em>summovendae.</em></strong></span> <span class='ocrx_word' id='word_1_282' title='bbox 1309 3317 1374 3377; x_wconf 85' lang='lat' dir='ltr'><strong><em>Nou</em></strong></span> <span class='ocrx_word' id='word_1_283' title='bbox 1405 3318 1499 3377; x_wconf 84' lang='lat' dir='ltr'><strong><em>relato</em></strong></span> <span class='ocrx_word' id='word_1_284' title='bbox 1518 3317 1593 3376; x_wconf 71' lang='lat' dir='ltr'><strong><em>&#39;Ro-.</em></strong></span> 
     </span>
     <span class='ocr_line' id='line_1_30' title="bbox 245 3403 1587 3481; baseline 0.003 -22"><span class='ocrx_word' id='word_1_285' title='bbox 245 3403 318 3461; x_wconf 87' lang='lat' dir='ltr'><strong><em>berte</em></strong></span> <span class='ocrx_word' id='word_1_286' title='bbox 343 3405 496 3476; x_wconf 79' lang='lat' dir='ltr'><strong><em>tna,‘sed</em></strong></span> <span class='ocrx_word' id='word_1_287' title='bbox 521 3421 657 3480; x_wconf 90' lang='lat' dir='ltr'><strong><em>comparo</em></strong></span> <span class='ocrx_word' id='word_1_288' title='bbox 681 3423 761 3475; x_wconf 86' lang='lat' dir='ltr'><strong><em>mea,</em></strong></span> <span class='ocrx_word' id='word_1_289' title='bbox 787 3407 914 3464; x_wconf 85' lang='lat' dir='ltr'><strong><em>eieciat</em></strong></span> <span class='ocrx_word' id='word_1_290' title='bbox 937 3407 1041 3476; x_wconf 88' lang='lat' dir='ltr'><strong><em>lector,</em></strong></span> <span class='ocrx_word' id='word_1_291' title='bbox 1073 3405 1143 3480; x_wconf 91' lang='lat' dir='ltr'><strong><em>quid</em></strong></span> <span class='ocrx_word' id='word_1_292' title='bbox 1169 3422 1262 3481; x_wconf 87' lang='lat' dir='ltr'><strong><em>penes</em></strong></span> <span class='ocrx_word' id='word_1_293' title='bbox 1283 3411 1313 3464; x_wconf 90' lang='lat' dir='ltr'><strong><em>te</em></strong></span> <span class='ocrx_word' id='word_1_294' title='bbox 1343 3411 1481 3481; x_wconf 88' lang='lat' dir='ltr'><strong><em>quaerat,</em></strong></span> <span class='ocrx_word' id='word_1_295' title='bbox 1515 3405 1587 3480; x_wconf 92' lang='lat' dir='ltr'><strong><em>quid</em></strong></span> 
     </span>
     <span class='ocr_line' id='line_1_31' title="bbox 245 3490 1585 3569; baseline 0.003 -23"><span class='ocrx_word' id='word_1_296' title='bbox 245 3507 328 3565; x_wconf 85' lang='lat' dir='ltr'><strong><em>pones</em></strong></span> <span class='ocrx_word' id='word_1_297' title='bbox 360 3509 418 3552; x_wconf 89' lang='lat' dir='ltr'><strong><em>me.</em></strong></span> <span class='ocrx_word' id='word_1_298' title='bbox 465 3490 560 3566; x_wconf 87' lang='lat' dir='ltr'><strong><em>Quam</em></strong></span> <span class='ocrx_word' id='word_1_299' title='bbox 592 3495 680 3566; x_wconf 86' lang='lat' dir='ltr'><strong><em>igitur</em></strong></span> <span class='ocrx_word' id='word_1_300' title='bbox 707 3501 737 3550; x_wconf 93' lang='lat' dir='ltr'><strong><em>tu</em></strong></span> <span class='ocrx_word' id='word_1_301' title='bbox 770 3493 817 3552; x_wconf 89' lang='lat' dir='ltr'><strong><em>hic</em></strong></span> <span class='ocrx_word' id='word_1_302' title='bbox 847 3493 932 3551; x_wconf 84' lang='lat' dir='ltr'><strong><em>affers</em></strong></span> <span class='ocrx_word' id='word_1_303' title='bbox 963 3493 1190 3569; x_wconf 86' lang='lat' dir='ltr'><strong><em>explicationem</em></strong></span> <span class='ocrx_word' id='word_1_304' title='bbox 1222 3493 1438 3552; x_wconf 85' lang='lat' dir='ltr'><strong><em>harmoniarum</em></strong></span> <span class='ocrx_word' id='word_1_305' title='bbox 1469 3498 1585 3551; x_wconf 86' lang='lat' dir='ltr'><strong><em>tuarum</em></strong></span> 
     </span>
     <span class='ocr_line' id='line_1_32' title="bbox 243 3577 1586 3656; baseline 0.003 -23"><span class='ocrx_word' id='word_1_306' title='bbox 243 3577 436 3652; x_wconf 86' lang='lat' dir='ltr'><strong><em>physicarum,</em></strong></span> <span class='ocrx_word' id='word_1_307' title='bbox 460 3597 534 3654; x_wconf 90' lang='lat' dir='ltr'><strong><em>qnae</em></strong></span> <span class='ocrx_word' id='word_1_308' title='bbox 557 3584 588 3636; x_wconf 89' lang='lat' dir='ltr'><strong><em>tu</em></strong></span> <span class='ocrx_word' id='word_1_309' title='bbox 613 3577 679 3637; x_wconf 87' lang='lat' dir='ltr'><strong><em>laxo</em></strong></span> <span class='ocrx_word' id='word_1_310' title='bbox 703 3582 784 3638; x_wconf 88' lang='lat' dir='ltr'><strong><em>vocis</em></strong></span> <span class='ocrx_word' id='word_1_311' title='bbox 808 3597 861 3638; x_wconf 91' lang='lat' dir='ltr'><strong><em>usu</em></strong></span> <span class='ocrx_word' id='word_1_312' title='bbox 886 3581 1096 3656; x_wconf 89' lang='lat' dir='ltr'><strong><em>complecteris,</em></strong></span> <span class='ocrx_word' id='word_1_313' title='bbox 1120 3597 1186 3638; x_wconf 90' lang='lat' dir='ltr'><strong><em>eam</em></strong></span> <span class='ocrx_word' id='word_1_314' title='bbox 1208 3578 1365 3638; x_wconf 88' lang='lat' dir='ltr'><strong><em>lectoribus</em></strong></span> <span class='ocrx_word' id='word_1_315' title='bbox 1388 3583 1446 3638; x_wconf 90' lang='lat' dir='ltr'><strong><em>tuis</em></strong></span> <span class='ocrx_word' id='word_1_316' title='bbox 1469 3582 1586 3638; x_wconf 90' lang='lat' dir='ltr'><strong><em>remitto</em></strong></span> 
     </span>
     <span class='ocr_line' id='line_1_33' title="bbox 245 3665 1587 3742; baseline 0.003 -22"><span class='ocrx_word' id='word_1_317' title='bbox 245 3665 483 3742; x_wconf 86' lang='lat' dir='ltr'><strong><em>commendoque.</em></strong></span> <span class='ocrx_word' id='word_1_318' title='bbox 526 3665 632 3724; x_wconf 86' lang='lat' dir='ltr'><strong><em>Mirum</em></strong></span> <span class='ocrx_word' id='word_1_319' title='bbox 656 3674 762 3738; x_wconf 87' lang='lat' dir='ltr'><strong><em>tamen,</em></strong></span> <span class='ocrx_word' id='word_1_320' title='bbox 786 3683 836 3726; x_wconf 90' lang='lat' dir='ltr'><strong><em>cnr</em></strong></span> <span class='ocrx_word' id='word_1_321' title='bbox 858 3669 886 3722; x_wconf 89' lang='lat' dir='ltr'><strong><em>in</em></strong></span> <span class='ocrx_word' id='word_1_322' title='bbox 910 3667 967 3736; x_wconf 85' lang='lat' dir='ltr'><strong><em>hoc</em></strong></span> <span class='ocrx_word' id='word_1_323' title='bbox 989 3683 1055 3724; x_wconf 91' lang='lat' dir='ltr'><strong><em>meo</em></strong></span> <span class='ocrx_word' id='word_1_324' title='bbox 1071 3674 1153 3724; x_wconf 84' lang='lat' dir='ltr'><strong><em>textu</em></strong></span> <span class='ocrx_word' id='word_1_325' title='bbox 1176 3669 1366 3742; x_wconf 87' lang='lat' dir='ltr'><strong><em>repugnantis</em></strong></span> <span class='ocrx_word' id='word_1_326' title='bbox 1389 3675 1417 3725; x_wconf 91' lang='lat' dir='ltr'><strong><em>et</em></strong></span> <span class='ocrx_word' id='word_1_327' title='bbox 1433 3668 1587 3725; x_wconf 81' lang='lat' dir='ltr'><strong><em>refutantis</em></strong></span> 
     </span>
     <span class='ocr_line' id='line_1_34' title="bbox 244 3745 1587 3832; baseline 0.006 -26"><span class='ocrx_word' id='word_1_328' title='bbox 244 3755 372 3811; x_wconf 87' lang='lat' dir='ltr'><strong><em>oratione</em></strong></span> <span class='ocrx_word' id='word_1_329' title='bbox 403 3755 508 3824; x_wconf 86' lang='lat' dir='ltr'><strong><em>uteris,</em></strong></span> <span class='ocrx_word' id='word_1_330' title='bbox 539 3771 606 3812; x_wconf 90' lang='lat' dir='ltr'><strong><em>cnm</em></strong></span> <span class='ocrx_word' id='word_1_331' title='bbox 634 3763 731 3812; x_wconf 87' lang='lat' dir='ltr'><strong><em>tamen</em></strong></span> <span class='ocrx_word' id='word_1_332' title='bbox 754 3756 817 3832; x_wconf 88' lang='lat' dir='ltr'><strong><em>ipse</em></strong></span> <span class='ocrx_word' id='word_1_333' title='bbox 840 3753 982 3812; x_wconf 84' lang='lat' dir='ltr'><strong><em>idemde</em></strong></span> <span class='ocrx_word' id='word_1_334' title='bbox 1012 3763 1040 3812; x_wconf 92' lang='lat' dir='ltr'><strong><em>te</em></strong></span> <span class='ocrx_word' id='word_1_335' title='bbox 1072 3755 1136 3828; x_wconf 89' lang='lat' dir='ltr'><strong><em>ipso</em></strong></span> <span class='ocrx_word' id='word_1_336' title='bbox 1169 3753 1249 3812; x_wconf 89' lang='lat' dir='ltr'><strong><em>dicas</em></strong></span> <span class='ocrx_word' id='word_1_337' title='bbox 1274 3755 1370 3812; x_wconf 85' lang='lat' dir='ltr'><strong><em>verbis</em></strong></span> <span class='ocrx_word' id='word_1_338' title='bbox 1399 3745 1488 3830; x_wconf 86' lang='lat' dir='ltr'><strong><em>paulo</em></strong></span> <span class='ocrx_word' id='word_1_339' title='bbox 1510 3753 1587 3814; x_wconf 90' lang='lat' dir='ltr'><strong><em>aliis.</em></strong></span> 
     </span>
     <span class='ocr_line' id='line_1_35' title="bbox 246 3839 1587 3917; baseline 0 -21"><span class='ocrx_word' id='word_1_340' title='bbox 246 3839 411 3898; x_wconf 80' lang='lat' dir='ltr'><strong><em>Consensus</em></strong></span> <span class='ocrx_word' id='word_1_341' title='bbox 433 3843 529 3916; x_wconf 87' lang='lat' dir='ltr'><strong><em>inquis</em></strong></span> <span class='ocrx_word' id='word_1_342' title='bbox 551 3841 670 3917; x_wconf 67' lang='lat' dir='ltr'><strong><em>formae</em></strong></span> <span class='ocrx_word' id='word_1_343' title='bbox 694 3849 721 3899; x_wconf 87' lang='lat' dir='ltr'><strong><em>et</em></strong></span> <span class='ocrx_word' id='word_1_344' title='bbox 742 3844 889 3899; x_wconf 82' lang='lat' dir='ltr'><strong><em>materies</em></strong></span> <span class='ocrx_word' id='word_1_345' title='bbox 911 3843 1095 3916; x_wconf 82' lang='lat' dir='ltr'><strong><em>quantitates</em></strong></span> <span class='ocrx_word' id='word_1_346' title='bbox 1117 3840 1233 3898; x_wconf 80' lang='lat' dir='ltr'><strong><em>eosdem</em></strong></span> <span class='ocrx_word' id='word_1_347' title='bbox 1256 3857 1320 3899; x_wconf 90' lang='lat' dir='ltr'><strong><em>non</em></strong></span> <span class='ocrx_word' id='word_1_348' title='bbox 1343 3839 1483 3913; x_wconf 85' lang='lat' dir='ltr'><strong><em>admittit,</em></strong></span> <span class='ocrx_word' id='word_1_349' title='bbox 1508 3858 1587 3915; x_wconf 79' lang='lat' dir='ltr'><strong><em>qrae-</em></strong></span> 
     </span>
     <span class='ocr_line' id='line_1_36' title="bbox 242 3926 1586 4006; baseline 0.001 -24"><span class='ocrx_word' id='word_1_350' title='bbox 242 3933 322 3984; x_wconf 84' lang='lat' dir='ltr'><strong><em>tsnus</em></strong></span> <span class='ocrx_word' id='word_1_351' title='bbox 352 3927 458 4003; x_wconf 76' lang='lat' dir='ltr'><strong><em>forma</em></strong></span> <span class='ocrx_word' id='word_1_352' title='bbox 490 3931 644 3986; x_wconf 89' lang='lat' dir='ltr'><strong><em>communi</em></strong></span> <span class='ocrx_word' id='word_1_353' title='bbox 674 3931 853 4006; x_wconf 76' lang='lat' dir='ltr'><strong><em>geometriae</em></strong></span> <span class='ocrx_word' id='word_1_354' title='bbox 881 3945 1026 3985; x_wconf 86' lang='lat' dir='ltr'><strong><em>mensuro</em></strong></span> <span class='ocrx_word' id='word_1_355' title='bbox 1060 3945 1125 3986; x_wconf 89' lang='lat' dir='ltr'><strong><em>non</em></strong></span> <span class='ocrx_word' id='word_1_356' title='bbox 1155 3935 1368 3999; x_wconf 84' lang='lat' dir='ltr'><strong><em>mensuretur,</em></strong></span> <span class='ocrx_word' id='word_1_357' title='bbox 1405 3927 1457 3985; x_wconf 90' lang='lat' dir='ltr'><strong><em>sed</em></strong></span> <span class='ocrx_word' id='word_1_358' title='bbox 1485 3926 1586 3998; x_wconf 82' lang='lat' dir='ltr'><strong><em>ideali,</em></strong></span> 
     </span>
     <span class='ocr_line' id='line_1_37' title="bbox 241 4013 1585 4091; baseline -0.001 -19"><span class='ocrx_word' id='word_1_359' title='bbox 241 4017 387 4085; x_wconf 82' lang='lat' dir='ltr'><strong><em>quoniam</em></strong></span> <span class='ocrx_word' id='word_1_360' title='bbox 408 4015 512 4091; x_wconf 73' lang='lat' dir='ltr'><strong><em>forma</em></strong></span> <span class='ocrx_word' id='word_1_361' title='bbox 539 4015 626 4072; x_wconf 86' lang='lat' dir='ltr'><strong><em>tineis</em></strong></span> <span class='ocrx_word' id='word_1_362' title='bbox 646 4017 830 4090; x_wconf 74' lang='lat' dir='ltr'><strong><em>geometricis</em></strong></span> <span class='ocrx_word' id='word_1_363' title='bbox 857 4014 979 4090; x_wconf 76' lang='lat' dir='ltr'><strong><em>depingi</em></strong></span> <span class='ocrx_word' id='word_1_364' title='bbox 1005 4031 1071 4072; x_wconf 84' lang='lat' dir='ltr'><strong><em>non</em></strong></span> <span class='ocrx_word' id='word_1_365' title='bbox 1094 4021 1198 4088; x_wconf 87' lang='lat' dir='ltr'><strong><em>potest.</em></strong></span> <span class='ocrx_word' id='word_1_366' title='bbox 1245 4013 1283 4070; x_wconf 74' lang='lat' dir='ltr'><strong><em>Et</em></strong></span> <span class='ocrx_word' id='word_1_367' title='bbox 1304 4017 1402 4089; x_wconf 84' lang='lat' dir='ltr'><strong><em>pergis</em></strong></span> <span class='ocrx_word' id='word_1_368' title='bbox 1431 4013 1585 4088; x_wconf 84' lang='lat' dir='ltr'><strong><em>explicare,</em></strong></span> 
     </span>
     <span class='ocr_line' id='line_1_38' title="bbox 243 4099 1586 4178; baseline 0.001 -22"><span class='ocrx_word' id='word_1_369' title='bbox 243 4101 390 4173; x_wconf 89' lang='lat' dir='ltr'><strong><em>quomodo</em></strong></span> <span class='ocrx_word' id='word_1_370' title='bbox 413 4102 522 4160; x_wconf 80' lang='lat' dir='ltr'><strong><em>formae</em></strong></span> <span class='ocrx_word' id='word_1_371' title='bbox 546 4118 680 4161; x_wconf 87' lang='lat' dir='ltr'><strong><em>mensure</em></strong></span> <span class='ocrx_word' id='word_1_372' title='bbox 704 4109 850 4178; x_wconf 89' lang='lat' dir='ltr'><strong><em>competat</em></strong></span> <span class='ocrx_word' id='word_1_373' title='bbox 873 4111 901 4160; x_wconf 88' lang='lat' dir='ltr'><strong><em>et</em></strong></span> <span class='ocrx_word' id='word_1_374' title='bbox 924 4100 1073 4177; x_wconf 93' lang='lat' dir='ltr'><strong><em>quomodo</em></strong></span> <span class='ocrx_word' id='word_1_375' title='bbox 1091 4099 1320 4173; x_wconf 86' lang='lat' dir='ltr'><strong><em>intelligendum,</em></strong></span> <span class='ocrx_word' id='word_1_376' title='bbox 1345 4100 1424 4176; x_wconf 87' lang='lat' dir='ltr'><strong><em>quod</em></strong></span> <span class='ocrx_word' id='word_1_377' title='bbox 1447 4103 1586 4158; x_wconf 87' lang='lat' dir='ltr'><strong><em>materiae</em></strong></span> 
     </span>
     <span class='ocr_line' id='line_1_39' title="bbox 241 4185 1587 4266; baseline 0.003 -25"><span class='ocrx_word' id='word_1_378' title='bbox 241 4185 369 4246; x_wconf 86' lang='lat' dir='ltr'><strong><em>diversas</em></strong></span> <span class='ocrx_word' id='word_1_379' title='bbox 393 4189 502 4248; x_wconf 81' lang='lat' dir='ltr'><strong><em>tonnae</em></strong></span> <span class='ocrx_word' id='word_1_380' title='bbox 525 4191 674 4265; x_wconf 84' lang='lat' dir='ltr'><strong><em>portiones</em></strong></span> <span class='ocrx_word' id='word_1_381' title='bbox 697 4192 847 4266; x_wconf 86' lang='lat' dir='ltr'><strong><em>resipiant.</em></strong></span> <span class='ocrx_word' id='word_1_382' title='bbox 894 4187 976 4264; x_wconf 87' lang='lat' dir='ltr'><strong><em>erae</em></strong></span> <span class='ocrx_word' id='word_1_383' title='bbox 1001 4190 1099 4247; x_wconf 85' lang='lat' dir='ltr'><strong><em>amnia</em></strong></span> <span class='ocrx_word' id='word_1_384' title='bbox 1129 4190 1276 4264; x_wconf 88' lang='lat' dir='ltr'><strong><em>pertinent</em></strong></span> <span class='ocrx_word' id='word_1_385' title='bbox 1299 4205 1353 4261; x_wconf 79' lang='lat' dir='ltr'><strong><em>eo,</em></strong></span> <span class='ocrx_word' id='word_1_386' title='bbox 1382 4194 1415 4246; x_wconf 91' lang='lat' dir='ltr'><strong><em>ut</em></strong></span> <span class='ocrx_word' id='word_1_387' title='bbox 1435 4187 1587 4264; x_wconf 87' lang='lat' dir='ltr'><strong><em>intelliga-</em></strong></span> 
     </span>
     <span class='ocr_line' id='line_1_40' title="bbox 240 4275 1584 4351; baseline 0.002 -23"><span class='ocrx_word' id='word_1_388' title='bbox 240 4291 311 4347; x_wconf 87' lang='lat' dir='ltr'><strong><em>mus,</em></strong></span> <span class='ocrx_word' id='word_1_389' title='bbox 343 4283 372 4334; x_wconf 91' lang='lat' dir='ltr'><strong><em>te</em></strong></span> <span class='ocrx_word' id='word_1_390' title='bbox 399 4293 464 4334; x_wconf 89' lang='lat' dir='ltr'><strong><em>rem</em></strong></span> <span class='ocrx_word' id='word_1_391' title='bbox 493 4283 610 4334; x_wconf 89' lang='lat' dir='ltr'><strong><em>tentore</em></strong></span> <span class='ocrx_word' id='word_1_392' title='bbox 639 4277 872 4336; x_wconf 85' lang='lat' dir='ltr'><strong><em>diuersissimam</em></strong></span> <span class='ocrx_word' id='word_1_393' title='bbox 901 4295 920 4335; x_wconf 90' lang='lat' dir='ltr'><strong><em>o</em></strong></span> <span class='ocrx_word' id='word_1_394' title='bbox 949 4279 1009 4335; x_wconf 88' lang='lat' dir='ltr'><strong><em>mei</em></strong></span> <span class='ocrx_word' id='word_1_395' title='bbox 1037 4278 1151 4349; x_wconf 85' lang='lat' dir='ltr'><strong><em>operis&#39;</em></strong></span> <span class='ocrx_word' id='word_1_396' title='bbox 1163 4277 1325 4351; x_wconf 84' lang='lat' dir='ltr'><strong><em>proposito.</em></strong></span> <span class='ocrx_word' id='word_1_397' title='bbox 1370 4275 1446 4332; x_wconf 85' lang='lat' dir='ltr'><strong><em>Nam</em></strong></span> <span class='ocrx_word' id='word_1_398' title='bbox 1469 4276 1524 4333; x_wconf 89' lang='lat' dir='ltr'><strong><em>etsi</em></strong></span> <span class='ocrx_word' id='word_1_399' title='bbox 1553 4283 1584 4331; x_wconf 89' lang='lat' dir='ltr'><strong><em>ta</em></strong></span> 
     </span>
     <span class='ocr_line' id='line_1_41' title="bbox 243 4361 1585 4439; baseline 0.003 -23"><span class='ocrx_word' id='word_1_400' title='bbox 243 4379 384 4433; x_wconf 76' lang='lat' dir='ltr'><strong><em>provocas</em></strong></span> <span class='ocrx_word' id='word_1_401' title='bbox 417 4363 454 4422; x_wconf 93' lang='lat' dir='ltr'><strong><em>ad</em></strong></span> <span class='ocrx_word' id='word_1_402' title='bbox 483 4362 580 4422; x_wconf 91' lang='lat' dir='ltr'><strong><em>locum</em></strong></span> <span class='ocrx_word' id='word_1_403' title='bbox 612 4381 647 4422; x_wconf 87' lang='lat' dir='ltr'><strong><em>ex</em></strong></span> <span class='ocrx_word' id='word_1_404' title='bbox 671 4382 736 4422; x_wconf 91' lang='lat' dir='ltr'><strong><em>meo</em></strong></span> <span class='ocrx_word' id='word_1_405' title='bbox 766 4363 841 4422; x_wconf 89' lang='lat' dir='ltr'><strong><em>libro</em></strong></span> <span class='ocrx_word' id='word_1_406' title='bbox 864 4361 918 4422; x_wconf 89' lang='lat' dir='ltr'><strong><em>Ill.</em></strong></span> <span class='ocrx_word' id='word_1_407' title='bbox 946 4379 1009 4439; x_wconf 88' lang='lat' dir='ltr'><strong><em>cap.</em></strong></span> <span class='ocrx_word' id='word_1_408' title='bbox 1034 4364 1069 4434; x_wconf 83' lang='lat'><strong><em>4,</em></strong></span> <span class='ocrx_word' id='word_1_409' title='bbox 1099 4361 1149 4420; x_wconf 89' lang='lat' dir='ltr'><strong><em>uhi</em></strong></span> <span class='ocrx_word' id='word_1_410' title='bbox 1169 4379 1223 4420; x_wconf 47' lang='lat' dir='ltr'><strong><em>‘me</em></strong></span> <span class='ocrx_word' id='word_1_411' title='bbox 1252 4361 1308 4420; x_wconf 91' lang='lat' dir='ltr'><strong><em>hoc</em></strong></span> <span class='ocrx_word' id='word_1_412' title='bbox 1331 4362 1425 4436; x_wconf 90' lang='lat' dir='ltr'><strong><em>ipsum</em></strong></span> <span class='ocrx_word' id='word_1_413' title='bbox 1454 4363 1499 4420; x_wconf 89' lang='lat' dir='ltr'><strong><em>ais</em></strong></span> <span class='ocrx_word' id='word_1_414' title='bbox 1529 4379 1585 4436; x_wconf 86' lang='lat' dir='ltr'><strong><em>ag·</em></strong></span> 
     </span>
     <span class='ocr_line' id='line_1_42' title="bbox 241 4445 1585 4527; baseline 0.004 -25"><span class='ocrx_word' id='word_1_415' title='bbox 241 4465 376 4524; x_wconf 89' lang='lat' dir='ltr'><strong><em>noscere,</em></strong></span> <span class='ocrx_word' id='word_1_416' title='bbox 407 4461 438 4508; x_wconf 85' lang='lat' dir='ltr'><strong><em>nt</em></strong></span> <span class='ocrx_word' id='word_1_417' title='bbox 461 4453 535 4509; x_wconf 89' lang='lat' dir='ltr'><strong><em>scire</em></strong></span> <span class='ocrx_word' id='word_1_418' title='bbox 558 4457 690 4525; x_wconf 86' lang='lat' dir='ltr'><strong><em>poteras,</em></strong></span> <span class='ocrx_word' id='word_1_419' title='bbox 723 4450 782 4508; x_wconf 83' lang='lat' dir='ltr'><strong><em>illa¹</em></strong></span> <span class='ocrx_word' id='word_1_420' title='bbox 807 4467 825 4509; x_wconf 89' lang='lat' dir='ltr'><strong><em>a</em></strong></span> <span class='ocrx_word' id='word_1_421' title='bbox 847 4467 893 4509; x_wconf 91' lang='lat' dir='ltr'><strong><em>me</em></strong></span> <span class='ocrx_word' id='word_1_422' title='bbox 916 4467 952 4509; x_wconf 84' lang='lat' dir='ltr'><strong><em>ex</em></strong></span> <span class='ocrx_word' id='word_1_423' title='bbox 973 4449 1178 4527; x_wconf 84' lang='lat' dir='ltr'><strong><em>Pythagoricis</em></strong></span> <span class='ocrx_word' id='word_1_424' title='bbox 1200 4465 1266 4508; x_wconf 87' lang='lat' dir='ltr'><strong><em>esse</em></strong></span> <span class='ocrx_word' id='word_1_425' title='bbox 1288 4448 1381 4508; x_wconf 89' lang='lat' dir='ltr'><strong><em>relata</em></strong></span> <span class='ocrx_word' id='word_1_426' title='bbox 1404 4446 1463 4509; x_wconf 73' lang='grc' dir='ltr'><strong><em>κατ’</em></strong></span> <span class='ocrx_word' id='word_1_427' title='bbox 1489 4445 1585 4526; x_wconf 75' lang='lat' dir='ltr'><strong><em>ripam,</em></strong></span> 
     </span>
     <span class='ocr_line' id='line_1_43' title="bbox 242 4531 1585 4613; baseline 0.004 -26"><span class='ocrx_word' id='word_1_428' title='bbox 242 4553 292 4592; x_wconf 85' lang='lat' dir='ltr'><strong><em>uon</em></strong></span> <span class='ocrx_word' id='word_1_429' title='bbox 325 4545 359 4595; x_wconf 91' lang='lat' dir='ltr'><strong><em>ut</em></strong></span> <span class='ocrx_word' id='word_1_430' title='bbox 383 4541 472 4598; x_wconf 75' lang='lat' dir='ltr'><strong><em>decer.</em></strong></span> <span class='ocrx_word' id='word_1_431' title='bbox 517 4531 637 4596; x_wconf 85' lang='lat' dir='ltr'><strong><em>Rectius</em></strong></span> <span class='ocrx_word' id='word_1_432' title='bbox 668 4539 705 4596; x_wconf 88' lang='lat' dir='ltr'><strong><em>ad</em></strong></span> <span class='ocrx_word' id='word_1_433' title='bbox 738 4535 797 4596; x_wconf 86' lang='lat' dir='ltr'><strong><em>alia</em></strong></span> <span class='ocrx_word' id='word_1_434' title='bbox 825 4537 892 4597; x_wconf 91' lang='lat' dir='ltr'><strong><em>loca</em></strong></span> <span class='ocrx_word' id='word_1_435' title='bbox 922 4537 988 4596; x_wconf 89' lang='lat' dir='ltr'><strong><em>libri</em></strong></span> <span class='ocrx_word' id='word_1_436' title='bbox 1018 4538 1076 4595; x_wconf 86' lang='lat' dir='ltr'><strong><em>mei</em></strong></span> <span class='ocrx_word' id='word_1_437' title='bbox 1099 4536 1151 4593; x_wconf 85' lang='lat' dir='ltr'><strong><em>lv.</em></strong></span> <span class='ocrx_word' id='word_1_438' title='bbox 1176 4535 1353 4594; x_wconf 87' lang='lat' dir='ltr'><strong><em>Harmoniae</em></strong></span> <span class='ocrx_word' id='word_1_439' title='bbox 1382 4552 1585 4613; x_wconf 71' lang='lat' dir='ltr'><strong><em>provocassem</em></strong></span> 
     </span>
     <span class='ocr_line' id='line_1_44' title="bbox 243 4621 1587 4701; baseline 0.001 -21"><span class='ocrx_word' id='word_1_440' title='bbox 243 4621 312 4682; x_wconf 75' lang='lat' dir='ltr'><strong><em>Nam</em></strong></span> <span class='ocrx_word' id='word_1_441' title='bbox 336 4625 378 4683; x_wconf 91' lang='lat' dir='ltr'><strong><em>ihi</em></strong></span> <span class='ocrx_word' id='word_1_442' title='bbox 402 4631 477 4701; x_wconf 83' lang='lat' dir='ltr'><strong><em>pene</em></strong></span> <span class='ocrx_word' id='word_1_443' title='bbox 500 4623 536 4682; x_wconf 89' lang='lat' dir='ltr'><strong><em>ad</em></strong></span> <span class='ocrx_word' id='word_1_444' title='bbox 561 4625 682 4682; x_wconf 74' lang='lat' dir='ltr'><strong><em>rabum</em></strong></span> <span class='ocrx_word' id='word_1_445' title='bbox 712 4633 807 4684; x_wconf 90' lang='lat' dir='ltr'><strong><em>tecum</em></strong></span> <span class='ocrx_word' id='word_1_446' title='bbox 839 4625 971 4683; x_wconf 87' lang='lat' dir='ltr'><strong><em>invenies</em></strong></span> <span class='ocrx_word' id='word_1_447' title='bbox 994 4623 1162 4700; x_wconf 86' lang='lat' dir='ltr'><strong><em>loquentem</em></strong></span> <span class='ocrx_word' id='word_1_448' title='bbox 1191 4622 1228 4681; x_wconf 90' lang='lat' dir='ltr'><strong><em>de</em></strong></span> <span class='ocrx_word' id='word_1_449' title='bbox 1251 4621 1324 4681; x_wconf 88' lang='lat' dir='ltr'><strong><em>ideis</em></strong></span> <span class='ocrx_word' id='word_1_450' title='bbox 1348 4639 1442 4680; x_wconf 88' lang='lat' dir='ltr'><strong><em>rernm</em></strong></span> <span class='ocrx_word' id='word_1_451' title='bbox 1465 4639 1587 4698; x_wconf 87' lang='lat' dir='ltr'><strong><em>geome-</em></strong></span> 
     </span>
     <span class='ocr_line' id='line_1_45' title="bbox 241 4706 1584 4788; baseline 0.004 -26"><span class='ocrx_word' id='word_1_452' title='bbox 241 4711 373 4769; x_wconf 86' lang='lat' dir='ltr'><strong><em>tricarnm</em></strong></span> <span class='ocrx_word' id='word_1_453' title='bbox 401 4715 429 4769; x_wconf 90' lang='lat' dir='ltr'><strong><em>in</em></strong></span> <span class='ocrx_word' id='word_1_454' title='bbox 454 4713 614 4786; x_wconf 86' lang='lat' dir='ltr'><strong><em>animarum</em></strong></span> <span class='ocrx_word' id='word_1_455' title='bbox 637 4713 825 4788; x_wconf 80' lang='lat' dir='ltr'><strong><em>penitissimis</em></strong></span> <span class='ocrx_word' id='word_1_456' title='bbox 848 4713 992 4770; x_wconf 87' lang='lat' dir='ltr'><strong><em>essentiis.</em></strong></span> <span class='ocrx_word' id='word_1_457' title='bbox 1037 4711 1103 4768; x_wconf 95' lang='lat' dir='ltr'><strong><em>Non</em></strong></span> <span class='ocrx_word' id='word_1_458' title='bbox 1132 4717 1296 4769; x_wconf 89' lang='lat' dir='ltr'><strong><em>esttamen</em></strong></span> <span class='ocrx_word' id='word_1_459' title='bbox 1329 4706 1364 4768; x_wconf 87' lang='lat' dir='ltr'><strong><em>ne</em></strong></span> <span class='ocrx_word' id='word_1_460' title='bbox 1388 4710 1436 4769; x_wconf 93' lang='lat' dir='ltr'><strong><em>hic</em></strong></span> <span class='ocrx_word' id='word_1_461' title='bbox 1466 4710 1584 4786; x_wconf 84' lang='lat' dir='ltr'><strong><em>quidem</em></strong></span> 
     </span>
     <span class='ocr_line' id='line_1_46' title="bbox 245 4788 1586 4874; baseline 0.004 -23"><span class='ocrx_word' id='word_1_462' title='bbox 245 4796 313 4855; x_wconf 84' lang='lat' dir='ltr'><strong><em>idem</em></strong></span> <span class='ocrx_word' id='word_1_463' title='bbox 337 4799 425 4857; x_wconf 91' lang='lat' dir='ltr'><strong><em>nobis</em></strong></span> <span class='ocrx_word' id='word_1_464' title='bbox 449 4801 584 4873; x_wconf 87' lang='lat' dir='ltr'><strong><em>utrinque</em></strong></span> <span class='ocrx_word' id='word_1_465' title='bbox 607 4817 720 4858; x_wconf 90' lang='lat' dir='ltr'><strong><em>sensus.</em></strong></span> <span class='ocrx_word' id='word_1_466' title='bbox 765 4797 837 4856; x_wconf 87' lang='lat' dir='ltr'><strong><em>Mihi</em></strong></span> <span class='ocrx_word' id='word_1_467' title='bbox 864 4801 938 4858; x_wconf 89' lang='lat' dir='ltr'><strong><em>enim</em></strong></span> <span class='ocrx_word' id='word_1_468' title='bbox 964 4797 1021 4857; x_wconf 91' lang='lat' dir='ltr'><strong><em>duo</em></strong></span> <span class='ocrx_word' id='word_1_469' title='bbox 1046 4797 1177 4870; x_wconf 88' lang='lat' dir='ltr'><strong><em>termini,</em></strong></span> <span class='ocrx_word' id='word_1_470' title='bbox 1200 4814 1271 4874; x_wconf 88' lang='lat' dir='ltr'><strong><em>pure</em></strong></span> <span class='ocrx_word' id='word_1_471' title='bbox 1294 4788 1431 4855; x_wconf 79' lang='lat' dir='ltr'><strong><em>mentalis</em></strong></span> <span class='ocrx_word' id='word_1_472' title='bbox 1454 4807 1586 4873; x_wconf 89' lang='lat' dir='ltr'><strong><em>uterque,</em></strong></span> 
     </span>
     <span class='ocr_line' id='line_1_47' title="bbox 242 4884 1586 4960; baseline 0.004 -23"><span class='ocrx_word' id='word_1_473' title='bbox 242 4885 395 4944; x_wconf 85' lang='lat' dir='ltr'><strong><em>rneotalem</em></strong></span> <span class='ocrx_word' id='word_1_474' title='bbox 418 4887 549 4960; x_wconf 76' lang='lat' dir='ltr'><strong><em>effigiant</em></strong></span> <span class='ocrx_word' id='word_1_475' title='bbox 571 4885 763 4953; x_wconf 89' lang='lat' dir='ltr'><strong><em>harmoniam,</em></strong></span> <span class='ocrx_word' id='word_1_476' title='bbox 787 4903 863 4960; x_wconf 89' lang='lat' dir='ltr'><strong><em>quae</em></strong></span> <span class='ocrx_word' id='word_1_477' title='bbox 887 4888 925 4945; x_wconf 89' lang='lat' dir='ltr'><strong><em>sit</em></strong></span> <span class='ocrx_word' id='word_1_478' title='bbox 947 4885 1014 4944; x_wconf 88' lang='lat' dir='ltr'><strong><em>idea</em></strong></span> <span class='ocrx_word' id='word_1_479' title='bbox 1029 4884 1208 4944; x_wconf 88' lang='lat' dir='ltr'><strong><em>sensualium</em></strong></span> <span class='ocrx_word' id='word_1_480' title='bbox 1223 4885 1421 4958; x_wconf 89' lang='lat' dir='ltr'><strong><em>terminorum,</em></strong></span> <span class='ocrx_word' id='word_1_481' title='bbox 1447 4884 1505 4944; x_wconf 94' lang='lat' dir='ltr'><strong><em>duo</em></strong></span> <span class='ocrx_word' id='word_1_482' title='bbox 1529 4887 1586 4943; x_wconf 90' lang='lat' dir='ltr'><strong><em>ite·</em></strong></span> 
     </span>
     <span class='ocr_line' id='line_1_48' title="bbox 242 4972 1585 5050; baseline 0.006 -27"><span class='ocrx_word' id='word_1_483' title='bbox 242 4987 297 5028; x_wconf 91' lang='lat' dir='ltr'><strong><em>mm</em></strong></span> <span class='ocrx_word' id='word_1_484' title='bbox 322 4975 438 5032; x_wconf 89' lang='lat' dir='ltr'><strong><em>termini</em></strong></span> <span class='ocrx_word' id='word_1_485' title='bbox 467 4972 619 5032; x_wconf 83' lang='lat' dir='ltr'><strong><em>sensuales</em></strong></span> <span class='ocrx_word' id='word_1_486' title='bbox 647 4977 847 5050; x_wconf 88' lang='lat' dir='ltr'><strong><em>requiruntur,</em></strong></span> <span class='ocrx_word' id='word_1_487' title='bbox 879 4975 908 5030; x_wconf 91' lang='lat' dir='ltr'><strong><em>in</em></strong></span> <span class='ocrx_word' id='word_1_488' title='bbox 933 4973 1040 5049; x_wconf 89' lang='lat' dir='ltr'><strong><em>quibus</em></strong></span> <span class='ocrx_word' id='word_1_489' title='bbox 1070 4973 1173 5031; x_wconf 85' lang='lat' dir='ltr'><strong><em>eadem</em></strong></span> <span class='ocrx_word' id='word_1_490' title='bbox 1203 4973 1241 5030; x_wconf 88' lang='lat' dir='ltr'><strong><em>sit</em></strong></span> <span class='ocrx_word' id='word_1_491' title='bbox 1263 4988 1402 5047; x_wconf 84' lang='lat' dir='ltr'><strong><em>expressa</em></strong></span> <span class='ocrx_word' id='word_1_492' title='bbox 1427 4974 1585 5049; x_wconf 87' lang='lat' dir='ltr'><strong><em>proportio,</em></strong></span> 
     </span>
     <span class='ocr_line' id='line_1_49' title="bbox 243 5057 1586 5136; baseline 0.001 -22"><span class='ocrx_word' id='word_1_493' title='bbox 243 5074 312 5131; x_wconf 82' lang='lat' dir='ltr'><strong><em>qnae</em></strong></span> <span class='ocrx_word' id='word_1_494' title='bbox 335 5059 446 5120; x_wconf 88' lang='lat' dir='ltr'><strong><em>relucet</em></strong></span> <span class='ocrx_word' id='word_1_495' title='bbox 469 5063 496 5118; x_wconf 86' lang='lat' dir='ltr'><strong><em>io</em></strong></span> <span class='ocrx_word' id='word_1_496' title='bbox 520 5057 636 5134; x_wconf 81' lang='lat' dir='ltr'><strong><em>mente3</em></strong></span> <span class='ocrx_word' id='word_1_497' title='bbox 661 5069 693 5118; x_wconf 88' lang='lat' dir='ltr'><strong><em>at</em></strong></span> <span class='ocrx_word' id='word_1_498' title='bbox 716 5061 768 5118; x_wconf 89' lang='lat' dir='ltr'><strong><em>tibi</em></strong></span> <span class='ocrx_word' id='word_1_499' title='bbox 791 5061 900 5119; x_wconf 82' lang='lat' dir='ltr'><strong><em>formae</em></strong></span> <span class='ocrx_word' id='word_1_500' title='bbox 923 5063 1005 5136; x_wconf 89' lang='lat' dir='ltr'><strong><em>ipsae</em></strong></span> <span class='ocrx_word' id='word_1_501' title='bbox 1028 5059 1102 5117; x_wconf 91' lang='lat' dir='ltr'><strong><em>fiunt</em></strong></span> <span class='ocrx_word' id='word_1_502' title='bbox 1124 5059 1198 5117; x_wconf 87' lang='lat' dir='ltr'><strong><em>alter</em></strong></span> <span class='ocrx_word' id='word_1_503' title='bbox 1213 5061 1361 5130; x_wconf 89' lang='lat' dir='ltr'><strong><em>terminus,</em></strong></span> <span class='ocrx_word' id='word_1_504' title='bbox 1385 5062 1509 5119; x_wconf 86' lang='lat' dir='ltr'><strong><em>materia</em></strong></span> <span class='ocrx_word' id='word_1_505' title='bbox 1525 5067 1586 5117; x_wconf 89' lang='lat' dir='ltr'><strong><em>ter-</em></strong></span> 
     </span>
     <span class='ocr_line' id='line_1_50' title="bbox 244 5145 1585 5232; baseline 0.004 -33"><span class='ocrx_word' id='word_1_506' title='bbox 244 5147 333 5204; x_wconf 87' lang='lat' dir='ltr'><strong><em>minus</em></strong></span> <span class='ocrx_word' id='word_1_507' title='bbox 357 5147 496 5226; x_wconf 89' lang='lat' dir='ltr'><strong><em>reliquus.</em></strong></span> <span class='ocrx_word' id='word_1_508' title='bbox 544 5147 608 5206; x_wconf 82' lang='lat' dir='ltr'><strong><em>Hoc</em></strong></span> <span class='ocrx_word' id='word_1_509' title='bbox 631 5155 691 5222; x_wconf 87' lang='lat' dir='ltr'><strong><em>est,</em></strong></span> <span class='ocrx_word' id='word_1_510' title='bbox 716 5145 794 5224; x_wconf 89' lang='lat' dir='ltr'><strong><em>quod</em></strong></span> <span class='ocrx_word' id='word_1_511' title='bbox 819 5145 963 5226; x_wconf 83' lang='lat' dir='ltr'><strong><em>indicavi,</em></strong></span> <span class='ocrx_word' id='word_1_512' title='bbox 985 5145 1140 5208; x_wconf 87' lang='lat' dir='ltr'><strong><em>discrimen</em></strong></span> <span class='ocrx_word' id='word_1_513' title='bbox 1164 5155 1326 5232; x_wconf 84' lang='lat' dir='ltr'><strong><em>nostrerum</em></strong></span> <span class='ocrx_word' id='word_1_514' title='bbox 1351 5150 1585 5226; x_wconf 87' lang='lat' dir='ltr'><strong><em>conceptionum,</em></strong></span> 
     </span>
    </p>
   </div>
   <div class='ocr_carea' id='block_1_4' title="bbox 0 0 2126 6384">
    <p class='ocr_par' dir='ltr' id='par_1_5' title="bbox 0 0 2126 6384">
     <span class='ocr_line' id='line_1_51' title="bbox 0 0 2126 6384; baseline 0 6"><span class='ocrx_word' id='word_1_515' title='bbox 0 0 2126 6384; x_wconf 95' lang='lat' dir='ltr'><strong><em> </em></strong></span> 
     </span>
    </p>
   </div>
  </div>
 </body>
</html>
