4242 6384
462 798 500 856 l‘i
1045 792 1216 850 Prooemium

466 989 577 1052 vapore
604 973 672 1034 ierit
702 990 786 1034 nares
814 972 995 1050 odoratuque
1026 975 1198 1054 percipitur,
1234 991 1299 1036 cnm
1326 975 1463 1052 strepitus
1493 974 1565 1052 ejus
1583 972 1713 1048 auditur,
1743 989 1812 1034 cum

463 1059 587 1121 videtur.
643 1061 709 1122 Hae
741 1063 853 1139 species
883 1058 1035 1122 sensibiles
1051 1059 1085 1121 'a
1111 1063 1246 1122 mosibus
1277 1063 1455 1139 recipiuntur
1481 1063 1636 1123 introrsum
1664 1078 1717 1138 per
1746 1063 1811 1120 vim

462 1152 747 1225 repraesentativum.
771 1167 825 1209 seu
855 1149 1084 1226 phantasticam,
1123 1156 1338 1227 cognoscuntur
1375 1167 1427 1227 per
1456 1166 1584 1216 ,sensnm
1615 1165 1809 1222 communem,

461 1236 585 1312 donique
615 1255 667 1315 per
694 1254 858 1314 supremam
881 1239 996 1298 animae
1018 1237 1186 1298 facultatem
1209 1240 1283 1298 iuter
1304 1255 1336 1297 se
1359 1243 1576 1314 comparantur,
1608 1235 1687 1312 qnod
1706 1235 1810 1296 itidem

453 1331 507 1384 ‚est
532 1326 610 1400 pati.
665 1323 721 1383 His
752 1319 790 1384 ad
818 1323 982 1384 harmonias
1011 1325 1159 1387 translatis
1189 1323 1384 1406 conciuditur,
1415 1341 1480 1385 esse
1510 1341 1560 1384 cas
1588 1341 1636 1384 res
1664 1323 1703 1382 ab
1735 1325 1811 1399 ipsis

463 1410 678 1506 quodammodo
701 1411 787 1472 rebus
811 1412 985 1480 abstractas,
1018 1418 1163 1488 quatenus
1184 1414 1297 1490 species
1320 1429 1415 1472 rerum
1446 1429 1499 1489 per
1525 1427 1629 1471 sensns
1660 1413 1811 1486 ingressae

459 1497 555 1576 adque
573 1484 704 1560 tribunal
728 1500 842 1560 animae
864 1499 1020 1578 perductae
1043 1500 1115 1560 liant
1136 1503 1250 1560 termini
1268 1500 1467 1604 proportionis
1482 1499 1668 1558 harmonicae
1681 1498 1810 1558 sensilis.

459 1585 534 1646 Sunt
564 1604 634 1646 vero
662 1585 797 1661 eaedem,
833 1589 940 1663 inquit,
971 1595 1138 1661 concretae,
1170 1596 1200 1648 et
1227 1591 1296 1665 qnia
1322 1588 1378 1647 hae
1406 1588 1519 1664 species
1540 1603 1635 1646 rerum
1657 1583 1811 1646 sensilium

459 1681 528 1758 sunt
550 1673 700 1750 qualitatis
722 1673 841 1735 sensilis
868 1671 913 1756 (in
937 1691 1024 1748 sono,
1056 1675 1166 1734 lumine
1188 1671 1261 1757 etc.)
1294 1683 1323 1735 et
1344 1682 1414 1752 qnia
1433 1683 1497 1734 tum
1518 1673 1665 1736 demum
1656 1691 1685 1731 ιι
1709 1674 1810 1732 animo

460 1760 630 1838 clarescunt,
653 1779 743 1838 quum
766 1779 811 1821 res
835 1765 916 1838 ipsae
940 1768 1055 1820 exstant
1077 1769 1107 1822 et
1127 1771 1255 1824 manent.
1285 1763 1446 1828 Dicorimen
1469 1763 1545 1822 intas
1565 1761 1621 1820 has
1640 1760 1811 1820 harmonias

460 1855 490 1909 et
512 1867 597 1910 veras
621 1849 861 1927 ,archetypicas“
892 1851 922 1907 in
946 1866 980 1910 eo
1010 1857 1063 1924 est,
1086 1849 1166 1926 qnod
1188 1853 1219 1908 in
1240 1851 1287 1910 his
1309 1853 1423 1910 termini
1445 1856 1515 1934 sunt
1536 1861 1573 1908 ex
1593 1848 1811 1910 mathematicis

459 1935 622 2014 gonoribus,
646 1936 753 1997 cuculo
769 1944 798 1996 et
813 1953 890 2011 arcu,
915 1941 994 1998 cert'o
1016 1935 1105 1997 modo
1127 1938 1267 2012 formatis,
1291 1937 1350 1996 iliis
1372 1944 1472 1998 contra
1493 1936 1550 1996 hoc
1572 1936 1711 2012 singulari
1733 1936 1811 1995 sab-

456 2025 536 2100 J'acto
558 2041 616 2082 non
639 2041 713 2101 opus
736 2031 794 2098 cst,
827 2024 878 2084 sed
908 2026 1023 2085 nonnisi
1049 2041 1081 2085 re
1112 2024 1212 2102 aliqua
1239 2026 1347 2085 sensili.
1370 2087 1374 2094 .
1399 2024 1447 2084 Ad
1476 2025 1533 2085 hoc
1563 2030 1662 2084 autem
1687 2025 1717 2080 in
1748 2021 1811 2082 iliis
1931 2022 1932 2025 ’

458 2112 614 2187 requiritur
628 2129 674 2172 res
689 2129 788 2188 agens,
812 2111 923 2172 scilicet
944 2129 1034 2186 mens,
1058 2112 1193 2188 subJecta
1208 2112 1382 2189 dijudicans.
1412 2113 1517 2189 Itaque
1538 2111 1663 2172 circulus
1685 2111 1810 2187 ejusque

460 2215 557 2272 arcus,
592 2197 719 2276 regulari
744 2199 889 2260 diuisione
917 2199 1000 2272 iacti,
1031 2207 1109 2260 sunt·
1127 2199 1292 2277 subjectum
1318 2199 1488 2261 harmoniae
1517 2195 1723 2282 inquirendam
1752 2196 1811 2256 has
1931 2256 1932 2259 ,

461 2288 640 2363 quantitates
672 2293 769 2346 mente
791 2293 853 2346 laut
883 2288 1061 2347 cxtnnsccus
1090 2296 1223 2364 receptas
1253 2295 1306 2346 aut
1330 2288 1368 2347 ab
1396 2289 1481 2346 initio
1509 2288 1539 2344 in
1570 2303 1606 2345 ca
1632 2293 1749 2345 etcum
1772 2301 1812 2344 ea

460 2380 572 2435 mestas
595 2391 659 2434 esse
681 2391 800 2460 necesse
823 2379 867 2434 est
890 2377 982 2434 etita
1004 2373 1130 2451 quidem,
1162 2383 1194 2435 ut
1223 2374 1347 2436 circulus
1378 2374 1501 2452 ejusque
1523 2390 1607 2434 arcus
1629 2373 1810 2434 eruinsecns

460 2465 489 2521 in
513 2469 639 2522 mentam
660 2464 778 2538 possint
796 2479 860 2522 esse
883 2461 965 2536 illati,
989 2461 1041 2521 sed
1054 2461 1129 2522 ratio
1144 2465 1218 2523 inter
1232 2462 1371 2523 circulum
1390 2463 1512 2539 ejusque
1533 2477 1619 2520 arcura
1640 2460 1811 2519 harmonice

380 2578 385 2590 ·
461 2568 479 2608 a
500 2551 594 2625 primo
616 2551 700 2609 initio
722 2551 812 2610 menti
835 2551 873 2608 sit
894 2551 990 2624 insita,
1014 2565 1069 2611 nec
1082 2552 1180 2627 imago
1202 2552 1242 2610 sit
1263 2552 1324 2609 veri
1346 2551 1392 2608 sni
1406 2549 1623 2626 paradigmatis,
1641 2546 1698 2608 sed
1711 2549 1810 2624 ipenr'u
1931 2622 1932 2637 χ

461 2636 553 2696 veluti
580 2636 762 2714 paradigma.
807 2635 863 2696 His
893 2637 978 2697 dictis
1010 2636 1155 2714 Keplerus
1188 2640 1335 2698 examinat
1356 2643 1488 2697 semrom
1508 2635 1749 2714 philosophorum
1771 2631 1810 2693 de

460 2725 613 2784 harmonia
627 2727 795 2800 sententias,
819 2727 907 2785 citato
921 2725 1047 2785 maxime
1062 2725 1160 2785 Procli
1173 2724 1239 2785 ioco
1262 2725 1438 2800 (Comment.
1448 2724 1484 2784 in
1498 2723 1582 2784 lib-l.
1600 2722 1691 2782 liiena
1706 2717 1808 2809 Enni.)
1824 2744 1827 2748 ⁴

461 2812 497 2872 de
521 2815 648 2873 essentia
669 2827 764 2873 rernm
787 2812 1066 2888 mathematicorum,
1092 2815 1182 2890 ,quia
1202 2829 1262 2874 non
1284 2820 1398 2872 ιιιιιιιιι
1419 2814 1561 2890 genuinos
1575 2809 1809 2870 harmonicamm

461 2902 614 2975 terminos,
638 2899 763 2965 circulos
786 2908 816 2960 et
838 2915 922 2961 arcus
945 2919 963 2960 a
983 2901 1083 2978 figuris
1101 2902 1259 2975 rescinsos,
1288 2903 1318 2960 in
1346 2903 1444 2960 anima
1470 2902 1558 2976 inqnc
1586 2905 1683 2960 mente
1704 2898 1810 2957 statuit
1931 2908 1932 2911 ’

461 2988 662 3063 essentialiter,
684 2987 843 3050 sedetiam
865 2990 935 3064 quia
955 2990 1012 3048 sihi
1035 2989 1142 3051 similia
1163 2989 1320 3104 proterenti
1343 2987 1433 3049 demit
1453 2987 1595 3047 insidiam
1616 2986 1718 3114 reiecti
1738 2983 1810 3044 hinc

460 3075 527 3136 inde
550 3075 747 3136 Aristotelis“.

564 3159 630 3224 Hae
652 3163 778 3222 rationes
801 3160 988 3223 harmonicae
1011 3163 1049 3223 ab
1072 3162 1176 3223 altiore
1197 3153 1313 3223 animae
1341 3163 1386 3237 vi,
1421 3179 1497 3239 qnae
1520 3148 1675 3222 cadomis
1696 3109 1810 3220 artibus

462 3255 492 3309 et
512 3247 604 3309 literis
626 3249 719 3324 valet,
752 3247 961 3325 diiudicenturJ
993 3256 1207 3326 cognoscuntur
1236 3258 1334 3310 antem
1362 3252 1392 3308 in
1420 3251 1527 3324 exteris
1550 3249 1645 3310 rebus
1674 3247 1810 3308 interiore

460 3337 549 3402 animi
571 3338 617 3413 vi,
647 3335 816 3396 non-modo
846 3337 972 3411 homini,
1006 3337 1057 3397 sed
1090 3338 1179 3398 etiam
1198 3338 1345 3414 pecudum
1367 3339 1481 3415 generi,
1512 3342 1606 3413 a'eqne
1628 3352 1664 3395 ac
1688 3333 1810 3410 ,mnndi

461 3426 596 3496 animaet
620 3423 722 3497 indita,
746 3425 809 3485 sive
832 3425 978 3485 instinctu.
1016 3425 1074 3484 Hic
1096 3427 1250 3484 instinctus
1271 3428 1297 3485 is
1319 3431 1373 3501 est,
1396 3426 1447 3501 qui
1469 3424 1607 3485 discernit
1628 3439 1717 3483 sonos
1738 3421 1811 3481 har-

460 3507 592 3572 monicos
622 3519 652 3573 et
682 3511 915 3572 harmonicorum
948 3511 1076 3572 sidcmm
1104 3511 1252 3572 radiomm
1285 3515 1345 3572 vim
1377 3513 1475 3573 sentit.
1519 3510 1561 3572 Ut
1591 3510 1700 3588 planus
1727 3511 1811 3570 notio

460 3601 573 3660 numeri
596 3599 633 3659 ab
656 3600 739 3659 initio
762 3601 838 3658 inest
870 3596 1022 3682 (numerus
1049 3599 1185 3663 ioliomm
1213 3603 1244 3660 in
1272 3600 1407 3674 tionibus,
1436 3616 1574 3659 numerus
1601 3614 1757 3675 manorum
1779 3599 1813 3655 in·

460 3682 581 3769 pomis),
612 3688 656 3746 ita
684 3689 881 3747 animantibus
908 3695 937 3748 et
964 3687 1076 3748 homini
1103 3689 1193 3754 insita
1219 3695 1265 3748 est
1286 3687 1384 3748 circuli
1411 3689 1507 3766 notioJ
1523 3693 1526 3700 '
1541 3688 1689 3761 ,anunac,
1721 3686 1812 3744 etiarn

461 3773 626 3848 inferiores,
658 3776 837 3852 compositae
866 3781 896 3834 at
927 3776 1123 3835 conformatae
1152 3781 1221 3835 sunt
1249 3773 1287 3836 ad
1318 3774 1471 3848 circulum,
1502 3768 1585 3835 uelut
1611 3772 1650 3833 ad
1677 3789 1812 3832 normam

462 3863 628 3940 legemque,
648 3879 775 3941 eumque
789 3864 854 3940 ipso
872 3862 979 3923 circuio
996 3863 1119 3940 ejusque
1135 3862 1415 3926 demonstrabilitate
1437 3859 1533 3943 ideam
1555 3864 1643 3939 etiam
1665 3861 1811 3920 rationum

462 3951 711 4026 harmonicarum,
746 3967 822 4030 qnae
851 3949 917 4011 inde
940 3949 1119 4028 dependent,
1151 3941 1337 4012 induerunt“.
1382 3949 1572 4044 Recipiuntnr
1597 3933 1654 4009 hae
1681 3946 1811 4017 rationes

462 4040 560 4099 animo
582 4039 613 4096 in
636 4039 724 4100 rebus
746 4037 903 4100 sensilibus
926 4055 1105 4117 persensus,
1129 4041 1158 4097 in
1179 4039 1266 4114 rebus
1282 4039 1469 4099 insensilibus
1483 4029 1543 4097 alia
1558 4037 1645 4098 animi
1660 4034 1810 4109 tenuitate,

464 4081 622 4203 „facultate
651 4130 765 4186 animae
794 4125 909 4201 vitali“,
943 4145 1018 4204 quae
1049 4145 1113 4204 cap.
1137 4127 1207 4189 VII.
1239 4109 1370 4204 pluribus
1397 4126 1566 4186 illustratur.
1616 4124 1812 4184 Praemissum

463 4221 561 4274 autem
575 4217 842 4292 interpretationem
858 4213 1026 4291 chlerus'
1019 4233 1081 4292 ipse
1101 4208 1172 4274 dicit
1197 4217 1377 4290 ,obscuram
1401 4212 1616 4289 quodammodo
1631 4209 1813 4271 materialem

463 4309 493 4362 et
516 4301 572 4360 sub
595 4303 779 4378 nubequasi
802 4303 1013 4378 ignorantiae“.
1058 4301 1227 4362 Faerritates
1249 4301 1318 4360 ilice
1340 4301 1430 4359 animi
1452 4301 1601 4360 interiores
1625 4315 1683 4357 non
1705 4299 1812 4377 sciunt,

463 4407 494 4449 se
516 4389 672 4466 percipere,
696 4395 729 4447 ut
751 4405 816 4448 curn
832 4388 965 4449 videntes
987 4387 1099 4464 aliquid
1114 4405 1172 4448 non
1187 4383 1284 4447 tamen
1301 4385 1566 4465 animadvertimus,
1587 4402 1644 4445 nos
1657 4385 1689 4445 id
1701 4384 1810 4444 videre.

462 4473 504 4537 Ut
533 4491 614 4534 amor
640 4473 756 4552 puellae
785 4477 883 4534 existit
910 4477 939 4533 in
968 4477 1066 4534 animo
1090 4476 1223 4550 juvenis,
1254 4476 1409 4534 nescientis
1437 4474 1554 4550 quade
1577 4471 1812 4548 musactqnid

463 4567 492 4622 in
515 4569 614 4623 amata
646 4562 762 4639 diligat,
794 4575 883 4639 quum
912 4562 1147 4640 physiognomon
1176 4565 1206 4620 in
1235 4559 1400 4625 amantibus
1431 4579 1557 4634 momm,
1591 4560 1663 4632 oris,
1692 4559 1812 4619 habitus

463 4650 676 4724 similitudines,
702 4666 777 4726 qnae
799 4650 996 4710 nescientibus
1019 4667 1146 4709 amorem
1169 4649 1339 4722 incendunt,
1362 4651 1491 4725 noveiit,
1521 4651 1563 4708 ita
1584 4649 1614 4705 in
1637 4646 1694 4706 ulis
1716 4647 1812 4707 iacul-

464 4740 575 4798 tatibus
601 4745 666 4814 ,est
687 4753 790 4797 sensus
812 4739 1032 4814 proportionum
1055 4739 1117 4796 sine
1140 4739 1258 4796 sensu“.
1303 4718 1390 4813 (Cap.
1413 4733 1484 4817 ll.)
1543 4768 1548 4775 <
1730 4791 1733 4796 .

569 4826 616 4885 ita
648 4834 806 4903 postquam
839 4833 884 4884 est
917 4823 1116 4900 disquisitum,
1152 4826 1200 4883 cui
1231 4825 1336 4884 insint
1352 4825 1520 4883 harmoniae
1543 4827 1682 4899 tanquam
1705 4822 1811 4898 agenti,

465 4913 601 4972 tormenti
624 4931 676 4974 seu
700 4913 811 4990 opifici,
841 4911 986 4988 liepierus
1009 4929 1072 4988 cap.
1092 4911 1147 4973 ΠΙ.
1171 4913 1266 5015 pergit
1287 4911 1325 4971 ad
1347 4907 1563 4986 subjectum,
1554 4929 1584 4968 ιι
1607 4907 1686 4986 quqd
1708 4915 1813 4986 agaim

465 5000 631 5060 harmoniis.
665 5000 747 5076 Haec
762 5006 861 5060 antem
876 4999 1009 5075 subjecta
1031 5005 1113 5059 sunt.
1137 5001 1242 5074 anima,
1267 5017 1342 5076 quae
1365 4997 1509 5075 descripta
1523 5005 1568 5058 est
1582 5017 1602 5057 a
1618 4997 1682 5057 Deo
1704 4998 1746 5053 ιι
1756 4996 1811 5055 has

466 5089 668 5174 proportiones
698 5088 895 5161 harmonicas,
925 5087 1075 5162 planetae,
1109 5087 1231 5163 quibus
1233 5086 1384 5165 regularis
1413 5087 1490 5146 inest
1519 5093 1615 5145 motus
1638 5090 1667 5143 et
1689 5099 1812 5188 quornm

467 5191 604 5235 numerus
626 5177 712 5236 certis
735 5193 770 5236 ex
791 5175 944 5236 harmonia
966 5172 1106 5234 desumtis
1138 5172 1253 5250 iegibus
1285 5173 1421 5234 definitus
1443 5180 1501 5247 est,
1533 5169 1659 5249 denique
1686 5172 1811 5244 animae,

466 5265 605 5326 creaturis
616 5255 770 5324 mundanus
781 5263 955 5342 praelectae
977 5261 1103 5339 Inqurnt
1111 5259 1267 5339 Keplerus,
1279 5279 1349 5322 nnm
1359 5259 1529 5323 harmoniae
1540 5260 1648 5321 msrnt
1639 5276 1669 5316 ιι
1681 5273 1811 5333 numero,
