4242 6384
634 798 656 820 .·
752 756 834 820 biber
850 760 885 818 ii.
915 761 1006 832 Caput
1021 745 1067 819 lX.
1523 752 1587 833 11111

244 942 375 1010 scripturn:
403 956 470 1010 erpo
495 937 551 994 iilis
569 954 604 995 ex
629 935 807 1008 possibilibus
834 936 983 992 harmoniis
1009 933 1136 992 minimae
1163 935 1309 1004 debentur,
1336 936 1438 1006 qnippe
1456 944 1588 1008 cognatae

243 1027 340 1089 propter
346 1019 411 1087 boe,
431 1025 498 1077 etut
509 1034 554 1072 ax.
564 1019 589 1073 2.
599 1017 690 1072 locum
707 1016 818 1070 babeat:
834 1015 921 1084 Atqui
936 1016 1094 1073 barmoniae
1107 1014 1226 1072 omnium
1237 1013 1372 1085 minimae,
1392 1029 1430 1070 sc.
1450 1015 1485 1085 ⁵l,
1498 1023 1527 1070 et
1539 1017 1587 1086 il„

243 1115 288 1152 non
303 1106 366 1153 sust
383 1096 546 1166 possibiles,
573 1111 725 1166 perprop.
744 1097 769 1151 6.
796 1096 880 1164 Ergo
909 1095 1044 1151 debentur
1068 1091 1162 1163 figuris
1190 1092 1268 1148 dictis
1288 1091 1450 1150 barmoniae
1465 1096 1588 1164 proxime

242 1176 344 1243 majores
361 1175 450 1244 bisce,
468 1176 573 1232 wilioet
590 1176 634 1230 vel
652 1175 687 1242 ⁸1,
705 1173 748 1227 vel
769 1173 801 1243 ’1,
818 1173 862 1228 vel
880 1173 913 1241 ὃ1,.
931 1174 975 1229 vel
993 1173 1036 1243 il,

317 1253 440 1308 Rursum
457 1254 546 1323 dqura
563 1254 635 1310 inter
650 1254 785 1309 Venerem
803 1260 831 1308 et
848 1252 1015 1312 Mercurium
1031 1251 1207 1320 interlucata,
1225 1251 1330 1308 scilieet
1349 1247 1506 1322 octaedron,
1526 1269 1588 1321 pror
1666 1291 1668 1297 -

243 1331 383 1400 portionem
402 1331 488 1386 babet
505 1332 620 1386 eandem
639 1349 749 1388 suorum
768 1332 881 1401 orbium,
900 1348 982 1401 qnam
1000 1331 1102 1386 cubus:
1122 1337 1150 1386 at
1168 1332 1239 1386 cubo
1257 1347 1307 1400 pro
1325 1329 1422 1386 minori
1439 1330 1588 1396 harmonia,

243 1418 360 1479 quaeest
377 1412 453 1468 inter
470 1421 561 1475 motus
578 1419 781 1480 convescentes,
800 1411 912 1470 obvenit
928 1410 1069 1482 diapason,
1087 1425 1137 1479 per
1154 1423 1237 1478 prop.¹
1251 1411 1276 1478 i,
1295 1424 1359 1477 ergo
1378 1407 1523 1468 deberemr
1540 1424 1590 1476 per

243 1489 382 1559 andagium
401 1490 486 1560 etiam
503 1491 632 1546 curcum
650 1500 735 1558 unta,
751 1507 790 1546 sc.
814 1491 845 1562 ’1,
865 1508 915 1560 pro
934 1483 1039 1568 minori,
1058 1490 1083 1546 si
1100 1489 1168 1546 nihil
1187 1488 1350 1560 diversitatis
1369 1489 1519 1544 accederet.
1537 1489 1589 1544 Ac·

244 1568 302 1623 cedit
320 1577 415 1634 autem
433 1567 485 1624 hoc
503 1569 675 1634 diversitatis,
694 1571 767 1642 quod
786 1568 942 1626 cubicorum
960 1569 1069 1637 quidem
1086 1567 1267 1636 planetarum,
1286 1565 1396 1620 Saturni
1415 1561 1452 1621 sc'.
1465 1573 1492 1620 et
1504 1565 1589 1636 Josis,

244 1645 407 1716 singulorum⁴
419 1648 545 1716 propriae
563 1656 684 1703 motuum
711 1648 902 1720 proportiones
925 1645 1039 1715 junctae
1057 1645 1213 1706 efficiebant
1238 1660 1369 1710 summam
1388 1662 1442 1700 uon
1460 1643 1590 1714 majorem

244 1739 311 1789 quum
331 1723 375 1791 il„
396 1725 442 1779 bic
460 1722 523 1780 vero
537 1727 751 1781 octaedricorum
763 1728 943 1796 planetarum,
959 1722 1076 1780 'Veneris
1089 1731 1116 1778 et
1128 1721 1265 1790 Mercurii,
1285 1721 1451 1788 singulorum
1464 1723 1591 1792 propriae

242 1801 339 1868 junctae
356 1802 462 1857 facient
479 1820 612 1858 summam
629 1805 758 1874 majorem
777 1822 859 1874 quam
880 1806 923 1874 ’1,
942 1803 1016 1873 qnod
1033 1802 1123 1857 iaoile¹
1134 1803 1173 1857 slc
1191 1807 1313 1870 apparet.
1332 1800 1497 1858 Esto'enlm.
1516 1799 1590 1869 qnod

244 1881 382 1946 requireret
401 1882 528 1950 analogia
545 1883 617 1938 inter
634 1885 733 1950 cubum
751 1891 780 1938 et
796 1883 960 1950 ueterrimo,
989 1882 1013 1937 si
1031 1881 1091 1935 sola
1108 1889 1194 1946 esset,
1221 1881 1257 1935 sit
1283 1881 1393 1948 inquam
1411 1880 1498 1934 minor
1516 1888 1591 1935 octa·

245 1960 331 2026 edricr,
347 1961 439 2028 major
456 1976 537 2029 qnam
554 1969 619 2016 sunt
636 1962 682 2019 bic
699 1963 892 2032 praescriptae,
911 1960 1034 2030 'adeoque
1047 1959 1087 2016 sic
1097 1959 1186 2029 'plane
1197 1967 1283 2032 tanta,
1302 1965 1405 2028 quanta
1417 1959 1469 2012 init
1487 1959 1590 2026 cubica,
1606 1959 1612 1972 '

245 2039 335 2094 scilicet
357 2039 403 2110 Ἧι
423 2046 485 2094 erat
499 2056 564 2094 vero
581 2040 669 2110 maior
689 2042 721 2114 ¹1,
739 2059 789 2112 per
805 2058 883 2111 prop.
901 2043 946 2100 12.
980 2040 1083 2104 Ablata
1099 2039 1182 2108 igitur
1199 2039 1279 2106 binc,
1300 2055 1384 2108 quam
1401 2038 1487 2098 modo
1500 2039 1592 2108 posui·

245 2133 300 2180 nna
316 2119 425 2173 minore
446 2116 509 2190 ¹l„,
524 2128 619 2178 manet
634 2121 725 2179 adbuc
746 2120 778 2192 ¹1,
797 2136 848 2189 pro
865 2135 972 2175 summa
988 2119 1159 2188 propriarum
1177 2117 1291 2196 Veneris
1309 2125 1337 2172 et
1354 2118 1498 2187 Mercurii,
1517 2119 1592 2192 atqui

250 2202 273 2267 ’1,
285 2198 345 2266 plus
363 2205 411 2253 est
428 2215 509 2268 quarn
527 2216 632 2254 summa
651 2200 684 2269 ²l,
700 2197 872 2268 propriarum
890 2195 1001 2253 Saturni
1020 2205 1049 2250 et
1067 2197 1156 2266 iovis,
1183 2201 1290 2254 atvero
1313 2195 1441 2263 majorem
1460 2212 1592 2253 sununam

246 2276 304 2329 bane
317 2276 412 2344 'major
431 2277 554 2347 seqnitur
572 2278 772 2345 eccentricitas,
798 2292 848 2347 per
866 2292 925 2346 cap.
944 2276 973 2344 3,
992 2275 1121 2343 majorem
1140 2291 1203 2348 vero
1224 2273 1451 2330 eccenlricitatem
1471 2277 1593 2344 sequitur

246 2357 318 2410 mmor
335 2357 479 2425 proportio
497 2358 619 2411 motuuin
637 2355 866 2426 convergentinm,
883 2368 934 2423 per
951 2353 1023 2408 idom
1042 2369 1101 2422 cap.
1116 2355 1140 2409 3.
1158 2353 1250 2422 Quare
1265 2351 1296 2406 fit
1309 2354 1464 2408 accessione
1481 2353 1592 2420 majoris

247 2436 445 2490 mertdcitatis
460 2435 500 2490 'ad
518 2435 671 2505 analogiam
692 2435 766 2496 inter
786 2435 893 2489 'cubum
921 2440 950 2487 et
975 2432 1135 2500 octaedron,
1164 2435 1195 2488 nt
1221 2433 1308 2486 minor
1330 2431 1411 2486 etiam
1438 2434 1593 2502 requiratur

247 2513 458 2579 mnrmgentiam
476 2513 592 2569 Veneris
620 2522 648 2568 et
665 2515 794 2570 Mercurii
819 2512 975 2582 proportio,
1003 2527 1085 2582 qnam
1108 2511 1150 2582 ¹13.
1186 2509 1218 2566 ld
1245 2511 1326 2564 etiam
1352 2512 1515 2565 convenicus
1534 2519 1593 2566 erat

248 2591 362 2644 axiomati
381 2594 419 2660 1,
446 2600 477 2646 ut
494 2592 636 2648 harmonia
662 2593 794 2663 diapason
822 2593 949 2647 absumta
976 2591 1005 2643 in
1022 2589 1134 2645 cubicoe
1151 2589 1342 2644 conciliaretur
1358 2589 1520 2644 ootmdricis
1539 2589 1592 2660 alia

247 2670 356 2736 proxima
373 2677 473 2740 emper
489 2673 613 2740 priorem
628 2671 887 2728 demonstrationem
903 2669 992 2724 minor
1017 2684 1099 2738 qnam
1122 2671 1162 2738 ¹l,.
1198 2670 1255 2726 Est,
1276 2673 1365 2736 autem
1381 2668 1443 2722 bac
1469 2668 1592 2736 proxime

248 2746 320 2801 ninor
337 2751 386 2817 il„
406 2765 478 2818 quae
496 2759 528 2806 ut
544 2752 632 2820 major
649 2767 685 2806 ex
702 2751 801 2807 tribue·
810 2748 960 2804 debebatur
976 2747 1080 2818 figurae
1097 2749 1209 2816 maioris
1227 2747 1462 2802 orbiumssuorum
1479 2759 1591 2814 proper·

249 2825 322 2894 ΜΒ,
339 2828 472 2884 octaedro
490 2829 600 2902 adimet.
636 2831 760 2896 Minores
785 2832 868 2899 igitur
886 2829 919 2900 51,
937 2837 965 2884 et
985 2827 1016 2899 ²),
1039 2827 1083 2880 vel
1102 2827 1135 2896 31,
1161 2826 1385 2897 relinquebantur
1411 2823 1545 2886 icosiedro
1565 2827 1593 2876 et

250 2901 417 2976 dodecaedro,
427 2906 530 2976 ‚figaris
548 2908 731 2978 proportionis
750 2907 856 2964 orbium
873 2924 985 2983 suorum
1001 2905 1121 2962 minoris.
1265 2911 1266 2916 ’

320 2986 379 3040 Hae
409 3003 486 3054 voro.
500 2987 626 3042 residuae
652 2987 724 3041 inter
751 2986 818 3042 duas
843 2983 966 3060 residuas
993 2985 1033 3038 sic
1058 2992 1122 3038 sunt
1149 2981 1319 3038 distributae.
1356 2981 1432 3038 Sicut
1459 2980 1530 3035 enirn
1558 2993 1593 3032 ex

251 3059 338 3134 figuris,
365 3064 435 3120 licet
459 3065 612 3134 aequalium
631 3065 705 3118 inter
731 3081 795 3119 snos
823 3063 902 3118 orbes
929 3062 1150 3132 proportionum,
1178 3061 1265 3114 cubus
1292 3057 1399 3128 quidem
1419 3059 1531 3116 sortitus
1550 3063 1594 3123 est

251 3137 402 3198 lamoniam
422 3145 471 3212 ¹l„
499 3142 648 3199 octaedron
666 3158 729 3199 vero
749 3145 782 3211 '’l,
799 3143 945 3210 minorem,
978 3157 1010 3197 eo
1029 3139 1102 3210 qnod
1122 3155 1227 3194 summa
1244 3139 1415 3208 propriarum
1433 3139 1547 3194 Veneris
1565 3147 1594 3194 et

252 3217 359 3275 ilercurii
377 3231 523 3291 superaret
546 3239 677 3278 summam
702 3222 874 3292 propriaram
893 3222 1004 3277 Saturni
1029 3229 1058 3274 et
1075 3219 1164 3273 Jovis:
1195 3218 1234 3272 sic
1253 3217 1334 3272 etiam
1351 3218 1395 3272 hie
1413 3216 1592 3290 dodecaedrq

252 3300 354 3360 qumvis
370 3301 403 3354 id
422 3301 536 3356 eandem
553 3301 637 3357 iacnt
654 3303 760 3356 orbium
778 3316 888 3356 snorum
906 3300 1111 3370 proportionem
1140 3311 1221 3366 quam
1248 3296 1415 3366 icosiedron,
1442 3296 1594 3366 debebatur

252 3374 322 3428 minor
338 3395 423 3446 quarn
442 3380 591 3448 icosiedro,
617 3381 744 3449 proxima
759 3387 852 3436 tamen
870 3388 984 3450 propter
1002 3379 1118 3434 similem
1136 3389 1265 3442 causam,
1282 3392 1318 3430 sc.
1339 3376 1403 3444 quia
1420 3376 1489 3432 haec
1506 3375 1594 3445 figura

253 3460 285 3504 ert
297 3456 364 3512 inter
382 3456 523 3514 Tellurem
541 3469 574 3516 ct
586 3458 718 3528 Martem,
745 3461 823 3529 cujus
841 3454 1075 3527 in'superioribus
1094 3473 1193 3525 maqm
1217 3455 1290 3510 iacta
1314 3461 1374 3510 erat
1391 3456 1592 3524 ecceotricitas3
1617 3509 1618 3518 ,

253 3531 347 3590 Veneris
364 3553 431 3592 vero
450 3545 479 3592 et
495 3537 628 3606 Telluris,
656 3547 687 3593 ut
704 3540 734 3594 ia
752 3538 930 3606 sequentibus
948 3537 1102 3606 audiemus,
1129 3535 1254 3590 minimae
1266 3563 1269 3572 ›
1281 3541 1348 3605 sunt,
1368 3533 1593 3592 eceentricitetes.

252 3610 279 3664 lt
293 3630 349 3668 cum
366 3615 639 3685 octaedronbsbeat
657 3617 888 3686 31,,,ἱιοιιίοιίιιιι
907 3617 988 3686 cujus
1006 3615 1112 3670 orbium
1131 3613 1271 3683 proportio
1289 3613 1384 3680 minor,
1403 3611 1593 3672 succedentem

254 3691 320 3753 lille
335 3696 469 3750 minorem
484 3696 546 3761 illa,
568 3698 676 3765 suist:
700 3695 905 3764 relinquebatur
921 3697 1005 3764 igitur
1023 3693 1193 3749 dodecredro
1216 3691 1259 3746 vel
1280 3691 1312 3761 il,
1331 3691 1455 3759 residua,
1483 3689 1526 3743 vel
1546 3689 1592 3762 jis„
1635 3700 1641 3715 ·

255 3769 327 3831 potius
344 3789 411 3827 vcro
429 3773 484 3843 illa,
503 3775 605 3844 quippe
622 3775 735 3844 propior
751 3775 935 3829 icosaedricae
954 3777 1003 3840 ⁵l„
1021 3774 1085 3842 quie
1103 3779 1131 3828 et
1149 3771 1252 3840 figurae
1271 3770 1372 3825 similes
1390 3777 1462 3824 sunt.
1573 3785 1577 3794 ’

322 3850 357 3903 At
373 3851 567 3922 saporabilis
586 3853 695 3921 quidem
713 3852 844 3929 initia„
865 3851 926 3906 Etsi
953 3852 1038 3914 enim.
1055 3851 1122 3908 satis
1149 3865 1249 3920 magna
1261 3859 1326 3912 ,eras
1353 3849 1380 3902 in
1408 3848 1593 3918 superioribus

256 3928 345 3994 supra
362 3933 505 4001 proportio
522 3938 644 3998 motuum
664 3938 846 3996 extremorum
858 3931 970 3999 Martis,
990 3939 1019 3984 at
1030 3929 1132 3996 Tellus,
1151 3935 1182 3984 ut
1195 3925 1368 3998 jamdictum
1387 3935 1414 3981 et
1432 3927 1460 3980 in
1479 3941 1593 3994 aequen-

256 3999 312 4056 tiius
327 4001 441 4075 patebit,
459 4009 618 4064 conferebat
634 4007 773 4078 propriam
791 4010 931 4076 minorem,
949 4025 1032 4078 quam
1050 4011 1082 4061 ut
1100 4007 1357 4075 summantriusque
1376 4012 1518 4076 superaret
1532 4003 1592 4060 dia·

256 4091 329 4145 iente.
362 4090 427 4145 lion
444 4097 554 4159 poterat
570 4089 654 4157 igitar
672 4089 761 4143 locum
779 4089 880 4143 babere
899 4090 946 4159 ³1„
970 4103 1021 4156 per
1044 4101 1123 4154 prop.
1143 4087 1183 4140 7.·
1203 4085 1235 4138 ld
1254 4101 1286 4139 eo
1305 4081 1435 4154 amplius,
1461 4083 1539 4152 quia,
1562 4089 1593 4136 ut

258 4172 368 4271 Quem
394 4165 473 4238 prop.
493 4169 535 4238 ri,
548 4169 641 4247 'major
665 4183 726 4222 ease
754 4167 849 4223 debuit
865 4166 1068 4222 intervallorum
1087 4163 1306 4232 couvergentinm
1330 4161 1483 4233 proportio,
1511 4177 1593 4229 quam
1624 4187 1625 4190 ¹

295 4276 558 4398 ''imporuvo
584 4317 673 4379 XVI.
720 4321 844 4380 Veneris
867 4327 898 4380 et
918 4317 1057 4381 Mercurii
1080 4325 1212 4376 motuum
1240 4317 1461 4394 proportiones,
1492 4315 1593 4390 cujns·

261 4415 304 4472 (lut
323 4410 466 4486 propriae,
485 4405 609 4483 junctae
633 4407 796 4468 debuerunt
819 4407 933 4468 allicere
956 4403 1013 4490 “l„
1032 4407 1155 4465 circiter.

314 4497 396 4553 Auser
413 4497 484 4552 enim
501 4494 634 4560 minoiern
650 4498 835 4554 harmonicam
856 4497 904 4569 ⁰1„
927 4499 991 4552 hnic
1009 4495 1089 4565 bigae
1108 4496 1286 4551 communiter
1304 4494 1432 4550 tributam
1451 4509 1529 4564 prop.
1550 4493 1593 4561 15,
1681 4559 1691 4573 .

263 4567 402 4632 stilorum
414 4575 512 4645 maiori
531 4577 561 4648 Ι14
579 4577 622 4632 vel
640 4579 704 4652 ³t„,
723 4593 773 4648 per
790 4594 870 4648 prop.
886 4577 927 4646 12,
945 4582 1032 4632 reetat
1044 4576 1110 4646 θ1η,
1129 4591 1233 4632 summa
1251 4575 1423 4654 propriarum
1442 4571 1596 4648 utriusque..

264 4646 338 4721 ltaque
353 4657 483 4711 Mercurii
501 4657 586 4711 solius
612 4657 725 4726 propria
751 4664 875 4722 motuum
900 4658 1083 4712 extremorum
1111 4655 1252 4726 proportio
1279 4653 1366 4706 minor
1383 4659 1425 4707 est
1444 4663 1524 4720 quam
1544 4649 1592 4718 ll„

265 4732 393 4791 annuato
413 4736 540 4804 propriae
558 4735 680 4791 Veneris.
715 4735 841 4806 Intelliqe
868 4738 922 4792 boc
947 4737 981 4791 de
999 4737 1042 4792 bis
1060 4736 1155 4806 primis
1174 4731 1332 4804 rationibus.
1369 4729 1438 4785 Nam
1457 4727 1528 4782 inira
1545 4739 1595 4795 per·

236 4839 237 4847 2
266 4813 374 4868 suanias
392 4815 526 4883 rationes,
553 4815 701 4870 accedente
721 4812 909 4873 communibus
926 4806 1069 4884 utriusque
1087 4811 1233 4869 harmoniis
1252 4809 1342 4879 aliquo
1361 4808 1509 4874 fermento,
1537 4801 1594 4857 eiii·

268 4883 345 4958 rietur,
360 4899 392 4949 ut
409 4891 468 4946 sola
484 4891 597 4961 propria
613 4892 750 4959 Mercurii¹
760 4892 881 4962 perfecte
899 4893 1021 4948 obtineat
1039 4893 1099 4963 ij„
1536 4957 1543 4972 ·

333 4963 546 5043 Propositio
568 4965 674 5026 XVII.
718 4964 881 5028 Harmonia
902 4976 1035 5028 motuum
1057 4967 1163 5027 Martis
1187 4970 1216 5024 ct
1232 4961 1360 5032 Telluris
1382 4959 1594 5034 divergentrum

269 5057 312 5103 non
328 5057 421 5126 potnit
442 5071 508 5136 esse
528 5055 624 5122 minor
647 5073 736 5131 quam
758 5051 838 5136 ⁶4,-
883 5068 893 5108 ·'
1011 5105 1015 5111 .
1435 5115 1438 5122 ,

284 5205 289 5216 Ι
332 5135 401 5201 Nam
415 5136 492 5210 solus
509 5137 585 5192 biars
600 5145 701 5204 namna
718 5137 771 5194 fuit
787 5139 816 5193 in
833 5137 945 5207 propria
965 5152 1076 5194 suorum
1100 5143 1220 5196 mutuum
1238 5131 1413 5203 proportione
1432 5127 1493 5198 plus
1513 5141 1593 5194 quarn
1704 5159 1706 5162 -

272 5201 420 5273 i&lassaron
432 5223 461 5272 et
476 5217 539 5286 plus
556 5233 638 5292 quarn
659 5215 730 5296 ¹⁸13„
755 5231 805 5286 per
821 5233 900 5287 prop.
918 5217 962 5272 ii.
998 5217 1089 5283 Minor
1107 5231 1170 5280 vero
1188 5213 1330 5270 harmonia
1353 5212 1461 5266 illorum
1478 5217 1521 5264 est
1539 5207 1594 5282 dia-

310 5319 520 5377 sonnoque.
1397 5305 1438 5364 20
