4242 6384
749 798 834 857 Liber
849 798 897 853 IV.
916 798 1006 867 caput
1022 797 1073 853 ΠΙ,
1124 820 1128 825 ·
1525 806 1587 865 927
1661 799 1666 811 ’

260 982 340 1039 haunt
364 978 471 1054 eidem,
502 986 536 1037 nt
565 980 646 1055 operi
667 978 735 1037 Dei.
781 976 865 1053 Quae
895 996 966 1039 vero
988 981 1112 1041 materia
1142 980 1331 1057 participant,
1360 978 1413 1038 illa
1441 978 1529 1039 simul
1561 986 1591 1041 at

259 1084 357 1127 numero
386 1075 416 1127 et
437 1066 854 1143 magnitudineparticipant
901 1068 941 1125 At
970 1066 1202 1142 magnitudinem
1231 1068 1364 1144 sequitur
1387 1084 1485 1127 earnm
1515 1070 1590 1129 situs

259 1154 370 1231 inloc03
400 1156 508 1231 quibus
537 1153 663 1230 denique
693 1153 800 1212 accidit
831 1161 928 1216 motus
957 1154 1069 1236 localis.
1113 1154 1258 1215 Numerus
1287 1156 1375 1229 igitur
1404 1164 1449 1214 est
1478 1152 1592 1231 aliquid

257 1251 343 1301 natura
363 1244 442 1320 prins
464 1242 625 1315 harmonia,
649 1245 721 1317 qnia
743 1250 858 1319 oportet
879 1244 1018 1301 terminos
1040 1242 1210 1302 harmoniae
1226 1242 1369 1319 cujusque
1383 1260 1449 1303 esse
1471 1259 1591 1304 numero

258 1330 337 1408 plures
360 1348 430 1389 uno.
474 1328 575 1389 Habet
601 1339 700 1389 tamen
728 1337 759 1389 et
789 1346 927 1389 numerus
955 1332 1116 1407 primorum
1145 1328 1245 1389 mundi
1276 1340 1427 1407 corporum
1455 1344 1525 1390 suas
1555 1348 1592 1390 ιιι

257 1420 396 1491 geometria
419 1434 540 1491 musas,
565 1435 640 1493 quas
662 1416 737 1475 inira
758 1415 809 1475 lih
833 1416 871 1475 V.
894 1435 931 1477 ιι
953 1417 1096 1494 Mysterio
1120 1436 1185 1477 meo
1209 1417 1458 1495 Gcsmographico
1482 1426 1595 1505 repeto

259 1507 439 1578 quantitatem
461 1502 597 1582 sequitui
614 1505 718 1579 figura,
741 1503 896 1563 individua
918 1504 982 1579 ejus
1004 1508 1178 1583 proprietas,
1202 1522 1278 1582 quac
1301 1522 1352 1565 cur
1366 1506 1491 1581 globosa
1513 1505 1593 1565 side·

257 1594 348 1651 ribus·
341 1597 456 1675 ipsique
479 1593 554 1653 adeo
577 1592 688 1653 mundo
709 1592 873 1665 deberetur,
897 1610 938 1651 sc.
961 1612 999 1651 ex
1020 1594 1166 1668 sphaerici
1187 1593 1360 1670 archetypo,
1382 1593 1410 1652 id
1428 1593 1499 1653 alibi
1522 1603 1593 1671 pas·

257 1683 296 1737 sim
316 1681 389 1739 solet
413 1681 562 1759 explicari.
607 1680 744 1755 Figurae
754 1696 908 1768 corporum
931 1679 1114 1742 diversorum
1142 1684 1242 1741 statim
1265 1682 1400 1757 sequitur
1422 1690 1503 1741 certa
1524 1698 1594 1759 pro,-

257 1770 333 1844 portio
356 1786 451 1845 eaque
474 1767 592 1845 triplex:
616 1786 676 1827 una
697 1767 921 1845 diametrorum,
943 1768 1038 1827 altera
1060 1768 1295 1849 superficierum,
1323 1770 1409 1829 tortia
1431 1770 1533 1846 spatii
1541 1786 1594 1829 seu

257 1873 401 1932 corporum
447 1855 542 1931 Igitur
561 1858 589 1914 si
612 1874 721 1916 causae
744 1855 848 1915 harum
870 1858 1092 1933 proportionum
1115 1857 1275 1917 aliusnon
1298 1862 1502 1935 suppeterent,
1524 1873 1595 1935 pro-

257 1875 374 2002 habpiluer
397 1961 551 2024 possemne
574 1944 727 2015 affirmare,
750 1961 787 2003 ex
810 1943 969 2002 harmoniis
990 1961 1055 2005 esse
1072 1945 1230 2005 desumtas.
1277 1943 1477 2021 Quaecunque
1497 1952 1594 2004 tamen

257 2049 296 2089 ιιι
316 2039 392 2105 sunt
416 2032 484 2091 illas
506 2030 597 2108 globi
611 2032 757 2091 coelestes
779 2033 842 2090 sine
858 2032 921 2091 ulla
935 2021 1098 2093 mutatione
1121 2032 1299 2105 custodiunt,
1323 2034 1434 2110 quippe
1448 2034 1497 2108 qui
1514 2031 1595 2091 nullo

257 2126 321 2176 notu
342 2121 521 2197 temporisve
551 2119 682 2187 decursu
707 2118 835 2194 maiores
856 2121 1023 2179 minoresve
1044 2119 1127 2180 fiunt.
1174 2120 1265 2180 Secus
1295 2128 1339 2179 est
1370 2136 1434 2179 cum
1458 2122 1495 2179 iis
1526 2136 1596 2197 pro·

258 2208 440 2280 portionibus,
471 2223 548 2283 quae
569 2209 669 2265 insunt
692 2206 863 2284 corporibus
892 2224 983 2265 cansa
1004 2210 1079 2267 situs
1108 2218 1138 2267 et
1167 2226 1256 2267 causa
1285 2214 1419 2267 motuum
1440 2206 1595 2279 localiumq

258 2293 311 2350 illac
332 2297 411 2353 enirn
434 2296 560 2353 retinent
582 2296 732 2371 ingenium
755 2302 853 2353 motus
876 2296 979 2378 ipsius,
1003 2298 1055 2371 qui·
1077 2299 1161 2354 utin
1184 2298 1322 2355 continuo
1343 2295 1423 2371 fleri,
1447 2289 1611 2371 nunquam'

257 2382 278 2435 ιι
302 2398 356 2439 erse
378 2389 531 2460 versatur,
561 2384 605 2441 sic
635 2385 725 2441 etiam
753 2384 959 2459 proportiones
986 2390 1120 2441 motuum
1151 2386 1349 2443 inconstantes
1380 2390 1450 2443 sunt
1472 2383 1598 2460 aliisque

257 2471 422 2545 temporibus
453 2468 541 2529 alias.
591 2468 702 2529 Vemm
731 2469 849 2545 quidem
879 2480 940 2544 ιιι,
972 2474 998 2528 si
1024 2480 1124 2531 motus
1155 2486 1307 2547 corporum
1338 2471 1509 2531 coelestium
1539 2488 1599 2529 non

257 2558 366 2616 renuet
388 2575 492 2617 eorum
514 2557 671 2619 intervalla
698 2576 717 2617 a
740 2559 886 2617 communi
907 2565 987 2617 meta
1013 2576 1067 2617 sen
1096 2559 1159 2618 basi
1190 2558 1305 2632 mundi,
1337 2559 1365 2615 h.
1389 2576 1414 2618 e.
1443 2559 1468 2617 si
1501 2560 1599 2617 nullus

257 2653 319 2701 osset
340 2662 443 2718 eorum
464 2653 561 2723 motus
585 2648 613 2703 iu
638 2646 730 2705 altum
753 2653 783 2703 et
804 2646 990 2722 profundum,
1013 2646 1066 2705 sed
1081 2649 1176 2705 omnis
1200 2650 1228 2704 in
1244 2662 1354 2705 merum
1372 2648 1512 2705 circulum
1527 2663 1599 2707 corr·

258 2732 408 2805 neutricum,
433 2739 502 2791 tuuc
524 2749 583 2791 uon
606 2739 722 2791 tautum
743 2732 964 2791 intervallorum
985 2736 1136 2810 proportio
1161 2732 1384 2807 constans,¹sed
1408 2737 1498 2793 etiarn
1520 2748 1600 2795 mere

258 2817 412 2881 harmonica
440 2822 538 2879 lutura
566 2821 686 2893 luisset,
715 2822 879 2879 si·cansae
899 2822 978 2879 aliae
1007 2838 1068 2879 nou
1089 2824 1308 2899 suppetiissent.
1352 2818 1435 2879 Idem
1458 2820 1495 2881 ιιι
1518 2830 1601 2881 motu

259 2904 396 2967 dicendum
420 2926 511 2967 causa
533 2926 605 2969 snae
628 2910 781 2980 esseutiae,
805 2908 835 2965 id
858 2916 904 2967 est
925 2924 1016 2967 causa
1038 2924 1111 2967 snae
1131 2910 1288 2969 celeritatis
1312 2924 1398 2968 verae
1421 2926 1474 2985 per
1496 2908 1600 2969 aethe·

258 3010 316 3069 rem,
343 3014 422 3071 qnae
444 2999 472 3058 si
493 3004 631 3055 constans
651 2994 776 3071 siugulis
804 3004 882 3055 esset
911 3005 941 3053 et
961 3004 1119 3073 perpetua,
1151 2996 1274 3055 dubium
1300 2996 1499 3069 nullnmest,
1530 2999 1602 3072 quta

258 3079 300 3139 ιιι
321 3082 503 3143 diversorum
526 3082 690 3143 celeritates
703 3091 752 3142 ·'et
774 3084 928 3143 tarditates
958 3084 997 3141 ad
1020 3084 1102 3159 leges
1133 3084 1317 3143 harmonicas
1346 3084 1471 3143 luissent
1493 3092 1600 3144 attem-

259 3178 367 3241 peratae.
414 3171 498 3231 Idem
521 3171 648 3247 denique
670 3170 709 3230 de
730 3165 836 3229 codem
857 3178 940 3229 motu
964 3171 1118 3229 dicendum
1143 3174 1336 3231 etiamcanss
1359 3173 1482 3232 coniecti
1498 3170 1606 3249 spatii,

260 3256 302 3312 snb
321 3259 445 3319 zodiaco
468 3261 647 3336 apparentis.
691 3257 767 3320 Nam
790 3262 816 3315 si
839 3275 941 3339 omues
962 3258 1100 3336 planetae
1131 3258 1241 3319 eodeni
1263 3265 1345 3318 motu
1370 3263 1524 3337 apparenti
1547 3259 1602 3319 snb

260 3342 364 3404 mdiaco
388 3346 562 3406 debuissent
584 3345 726 3419 incedere,
750 3362 806 3405 uec
828 3362 966 3426 unquam·
981 3345 1099 3423 lougius
1123 3346 1251 3407 alterab
1267 3348 1360 3407 altero
1381 3350 1520 3423 separari,
1544 3364 1603 3406 non

261 3438 295 3486 est
314 3432 451 3507 dubium,
482 3436 553 3510 quin
576 3434 659 3493 Deus
679 3433 773 3493 talem
796 3432 912 3491 illorum
945 3436 1035 3493 situm
1057 3434 1095 3493 ad
1118 3452 1150 3494 ιι
1173 3444 1275 3494 mutuo
1306 3436 1361 3493 suh
1384 3435 1506 3495 nodiaco
1530 3451 1602 3495 cou-

234 3561 235 3564 ,
262 3519 387 3581 stitnisset
410 3520 479 3580 inde
502 3523 540 3581 ah
563 3524 647 3579 initio
671 3516 833 3601 (siquidem
855 3520 948 3580 libera
970 3530 1000 3580 et
1021 3538 1080 3581 non
1103 3522 1170 3581 aliis
1192 3523 1375 3583 necessitatis
1391 3522 1505 3600 legibus
1528 3537 1604 3583 nera

234 3645 235 3684 ,
262 3604 347 3665 inisset
377 3608 496 3671 illorum
524 3604 718 3689 dispositio),
747 3610 799 3710 qui
825 3607 1022 3711 undiquaque
1053 3611 1207 3669 andiacum
1236 3610 1399 3669 rationibus
1429 3610 1605 3689 disposuerat

234 3705 235 3740 ι
263 3688 433 3755 harmonicis.
478 3696 514 3755 Id
536 3696 611 3756 adeo
623 3705 664 3755 at
688 3699 723 3753 ia
741 3696 885 3772 principio
907 3705 1040 3756 motuum
1064 3693 1148 3779 (curn
1169 3700 1343 3775 principium
1370 3702 1509 3775 temporis
1532 3715 1603 3758 con-

263 3779 389 3841 sideretur
412 3786 477 3843 sine
498 3780 645 3864 tempore)
668 3784 758 3842 luisse
781 3792 1010 3844 consentaneum
1033 3795 1093 3859 est,
1116 3794 1149 3845 ut
1171 3802 1206 3844 ex
1217 3788 1376 3845 communi
1398 3788 1457 3844 situ
1481 3792 1510 3845 et
1532 3802 1605 3845 corr·
1702 3816 1705 3822 ·

234 3864 419 3940 figuratione
441 3871 613 3931 harmonica
635 3868 750 3973 (qualis
772 3871 821 3931 vel
844 3890 881 3929 ιιι
902 3871 1008 3945 Terra,
1039 3872 1088 3932 vel
1111 3872 1210 3949 potins
1234 3890 1270 3931 err
1292 3871 1362 3931 Sole
1385 3890 1525 3949 apparere
1549 3890 1606 3949 po·

234 3943 235 3986 l
264 3958 318 4029 init)
340 3958 426 4018 seint
447 3978 466 4018 a
490 3960 684 4019 carceribus
676 3977 705 4017 ιι
729 3976 784 4017 ιιι
806 3959 930 4035 quilibet
952 3962 1049 4037 spatia
1073 3976 1125 4019 ιιι
1148 3962 1253 4017 ιιιιιιι
1269 3963 1435 4019 excurrerit.
1462 3962 1521 4019 ·At
1536 3963 1606 4035 qnia

264 4039 385 4113 planetae
407 4056 563 4111 moventur
584 4050 614 4105 in
637 4046 729 4105 altum
752 4055 782 4105 et
803 4046 996 4123 profundum,
1020 4050 1095 4105 situs
1118 4046 1275 4106 intervalla
1296 4053 1461 4122 mutantes,
1484 4055 1514 4107 et
1536 4049 1607 4123 quia

265 4128 293 4183 cd
312 4131 387 4193 hunc
408 4142 521 4193 motum
543 4138 720 4195 necessitato
740 4133 865 4210 physica
887 4136 1020 4210 seqnitur
1042 4135 1131 4193 etiam
1159 4134 1248 4193 realis
1270 4135 1400 4193 intensio
1422 4142 1452 4194 et
1474 4137 1606 4195 remissio

265 4226 380 4281 motuum
402 4239 496 4283 causa
517 4222 692 4297 celeritatis,
724 4221 852 4297 denique
873 4224 946 4298 quia
967 4238 1019 4298 per
1040 4220 1213 4299 inaequales
1238 4220 1418 4281 diuersorum
1443 4222 1607 4283 celeritates

267 4317 425 4381 apparentes
447 4310 561 4370 zodiaci
584 4313 721 4388 spatium,
755 4310 835 4385 qnod
858 4310 994 4369 ridentur
1016 4309 1060 4367 illi
1082 4310 1228 4389 trajicere,
1251 4308 1392 4369 dividitur
1410 4310 1483 4369 allas
1507 4310 1607 4369 aliter:

266 4386 332 4453 hisce
351 4398 447 4457 trihus
469 4399 641 4457 nominibus
661 4401 721 4458 ιιιιι
743 4399 864 4470 sitibus,
888 4414 976 4473 qnam
998 4398 1128 4457 motibus
1152 4397 1230 4457 idem
1253 4400 1396 4474 contingit
1419 4416 1509 4458 causa
1531 4404 1608 4457 tem·

268 4482 346 4553 poris,
377 4484 459 4560 qnod
482 4487 731 4561 quantitatibus
724 4487 797 4562 ipsis
828 4487 891 4543 sinc
920 4496 1055 4561 respectu
1084 4489 1233 4576 temporis.
1279 4486 1361 4546 Sicut
1391 4488 1468 4547 enim
1497 4502 1554 4544 non
1579 4488 1608 4542 in

269 4569 318 4624 toto
338 4572 444 4631 circulo
475 4574 523 4633 rel
546 4582 626 4633 recta
656 4576 745 4649 inque
776 4564 912 4631 omnibn's
942 4574 1007 4649 ejus
1038 4577 1154 4649 punctis
1185 4580 1254 4633 sunt
1285 4576 1401 4633 termini
1431 4590 1482 4634 seu
1513 4578 1609 4632 metae

270 4656 397 4717 unorum
424 4660 672 4729 harmonicorum,
704 4658 777 4718 sed
789 4659 931 4719 saltem
922 4678 953 4718 ιιι
982 4664 1068 4720 certis
1100 4661 1266 4738 aliquibus,
1296 4664 1450 4721 nicetium
1481 4662 1529 4720 ιιι
1551 4676 1608 4719 ιιι

270 4743 319 4799 toto
346 4755 475 4825 tempore
505 4758 604 4807 motus
632 4751 756 4807 existere
786 4754 910 4824 possunt
939 4740 1125 4827 harmoniae,
1158 4751 1305 4825 usquein
1329 4748 1610 4823 intervallisneqhe

272 4838 293 4879 ιι
311 4845 437 4894 motuum
459 4834 608 4895 celeritate
631 4853 728 4911 neque
751 4838 780 4892 iu
802 4836 906 4911 spatiis
929 4836 1043 4894 zodiaci
1073 4839 1148 4895 inter
1170 4838 1304 4914 planetas
1327 4834 1509 4913 interceptis,
1538 4852 1610 4912 pos-

273 4921 327 4971 sunt
346 4924 441 4981 ιιιιιιιι
464 4924 582 4981 omnino
611 4924 641 4979 ιι
664 4924 751 4982 ιιιιιι
772 4924 912 5001 temporis
933 4925 1089 4982 momentis
1119 4931 1149 4983 et
1171 4924 1373 5001 possunthoc
1396 4926 1468 4984 citra
1490 4923 1611 4983 ulterio-

274 5012 321 5056 rem
342 5004 394 5065 Dei
424 5024 558 5085 operam,
590 5011 680 5070 semel
711 5010 795 5069 initio
824 5017 921 5071 motus
949 5010 1029 5070 dato.
1079 5010 1155 5071 Nam
1185 5014 1235 5087 qni
1264 5018 1393 5071 extrema
1422 5012 1611 5087 praescripsit
1658 5078 1662 5083 ,

275 5090 394 5167 nothus
421 5104 451 5155 et
473 5100 667 5161 mutationem
690 5096 812 5167 indulsit
833 5098 872 5157 ab
887 5114 954 5157 uno·
971 5106 1101 5159 esberno
1123 5100 1153 5157 in
1168 5098 1301 5171 alterum,
1325 5098 1401 5158 idem
1418 5100 1505 5158 etiam
1520 5101 1612 5158 inter-

276 5174 354 5234 media
374 5180 502 5259 largitus
520 5194 567 5246 ιιι
589 5188 704 5260 omnia,
734 5193 795 5245 tom
825 5188 1002 5263 incongrua,
1034 5204 1111 5263 quae
1145 5193 1213 5245 sunt
1243 5186 1371 5260 infinita,
1404 5204 1493 5263 quarn
1523 5186 1610 5245 ctiarir

279 5272 386 5340 icimur
407 5278 438 5329 et
459 5270 642 5349 harmonica,
663 5280 743 5333 certo
765 5276 1075 5352 nnmoro'ineongruis
1100 5274 1262 5350 interjecta.
1306 5272 1410 5350 Neque
1439 5276 1516 5334 enirn
1537 5272 1612 5333 haec

1391 5378 1456 5439 15⁴*
