4242 6384
766 792 1012 855 bmmsuacons
1046 794 1201 855 trouu
1608 799 1649 873 si

218 1005 219 1012 ι
297 978 391 1054 putas
413 970 492 1035 luas
513 970 998 1053 communicauerunt
1028 990 1065 1036 ex
1096 973 1220 1059 marom
1249 972 1354 1037 tullum
1374 969 1556 1037 mulionibus
1577 972 1653 1037 luae

218 1095 220 1114 ι
297 1078 488 1139 quacunque
510 1055 627 1139 partes,
664 1060 717 1122 vel
740 1063 922 1140 compositas
945 1079 983 1123 cx
1003 1062 1147 1141 partibus,
1173 1061 1219 1124 vel
1237 1062 1415 1141 compositas
1437 1064 1584 1140 potentias
1607 1062 1654 1121 ‹ir-

217 1187 219 1194 -
296 1150 462 1210 minatam
483 1166 521 1210 ex
543 1144 653 1211 talibus
675 1148 838 1225 babentes,
870 1148 948 1212 duaa
970 1150 1091 1228 inquam
1113 1152 1144 1209 in
1165 1166 1272 1231 genere
1293 1148 1481 1227 inaequales:
1510 1149 1581 1211 illac
1603 1158 1656 1211 aut

297 1243 375 1297 aunt
402 1235 594 1317 longitudine
623 1236 907 1299 commensurablles
934 1238 1012 1299 inter
1039 1254 1086 1317 se,
1117 1245 1170 1300 aut
1198 1234 1508 1301 incommensurabiles
1535 1236 1654 1317 quidem

298 1322 489 1401 lougitoffine,
513 1324 795 1386 commensurabiles
817 1341 890 1386 vero
913 1325 1055 1404 potentia
1093 1322 1152 1387 Hic
1174 1328 1310 1403 quamvis
1332 1344 1351 1385 a
1373 1326 1654 1389 commensuratione

297 1411 377 1489 plaoc
398 1420 589 1473 manarunt
609 1410 759 1489 singulae,
788 1418 821 1473 at
845 1411 969 1491 junctae
998 1404 1101 1475 tarum
1129 1412 1288 1475 uonbulloc
1310 1410 1407 1475 adbuc
1428 1412 1478 1474 rel
1501 1411 1653 1490 quadrasis

297 1502 435 1561 mooun
458 1506 605 1560 summam
636 1498 767 1575 collatis,
797 1499 848 1560 sel
874 1498 1048 1578 rettungulo
1078 1502 1271 1562 communicer
1297 1500 1436 1576 formato,
1471 1501 1653 1560 constituunt

296 1586 379 1665 plana
400 1585 549 1647 hactenus
570 1585 733 1664 explicuit,
761 1602 822 1647 uon
844 1588 941 1648 miuus
972 1604 1061 1665 quarn
1083 1587 1162 1651 idern
1183 1588 1296 1651 faclunt
1325 1594 1355 1649 ct
1376 1584 1459 1663 illas,
1488 1604 1563 1664 qnae
1586 1590 1655 1648 suunt

297 1677 364 1734 incer
384 1690 421 1734 ae
449 1674 737 1736 commensurabssea
782 1673 920 1737 cetsrm
949 1692 1017 1737 oum
1044 1674 1200 1755 multiplex
1228 1676 1267 1736 sit
1288 1668 1392 1735 talium
1422 1674 1544 1737 duarum
1565 1674 1653 1753 plane

298 1762 636 1823 incommensurabilfum
652 1760 811 1840 copulatio,
834 1762 896 1824 alia
910 1762 971 1827 alla
992 1762 1166 1842 ignobilior:
1189 1763 1430 1843 compererimus
1446 1778 1546 1824 omnes
1568 1763 1654 1840 bIgas

298 1851 438 1909 bunum
461 1848 586 1927 palum
609 1848 724 1911 selena.

380 1950 492 2017 XVII.
514 1952 721 2017 Definitio.
765 1951 820 2015 Sit·
839 1970 910 2032 ergo
939 1951 1059 2033 qmnfm
1074 1956 1227 2019 'scientias
1249 1952 1373 2035 padus,
1405 1970 1473 2015 cum
1502 1952 1578 2016 duae
1599 1967 1655 2016 nec

300 2038 425 2101 affabiles
448 2042 556 2105 ambae
578 2058 633 2102 nec
654 2058 753 2103 mesae
775 2040 961 2121 ampliusque
994 2044 1070 2104 iuter
1090 2060 1122 2105 se
1144 2044 1232 2123 plane
1260 2040 1578 2105 incommensurabiles
1605 2049 1655 2102 nt-

301 2144 418 2205 ramque
449 2128 564 2190 facium
594 2128 719 2204 effabile,
749 2136 779 2190 et
801 2146 945 2191 summam
974 2130 1183 2211 quadratorum
1212 2138 1243 2193 et
1265 2146 1419 2193 commuue
1446 2126 1656 2206 rectangplum,

301 2232 350 2275 uon
358 2218 461 2277 minus
471 2234 561 2295 quam
571 2223 726 2295 utrumque
739 2214 845 2277 burum
859 2217 971 2279 facirmt
985 2216 1061 2280 duae
1072 2216 1255 2297 longitndine
1277 2216 1410 2279 affabiles
1424 2212 1520 2295 (cuci.
1540 2214 1581 2292 X,
1592 2214 1655 2298 20),

302 2301 460 2365 suetiam
483 2304 560 2368 duae
582 2305 648 2366 sola
667 2306 804 2382 potentia
826 2304 974 2383 affabiles,
1004 2305 1058 2367 scd
1087 2308 1162 2367 inter
1190 2321 1223 2367 se
1242 2312 1344 2379 ,tamen
1365 2302 1550 2380 longitndine
1574 2321 1656 2365 com·

302 2392 527 2469 mensurabiles,
558 2410 612 2471 per
633 2390 766 2453 eandem.
812 2386 854 2452 Ut
875 2391 953 2454 latus
976 2390 1013 2454 de
1032 2392 1181 2473 ,quadrato
1205 2396 1224 2453 2
1257 2400 1287 2455 et
1309 2390 1387 2453 latus
1410 2388 1446 2453 dc
1465 2389 1613 2469 quadrato
1637 2392 1655 2452 8

303 2486 363 2541 suut
383 2480 466 2540 inter
486 2496 520 2542 se
542 2481 573 2538 in
594 2481 782 2559 proportione
807 2476 908 2556 dupla,
932 2482 1003 2559 quia
1017 2480 1162 2559 quadrata
1175 2488 1245 2543 sunt
1266 2476 1342 2541 iutc'r
1363 2494 1394 2539 se
1417 2481 1447 2537 in
1469 2480 1657 2557 proportione

306 2565 475 2647 quadrupla.
520 2566 596 2628 Smrt
618 2583 688 2645 ergo
709 2565 897 2647 longitudine
919 2566 1038 2646 quidem
1061 2566 1240 2644 ineffabiles,
1264 2574 1297 2628 at
1318 2568 1393 2627 inter
1415 2582 1447 2626 se
1470 2582 1658 2629 commeneu-

302 2653 412 2715 rabiles.
460 2655 570 2718 Earum
592 2653 736 2734 quatrata
760 2656 779 2713 l
803 2660 835 2715 et
859 2654 878 2714 8
896 2654 1002 2733 juncte
1023 2654 1136 2717 faciunt
1154 2657 1204 2731 10,
1218 2652 1345 2719 ,emotis
1367 2652 1497 2731 planum,
1521 2660 1553 2715 et
1573 2656 1657 2731 ipsae

304 2742 329 2797 in
356 2759 388 2803 se
417 2742 637 2820 multiplicatae
652 2732 758 2824 '(quod
788 2747 834 2803 est
862 2740 1064 2823 recnugulum
1095 2738 1232 2823 formare)
1261 2742 1373 2802 facinnt
1402 2738 1605 2819 rectaugulum
1627 2743 1657 2817 4,

304 2830 384 2889 eiam
405 2830 539 2892 effabile.
548 2826 574 2910 ⁴)
617 2828 684 2891 Hoc
705 2829 798 2904 idem,
827 2830 967 2906 iuquam,
997 2830 1110 2891 facinut
1139 2832 1230 2901 etiam
1261 2826 1337 2891 duae
1367 2844 1423 2889 nec
1450 2827 1581 2891 affabiles
1603 2844 1658 2889 nec

294 2933 395 2979 ⁴nrcsae
418 2918 608 2996 ampliusque
635 2918 711 2978 inter
736 2934 770 2977 sc
796 2914 887 2994 plane
908 2917 1243 2985 iucommausurabilesr,
1267 2932 1362 2994 acque
1383 2932 1460 2989 non,
1491 2923 1525 2977 ut
1546 2916 1658 2993 priores

306 3001 380 3079 illae,
413 3007 449 3065 in
479 3002 641 3080 secuudum
674 3004 724 3067 vel
752 3005 870 3065 tertium
903 3004 1028 3084 praelum
1061 3006 1203 3067 scientiae
1231 3010 1301 3064 sunt
1328 3000 1514 3080 referendae,
1544 3002 1598 3065 sed
1625 3004 1658 3063 in

381 3187 467 3249 fleta
487 3189 588 3265 tgiun,
609 3187 691 3265 quod
711 3189 743 3250 in
764 3188 823 3250 boc
843 3186 939 3269 gradu
955 3204 1157 3254 mensuremus
1178 3202 1237 3249 non
1259 3186 1353 3249 lineas
1375 3189 1457 3266 ipsas
1477 3202 1534 3248 nec
1555 3187 1659 3265 singu-

311 3270 395 3335 lamm
416 3274 581 3354 quadrata,
604 3274 658 3337 seo
672 3292 881 3340 ¹mensuramus
904 3283 934 3338 et
955 3293 1108 3338 commune
1131 3278 1261 3355 ipsarum
1283 3274 1486 3353 rectangnlum
1508 3280 1538 3335 ct
1556 3274 1661 3351 juncta

311 3363 457 3441 ublusqm
480 3362 627 3441 quadrata
647 3364 679 3421 fn
699 3374 789 3423 uuam
811 3376 973 3443 summam
995 3372 1029 3425 ut
1051 3362 1131 3441 quoti
1152 3364 1205 3424 uni
1227 3361 1371 3441 quadrato
1384 3362 1470 3425 'deest
1492 3363 1661 3443 quominus

311 3450 343 3508 sit
361 3451 491 3527 arabus,
513 3448 545 3510 iti
567 3451 606 3511 ab
627 3448 721 3512 altero
737 3454 888 3531 ,quaerero
911 3452 1025 3515 sociato
1049 3456 1151 3515 exacte
1175 3456 1388 3531 compensetur.
1482 3524 1484 3529 Ι
1583 3458 1588 3467 “

387 3552 511 3618 XVIII.
523 3552 727 3617 Definitio.
764 3556 873 3623 Sextus
894 3566 926 3623 et
947 3557 1107 3637 ignobilior
1121 3556 1262 3621 suenum
1275 3552 1385 3633 gradum
1407 3562 1462 3631 cst,
1484 3572 1550 3617 cum
1567 3554 1661 3617 binae

285 3660 291 3672 ·
309 3640 432 3719 iunctae,
456 3659 533 3721 quae
555 3658 610 3703 nac
632 3641 765 3707 affabiles
786 3663 843 3709 uec
863 3662 964 3709 mesae
986 3644 1093 3719 ambae
1115 3643 1204 3709 simul
1226 3644 1374 3721 etiamque
1397 3644 1472 3705 inter
1493 3660 1528 3705 sc
1547 3642 1661 3703 incom-

312 3730 532 3805 mensurabiles,
564 3729 737 3791 alterutrum
758 3733 865 3803 saltam
887 3732 1005 3795 effablle
1026 3734 1154 3806 faciunt,
1175 3730 1321 3809 reliquum
1343 3747 1414 3793 vcro
1437 3746 1559 3794 mesum,
1591 3730 1661 3789 Est-

311 3832 360 3891 que
378 3820 532 3896 geminus:
554 3824 607 3879 aut
629 3818 707 3881 enim
720 3836 845 3886 summa
866 3821 1079 3899 quadratorum
1094 3819 1228 3895 effabilis,
1250 3818 1453 3896 rectangulun
1475 3836 1587 3895 meson,
1609 3823 1660 3878 aut

311 3900 353 3965 blla
372 3922 485 3982 meson,
507 3904 566 3967 boc
587 3904 705 3967 effabile
726 3914 781 3970 est
946 3961 951 3972 ,
1409 3900 1413 3907 ’
1455 3934 1463 3951 r
1519 3968 1526 3997 e

384 4006 456 4062 Illac
473 4003 574 4061 effectu
598 4003 701 4059 similes
717 4012 782 4061 sunt
808 4006 916 4063 duabus
934 3997 1098 4077 effabilibus,
1123 4006 1184 4063 sola
1210 4005 1333 4075 potentia
1359 4004 1659 4083 commensurabilibus.

313 4079 371 4137 llam
386 4082 529 4153 potentiae
545 4081 655 4153 ambae,
682 4082 737 4141 boe
759 4091 803 4141 cst
820 4086 955 4157 quadrata
978 4083 1112 4158 effabilia,
1139 4085 1245 4151 faciunt
1262 4084 1344 4139 ctiam
1363 4098 1494 4143 summm
1514 4082 1657 4151 utriusque

313 4158 443 4219 cfabilem
479 4160 678 4231 Rectangulum
696 4178 760 4221 vero
778 4171 823 4221 esf
838 4180 934 4221 meson
952 4162 1041 4233 (Eucl.
1060 4164 1094 4221 X.
1107 4162 1160 4233 22).
1196 4162 1258 4223 Huc
1269 4178 1338 4219 ,sero
1358 4161 1459 4219 ellectu
1476 4160 1578 4219 similes
1595 4169 1661 4219 sunt

314 4235 407 4296 lmbna
425 4239 517 4311 mesia,
533 4238 593 4295 sola
609 4241 733 4311 putentia
750 4242 1053 4313 commensurabilibus,
1071 4247 1224 4313 quaesunt
1242 4241 1277 4297 ad
1295 4256 1325 4295 se
1343 4246 1438 4299 mutuo
1456 4246 1487 4297 ut
1504 4240 1574 4297 duae
1593 4238 1659 4296 effa·

313 4314 380 4387 biles,
394 4318 469 4376 inter
485 4334 554 4389 quas
570 4318 658 4389 primu
675 4336 711 4375 ex
728 4320 746 4377 2
763 4322 847 4377 meeis
865 4328 908 4377 est
923 4318 1136 4393 proportionalis
1160 4318 1249 4375 media
1277 4320 1364 4385 OEucl.
1381 4322 1415 4375 X.
1435 4320 1477 4391 26,
1497 4320 1553 4390 28).
1590 4320 1660 4379 Nam

314 4396 368 4465 qula
382 4402 447 4454 sunt
461 4396 587 4468 potentia
603 4400 874 4471 commensurabiles,
893 4400 1002 4456 additae
1016 4400 1100 4469 igitur
1116 4396 1255 4470 potentiae
1272 4398 1375 4459 faciunt
1388 4414 1519 4456 summam
1537 4400 1661 4471 partibus

316 4476 581 4534 commensurabilem
617 4479 655 4532 at
676 4484 769 4547 partes
787 4485 852 4535 sunt
868 4494 958 4549 mesa,
986 4485 1014 4534 et
1036 4478 1111 4549 quod
1128 4492 1204 4533 meso
1226 4482 1271 4533 cst
1288 4477 1544 4548 commensurabile,
1570 4479 1660 4548 ipsum

316 4555 445 4612 ctiamest
461 4569 557 4610 meson
573 4554 662 4624 (Eucl
679 4556 714 4611 X
732 4556 786 4625 tt).
849 4596 853 4601 a

388 4648 447 4709 Hic
470 4647 674 4724 rectaugulum
697 4648 832 4708 binarum
854 4650 991 4709 metimur
1009 4648 1131 4726 quidem
1159 4648 1249 4727 plano
1279 4648 1423 4727 quadrato
1447 4648 1604 4723 diametri,
1629 4656 1661 4711 at

319 4737 366 4792 oon
387 4739 477 4797 etiam
499 4726 645 4794 summam
669 4734 892 4812 quadratorum:
915 4754 984 4797 nam
1007 4736 1103 4796 solum
1126 4738 1292 4797 invenimus
1315 4734 1389 4796 duas
1411 4736 1520 4811 lineas,
1543 4742 1661 4797 rectan-

221 4807 227 4938 f
321 4821 411 4895 gulum
434 4825 462 4883 ci
486 4820 612 4901 aequale
633 4823 803 4896 formantes,
828 4840 951 4901 quarum
975 4819 1119 4901 quadrata
1136 4827 1295 4884 metiamur
1319 4822 1462 4901 quadrato
1485 4822 1629 4885 diametri.

394 4926 488 4989 XIX.
512 4926 713 4988 Definitio.
759 4925 910 5013 Septimus
932 4926 1029 4988 adbuc
1051 4926 1208 5006 ignobilior
1230 4928 1370 4989 amentiae
1386 4925 1494 5002 gradus
1516 4934 1571 5007 est,
1590 4922 1660 4992 'tum

322 5008 429 5075 duarum
451 5016 527 5075 inter
546 5033 580 5075 se
603 5015 943 5094 breomrucnsurabilium
964 5023 1068 5095 neuter
1090 5016 1209 5077 effectus
1226 5006 1278 5085 'est
1300 5012 1440 5089 effabilIs,
1469 5032 1525 5076 nee
1546 5030 1661 5093 summa

221 5088 230 5228 ι
323 5102 516 5173 quadratorum
527 5118 612 5183 „1¹00
635 5118 789 5162 commune
812 5102 1030 5181 rectangnlum:
1055 5102 1108 5164 sed
1130 5110 1227 5164 tamen
1250 5100 1347 5163 adbuc
1368 5108 1525 5181 utrumque
1546 5118 1658 5165 meson.

392 5203 475 5259 Hisce
497 5208 562 5258 sunt
580 5200 685 5259 succo
699 5200 800 5259 similes
818 5198 889 5258 duae
903 5191 1013 5278 ἰιιιιιιιο1
1030 5200 1154 5271 potentia
1172 5200 1231 5256 sole
1249 5200 1517 5282 cqmmenrurabiles,
1545 5218 1663 5273 quarum

221 5231 226 5338 ἶ
324 5292 367 5335 uu
381 5282 416 5339 sit
432 5282 468 5339 ad
485 5282 622 5354 murum,
644 5288 676 5339 nt
700 5275 755 5338 uua
777 5294 886 5352 aarum,
913 5295 982 5357 quas
1003 5280 1075 5338 inter
1098 5289 1172 5339 mese
1189 5294 1252 5337 vere
1270 5276 1420 5337 est‘media
1437 5276 1657 5371 proportionalis,

221 5379 228 5581 ⁵
