4242 6384
511 771 573 832 456
981 767 1147 838 AppendIcis
1163 764 1389 823 Harmonicomm

510 947 539 1002 iu
564 947 630 1004 abre
653 961 726 1023 puro
750 947 858 1018 minor,
890 947 919 1003 iu
943 943 1051 1021 rspldo
1082 961 1195 1004 rursum
1224 947 1335 1019 mittor,
1365 932 1432 1021 post
1462 944 1493 1000 ln
1514 945 1608 1018 aqna,
1640 946 1713 998 tunc
1734 941 1764 996 in
1785 937 1853 1000 oleo.

510 1028 618 1094 electro
641 1042 671 1093 ct
693 1033 849 1110 crystallo;
877 1035 923 1092 siu
948 1034 1138 1104 densitatem,
1167 1031 1240 1091 ordo
1263 1034 1317 1102 erit
1348 1029 1438 1102 alius,
1469 1031 1530 1088 ae'rl
1552 1025 1690 1088 succedet
1714 1028 1811 1084 oleum
1831 1037 1856 1082 et

509 1120 656 1185 aicctnnn.
681 1119 750 1179 hnic
772 1137 859 1196 aque,
885 1129 954 1180 tunc
979 1123 1095 1192 nitrum,
1120 1119 1286 1196 crystallus,
1309 1117 1446 1190 adunans,
1470 1117 1539 1175 iude
1562 1133 1670 1194 opaca,
1694 1115 1758 1184 sal,
1781 1131 1858 1183 mae-

510 1225 578 1280 nes,
608 1219 757 1278 stannum,
790 1210 1080 1283 iorrum,·cuprum,
1104 1215 1275 1284 argentum,
1298 1205 1468 1282 plumbum,
1493 1203 1722 1282 hydrargyrum,
1754 1217 1859 1258 surana

511 1295 594 1375 Adeo
618 1303 722 1354 natura
745 1295 816 1352 nIhii
843 1293 1014 1354 consented
1039 1296 1257 1369 quaternarium
1272 1304 1354 1352 tuum
1368 1293 1522 1368 graduum.
1566 1291 1760 1363 Relinquitur
1780 1291 1861 1362 igitur

511 1383 585 1442 hacc
608 1381 832 1459 quadripartitio
856 1389 907 1440 tuo
932 1381 1061 1440 arbitrio.
1108 1381 1211 1456 Neque
1234 1391 1330 1440 nmen
1355 1397 1443 1456 super
1465 1397 1502 1439 eo
1524 1387 1552 1437 ts
1576 1378 1793 1445 condemnavi,
1815 1373 1862 1431 sed

510 1471 679 1547 comparavi
704 1481 784 1528 tuem
807 1467 976 1530 methodum
1000 1478 1129 1542 atquae
1153 1467 1233 1526 illem
1255 1467 1469 1542 Ingrediuntur,
1493 1485 1559 1526 cum
1583 1482 1667 1542 mea,
1689 1463 1784 1538 idque
1806 1461 1863 1520 lee-

510 1560 579 1616 toris
603 1555 752 1616 erudiendi
777 1573 881 1626 eausa,
905 1573 1093 1632 nequaquam
1115 1557 1205 1630 igitur
1227 1557 1404 1615 inconsulte.

598 1643 650 1702 Ad
675 1643 860 1721 Analysin
884 1639 990 1700 XXII.
1036 1641 1107 1702 darn
1130 1641 1168 1702 ed
1190 1641 1413 1717 praecedemem
1428 1639 1563 1717 snalysin
1579 1647 1626 1696 est
1643 1637 1770 1704 haurn,
1795 1635 1863 1692 hant

510 1740 607 1791 textus
634 1731 808 1808 particulam
840 1729 996 1800 cohaerere
1024 1745 1128 1788 sensus
1157 1747 1247 1790 cansa
1274 1745 1342 1788 cum
1370 1730 1522 1804 superiori.
1568 1726 1690 1784 Frustra
1721 1725 1814 1797 igitur
1839 1735 1863 1777 ta

510 1821 621 1888 munis,
654 1817 798 1886 Iluberis,
827 1835 885 1875 uon
909 1817 1035 1892 aduenio
1059 1827 1261 1894 oppugnator,
1289 1816 1342 1876 sed
1364 1817 1493 1894 hospes,
1524 1815 1638 1872 eminus
1666 1821 1699 1870 te
1722 1810 1863 1868 salutans.

510 1906 586 1964 Nam
616 1907 671 1963 cisi
699 1905 809 1967 nullent
841 1903 991 1964 attulisses
1019 1907 1177 1975 renonem,
1210 1921 1262 1962 orrr
1283 1904 1416 1980 singulas
1445 1903 1579 1976 regiones
1601 1901 1782 1970 trisecares,
1813 1915 1863 1952 raon

509 1992 577 2051 ideo
601 2001 629 2051 te
653 1991 902 2069 reprehendetcrn,
924 1989 1165 2063 suiiiccretmihi,
1190 2001 1219 2048 et
1245 1991 1301 2050 hoc
1323 2000 1352 2051 et
1367 1989 1554 2068 praecedenti
1571 1995 1653 2046 textu
1676 1997 1864 2047 monstrasse,

511 2089 539 2139 te
563 2079 681 2138 arbitrio
706 2081 747 2136 uti
770 2081 800 2137 ln
826 2077 1061 2144 distinctionibus
1085 2081 1152 2151 tuis,
1175 2081 1285 2154 quippe
1308 2081 1359 2154 qui
1381 2094 1459 2136 nune
1480 2075 1685 2152 quadriseces,
1713 2091 1798 2130 nune
1819 2074 1865 2128 ui-

511 2183 602 2225 seees.
647 2165 774 2224 Multum
798 2175 826 2223 et
850 2169 911 2241 ipse
935 2165 1031 2224 tribub
1055 2165 1236 2241 archetypali
1260 2165 1397 2224 'i'rinitati
1420 2167 1449 2222 in
1465 2161 1623 2238 siliginem
1639 2160 1766 2231 mundo,
1792 2159 1862 2234 quod

512 2253 637 2330 Epitom.
663 2255 780 2311 Astron.
803 2251 876 2310 libro
900 2252 953 2312 IV.
978 2252 1101 2329 explico.
1146 2251 1242 2321 'I'uam
1265 2253 1384 2328 quidem
1401 2251 1636 2310 distributionem
1652 2248 1773 2306 dierum
1790 2265 1865 2303 cres-

514 2343 602 2399 tionis
619 2342 694 2398 inter
709 2355 848 2420 personas
864 2339 1016 2398 Trinitatis
1031 2348 1236 2399 sacrosanctae
1252 2343 1419 2400 transmitto
1436 2337 1592 2413 theologis,
1616 2353 1674 2410 ego
1697 2345 1750 2393 sat
1766 2336 1863 2401 habco,

512 2429 537 2486 si
570 2429 598 2483 in
623 2429 688 2503 lpse
719 2427 813 2503 ligura
842 2427 942 2486 ruundi
971 2421 1059 2502 inqua
1090 2430 1254 2505 praecipuis
1285 2429 1349 2503 ejus
1371 2427 1509 2487 membris
1538 2423 1688 2501 quendam
1714 2424 1864 2480 exhibeam

512 2513 734 2574 similitudinem
758 2521 963 2578 sacrosanctae
987 2513 1147 2572 Trinitatis.
1518 2531 1523 2542 ’

601 2601 632 2660 st
656 2603 786 2660 trisectio
800 2595 971 2677 'cujrrsIIbet‘
989 2595 1125 2660 clementi
1148 2599 1310 2676 probabilis
1337 2619 1371 2658 ex
1397 2617 1433 2659 ro
1455 2599 1503 2668 bt,
1532 2597 1612 2673 qnod
1636 2597 1760 2655 coelum
1784 2613 1864 2670 supe-

512 2705 576 2746 rum
599 2687 704 2764 triplex
728 2705 793 2748 csse
816 2688 1001 2765 perthetur,
1025 2697 1102 2755 esto,
1126 2705 1184 2746 uon
1208 2705 1263 2762 ego
1288 2687 1317 2745 id
1339 2691 1465 2763 negari,
1496 2705 1563 2744 uem
1587 2683 1667 2749 alirrd
1692 2693 1742 2743 est
1765 2686 1865 2758 proba·

513 2777 611 2834 bilitas
635 2779 772 2847 rationis,
797 2775 832 2835 de
857 2793 916 2852 qua
940 2783 971 2834 iu
995 2774 1059 2842 lrIc,
1082 2775 1164 2833 aliud
1184 2775 1387 2849 probabilitas
1407 2791 1567 2849 emonem,
1599 2789 1691 2847 quant
1715 2784 1777 2846 ego
1799 2788 1864 2844 nego

511 2879 563 2939 per
597 2865 695 2920 omnia
724 2865 817 2938 sequi.
864 2863 931 2934 Ais,
959 2869 990 2920 te
1021 2861 1057 2922 de
1082 2865 1280 2937 proportione
1301 2864 1438 2921 luctuum
1459 2865 1616 2919 actionum
1639 2865 1667 2916 ei
1688 2863 1864 2934 passionum

511 2952 590 3008 inter
612 2951 777 3009 materiam
800 2951 1000 3026 biformem,
1028 2965 1092 3008 non
1118 2949 1155 3006 de
1176 2948 1361 3009 dbnnuione
1388 2950 1631 3007 intervallorum.
1678 2948 1780 3022 Atqui
1806 2961 1864 3003 setr-

511 3045 596 3095 sttnm
621 3037 815 3114 probabilitas
837 3055 874 3096 ne
898 3039 941 3095 sic
963 3035 1081 3112 quidem
1105 3037 1214 3112 ubique
1230 3039 1369 3111 sequitur.
1416 3036 1501 3095 Aeris
1517 3033 1636 3110 quIdera
1657 3041 1720 3091 tres
1737 3034 1864 3108 regiones

513 3123 708 3199 qualitatibus
732 3123 949 3200 quadammodo
973 3117 1126 3182 distinctas
1147 3123 1238 3182 babet
1260 3123 1450 3191 Aristotcles,
1478 3121 1643 3180 sed'habet
1669 3123 1738 3179 stne
1763 3119 1865 3178 insidis

515 3209 724 3270 hodiernorum
747 3211 1005 3289 philosophorum
1029 3221 1060 3269 st
1082 3215 1112 3267 in
1134 3213 1202 3285 lgna
1225 3210 1272 3269 rei
1295 3230 1382 3286 aqua,
1408 3219 1440 3269 ut
1461 3212 1491 3267 in
1516 3226 1624 3284 magno
1640 3222 1779 3277 oceano,
1804 3205 1865 3281 quid

513 3297 625 3374 q'uaeso
654 3307 684 3358 te
716 3313 751 3356 ex
781 3299 916 3358 sunalbus
948 3297 1108 3373 allegabis,
1143 3295 1219 3356 unde
1242 3298 1363 3376 probes,
1393 3298 1478 3356 aliter
1503 3299 1638 3373 superius
1666 3305 1865 3372 comparatum

513 3401 581 3444 oum
611 3385 777 3444 actionibus
806 3395 836 3445 et
865 3386 1053 3461 passionibus
1082 3385 1193 3444 formae
1223 3385 1252 3442 in
1274 3388 1444 3456 materiam,
1473 3383 1558 3451 aliter
1586 3385 1616 3439 in
1640 3382 1759 3454 medio,
1791 3381 1865 3438 aliter

513 3471 638 3546 dentque
661 3473 690 3528 iu
711 3471 812 3542 lundo,
837 3480 865 3530 et
889 3471 1036 3546 quodnam
1060 3473 1186 3546 algnum
1210 3489 1303 3548 quens
1320 3476 1475 3532 terminum
1498 3487 1557 3546 quo
1579 3469 1646 3529 inco
1669 3487 1778 3546 pones,
1802 3484 1865 3525 coo·

513 3559 585 3616 iinIa
607 3557 835 3633 distinguentem
857 3559 972 3635 mchaq
994 3561 1122 3633 regionis
1146 3576 1211 3618 cum
1235 3548 1381 3631 extremis,
1405 3563 1475 3634 qnia
1493 3561 1637 3616 mensuris
1652 3558 1863 3632 quantitatiris,

513 3645 692 3720 aequalitate
717 3645 762 3705 rel
785 3649 973 3722 proportione
997 3648 1136 3704 contiuua
1160 3647 1373 3718 constantibus,
1396 3647 1458 3705 tute
1479 3649 1543 3721 ipsc
1562 3645 1624 3722 jam
1648 3645 1741 3703 modo
1764 3660 1864 3702 renun-

516 3733 611 3792 ciasti.
656 3732 714 3792 Sed
738 3733 808 3810 quId
832 3749 887 3809 ego
912 3732 1019 3791 frustra
1043 3733 1176 3806 tangore.
1214 3733 1329 3792 Fateris
1351 3751 1420 3793 ecoe
1435 3735 1500 3808 lpse
1513 3732 1767 3806 probabilitatem
1782 3732 1863 3800 bajas

515 3819 715 3879 distinotIorst's
736 3839 800 3880 non
822 3837 881 3878 esse
903 3821 937 3878 in
959 3837 1057 3894 sensu,
1080 3819 1133 3878 secl
1152 3823 1255 3894 potius
1275 3823 1311 3879 in
1331 3821 1500 3894 intelleotss5
1522 3821 1627 3877 trustra
1644 3819 1780 3894 quidem,
1801 3815 1862 3874 nihi

516 3907 594 3965 cuim
616 3915 661 3966 est
682 3909 713 3963 in
736 3906 887 3988 intellectu
911 3925 1027 3980 verum,
1062 3907 1140 3982 quod
1164 3924 1221 3964 uon
1245 3910 1283 3965 sit
1306 3909 1335 3966 In
1358 3925 1404 3978 re,
1434 3909 1587 3982 quaeest
1610 3915 1711 3976 cntra,
1747 3907 1804 3963 hoc
1825 3912 1861 3960 est

515 3996 544 4050 In
569 3993 735 4054 sensIIIbus.
780 3995 839 4054 Sed
863 4013 899 4052 ne
923 3993 991 4069 quid
1016 4002 1098 4052 entra
1120 4003 1222 4069 septa3
1243 3988 1489 4069 iliud'dieebam,
1507 3995 1618 4052 trustra
1641 4003 1671 4052 te
1695 3995 1784 4052 busci
1806 4007 1860 4050 uno

517 4079 595 4140 dicto
619 4080 656 4140 de
679 4081 737 4140 tols
761 4081 1015 4154 distinctionibus,
1040 4098 1106 4139 curn
1129 4079 1157 4138 id
1180 4082 1399 4157 ipse'usurpes.

553 4171 556 4182 “
604 4167 657 4226 Ad
680 4167 860 4245 AualysIn
884 4167 1006 4226 XXIII.
1054 4167 1140 4242 Quod
1164 4171 1349 4246 potissimum
1380 4167 1520 4242 urgebam
1548 4169 1578 4223 in
1601 4166 1658 4226 hae
1679 4167 1860 4225 candaridas

516 4257 603 4313 unius
627 4257 863 4334 comparationis,
887 4265 1000 4314 tuarum
1024 4257 1170 4313 unitatum
1193 4268 1344 4314 mensumn
1367 4272 1431 4313 osse
1452 4253 1690 4313 indeterminatas
1713 4272 1732 4311 a
1756 4263 1858 4320 statura,

516 4341 546 4400 id
571 4341 659 4401 uldeo
690 4351 719 4402 te
742 4345 833 4402 tacita
855 4343 1061 4418 praetentione
1093 4341 1262 4401 concedere.
1306 4343 1397 4402 Recte
1419 4343 1509 4417 igitur
1538 4341 1629 4399 habat
1658 4359 1725 4399 mea
1747 4356 1859 4414 comps·

516 4431 602 4488 ratio.
650 4429 773 4505 Accipio
796 4437 892 4489 tamen
925 4431 978 4488 abs
1000 4439 1029 4487 te
1052 4431 1217 4504 auctarium
1239 4429 1312 4488 illud
1335 4431 1588 4506 comparationum
1610 4445 1758 4499 mearum,
1788 4423 1858 4501 quod

517 4531 630 4589 mones,
654 4515 707 4575 tibi
731 4507 819 4574 otiam
842 4525 940 4575 motus
963 4533 1026 4575 esse
1049 4519 1225 4593 propositos,
1249 4519 1324 4577 inter
1346 4534 1422 4592 quos
1442 4519 1481 4575 sit
1503 4517 1665 4586 harmonia,
1691 4531 1750 4573 non
1773 4518 1857 4573 minus

517 4619 606 4678 quam
621 4603 709 4677 mibi,
734 4601 785 4662 sed
808 4614 875 4662 tuos
898 4611 994 4661 mutus
1018 4615 1084 4662 esse
1102 4603 1297 4676 'universales
1320 4621 1385 4664 csse
1407 4613 1504 4662 motus
1525 4597 1733 4662 alterationum
1755 4615 1785 4660 et
1799 4611 1857 4676 pet·

516 4689 686 4762 lectionum,
708 4707 790 4768 meos
813 4703 878 4750 esse
900 4689 1100 4766 particulares.
1147 4693 1269 4768 Accipio
1292 4700 1322 4750 et
1343 4691 1505 4750 concludo:
1531 4693 1573 4748 tui
1597 4693 1686 4766 igitur
1709 4690 1855 4748 dimensio-

517 4777 605 4836 nibus
628 4777 843 4836 mathematicis
866 4795 924 4836 uon
949 4777 1122 4851 subduntur,
1146 4788 1177 4836 at
1197 4781 1256 4837 mci
1277 4778 1450 4852 subduntur,
1476 4787 1664 4855 quapropter,
1687 4787 1720 4836 nt
1742 4779 1854 4836 maxime

518 4861 686 4937 concedam,
710 4863 776 4923 illos
800 4874 866 4923 tuos
889 4872 986 4924 motus
1010 4881 1046 4924 ex
1069 4865 1120 4924 ilio
1143 4883 1237 4938 reruni
1262 4882 1366 4939 genere
1381 4883 1456 4937 esse,
1480 4865 1563 4941 quod
1580 4867 1781 4940 proportIoncs
1795 4863 1852 4920 har·

515 4952 648 5010 municas
670 4959 783 5024 certas,
813 4957 888 5028 puta
910 4951 1092 5011 diatessaron
1117 4953 1163 5011 vel
1187 4953 1323 5029 diapente
1346 4954 1481 5030 repriat,
1505 4961 1538 5012 et
1557 4952 1672 5024 madia,
1703 4953 1807 5028 quibus
1827 4960 1851 5003 tu

518 5035 621 5096 harum
646 5039 807 5114 quamlibet
830 5037 866 5096 ds
889 5039 1034 5115 praesenti
1058 5038 1161 5098 adesse
1185 5040 1291 5112 discas,
1315 5040 1398 5100 nulia
1419 5046 1496 5099 suut.
1541 5039 1609 5099 Hoc
1631 5042 1727 5117 ipsum
1749 5051 1850 5095 monere

516 5124 640 5192 lectores
668 5127 727 5186 mei
757 5133 802 5184 est
833 5129 985 5212 propositi.
1030 5127 1105 5189 Nem
1137 5126 1173 5186 de
1203 5126 1332 5189 motibus
1361 5127 1569 5188 alterationum
1600 5145 1637 5185 cx
1656 5127 1785 5204 protenso
1811 5122 1848 5195 egi
