4242 6384
759 801 949 881 mammas
983 798 1068 861 aner
1084 800 1120 860 11.
1556 810 1617 867 rut

264 985 360 1061 genua
389 987 421 1049 7.
436 982 532 1046 fltclls
544 983 619 1062 ojus
649 984 680 1047 8.
694 984 894 1064 Pentsgonns.
923 987 953 1046 9.
968 984 1063 1047 Stella
1078 984 1151 1063 ejus.
1186 986 1234 1045 10.
1249 983 1437 1062 Decagonus.
1462 984 1511 1042 ll.
1526 980 1620 1043 Stella

267 1072 332 1146 cjus.
364 1072 615 1149 12.·lcoaigouus

341 1156 456 1221 Quos
475 1158 553 1219 aliae
574 1159 687 1236 figurae
715 1167 784 1219 sunt
810 1160 1003 1237 incongruae,
1034 1160 1185 1237 protimus
1217 1166 1314 1219 tamen
1344 1160 1550 1235 congruentiae
1574 1164 1620 1217 eat

265 1245 586 1327 malampnum,
615 1249 686 1325 qula
713 1249 817 1324 incipit
840 1264 1002 1324 congruere
1033 1264 1099 1307 cum
1121 1246 1188 1307 aliis
1210 1248 1239 1305 ln
1266 1247 1370 1325 plano:
1390 1253 1429 1317 ,at
1456 1244 1619 1323 excluditur

264 1350 307 1409 pcr
327 1336 379 1393 23.
404 1352 467 1412 qno
495 1337 590 1394 minus
611 1343 645 1393 ut
666 1337 836 1416 icoaigopua
859 1337 937 1412 cingi
958 1332 1088 1411 undique
1110 1334 1273 1413 aequaliter
1294 1335 1396 1413 possit.
1441 1330 1514 1391 Post
1536 1332 1619 1391 illum

266 1430 301 1479 est
320 1418 418 1497 ligura
444 1424 483 1481 lli
504 1422 630 1483 laterum
650 1430 682 1483 et
703 1420 832 1501 similes,
862 1440 937 1499 quae
959 1422 1046 1501 plane
1076 1440 1134 1481 non
1159 1424 1328 1499 'congruunt
1350 1438 1416 1483 cum
1437 1419 1619 1497 regularibus

265 1508 328 1583 diis,
351 1499 757 1587 impediente'magnttudtne
780 1511 963 1587 angulorum.
992 1508 1033 1569 At
1055 1509 1241 1589 heptagonus
1264 1518 1294 1569 ct
1316 1508 1427 1569 similes
1449 1506 1536 1583 longe
1559 1506 1619 1567 alia

266 1598 365 1657 ratione
388 1604 463 1657 sumt
484 1599 661 1675 incongruae
683 1596 809 1677 figurae,
839 1600 909 1677 quia
937 1614 992 1657 uec
1021 1599 1076 1655 toti
1107 1598 1208 1675 anguli
1235 1614 1289 1657 nco
1317 1604 1414 1677 partes
1444 1595 1619 1677 angulorum

268 1682 418 1759 aliquotae,
443 1687 578 1763 propriae
599 1684 766 1762 figurarum.
788 1700 857 1745 curu
878 1682 946 1743 allis
967 1684 1150 1762 regularibus
1173 1692 1345 1761 congruunt.

337 1770 388 1831 Ita
411 1774 445 1829 in
466 1772 560 1833 tribus
581 1790 633 1851 per
646 1790 679 1836 se
693 1772 964 1834 demonstrabilium
978 1772 1122 1835 classibus
1138 1771 1245 1833 desinit
1259 1770 1458 1849 congruentia,
1481 1772 1512 1828 ln
1534 1780 1618 1831 octo-

268 1876 348 1933 gono,
378 1858 606 1937 dodecugono‚'
622 1861 792 1941 ionaigono,
825 1863 855 1919 in
888 1867 994 1936 nunno
1024 1864 1126 1937 spurio
1154 1876 1195 1923 ua
1229 1860 1337 1939 incepit
1365 1858 1491 1937 quidem.
1536 1856 1620 1921 Haec

268 1944 326 2004 ibro
348 1944 406 2005 1v.
432 1948 463 2004 in
486 1946 904 2025 ddenuaspecnumauum
925 1965 1011 2007 usum
1032 1947 1151 2010 babent
1240 1960 1243 1969 ·

338 2032 458 2093 XXX„
480 2033 784 2097 consectarium.
828 2034 873 2095 Ex
893 2037 941 2095 bis
961 2038 1120 2113 genuinum
1143 2034 1297 2097 discrimen
1326 2042 1448 2117 apparet
1469 2036 1544 2093 intur
1564 2033 1619 2095 dc·

269 2124 502 2181 monstrationem
523 2127 554 2181 et
575 2125 794 2205 congruentiam
815 2122 977 2199 figurarum·
995 2138 1086 2182 causa
1107 2122 1280 2181 latitudinis.
1535 2178 1537 2187 ,

338 2206 417 2269 llam
453 2212 480 2269 1.
511 2209 768 2271 demonstrationis
795 2211 929 2289 propriae
958 2208 1068 2286 gradus
1097 2210 1174 2269 ultra
1203 2212 1395 2287 octogonum,
1426 2206 1618 2285 mangonum,

269 2292 481 2373 dodeuagonum
502 2299 533 2355 iu
553 2296 663 2375 figuras
686 2296 840 2377 duplorum
862 2298 986 2357 laterum
1008 2300 1037 2354 in
1060 2296 1204 2357 infinitum
1226 2302 1396 2371 excurrunt3
1428 2298 1618 2372 congruentia

269 2375 473 2461 boetogn'no,
496 2385 664 2461 lcoslgono',
694 2384 884 2461 dodecagono
906 2386 1048 2444 subsistit
1096 2388 1124 2443 i.
1148 2384 1336 2461 Pentagonus
1360 2400 1426 2443 cum
1447 2382 1534 2443 stella
1556 2402 1619 2460 sua,

269 2484 344 2529 eausa
363 2471 626 2533 demonstrationis
649 2480 679 2532 et
700 2474 855 2545 solentino,
884 2480 929 2531 est
952 2472 1110 2549 ignobilior
1141 2470 1347 2551 dodecagono:
1379 2488 1470 2530 causa
1492 2488 1619 2549 congru-

270 2560 352 2619 entiae
383 2562 416 2619 in
441 2557 537 2620 solido
567 2568 612 2620 eat
641 2558 735 2619 multo
762 2560 896 2620 nobilior.
942 2562 986 2640 3.¹
1002 2558 1172 2636 Octogonus
1196 2560 1237 2619 ibi
1258 2561 1390 2639 sequitur
1412 2564 1620 2639 pentagonum,

270 2642 308 2703 lio
326 2644 501 2709 antecedit-
531 2648 561 2707 l.
582 2644 878 2725 Hekkaedeeagonua
901 2644 942 2707 ibi
963 2656 1026 2707 erat
1047 2648 1161 2724 potiore
1183 2644 1260 2723 loeo,
1283 2664 1372 2725 quam
1384 2648 1567 2723 ieoalgouuas
1591 2656 1620 2706 at

271 2742 354 2793 nmen
375 2734 501 2807 illaesi
520 2734 616 2813 ligura
637 2736 812 2813 incongrua,
841 2736 916 2795 baec
944 2752 1073 2810 congrua
1102 2734 1323 2811 quadamtenus.
1372 2734 1400 2795 b.
1429 2732 1472 2793 At
1492 2736 1523 2793 in
1545 2752 1620 2813 peu-

271 2819 501 2899 teiaedecagono
521 2821 646 2899 pulchra
668 2831 713 2882 sst
733 2826 775 2882 rei
798 2824 950 2899 utriusque
972 2824 1187 2897 convenientia,
1211 2822 1379 2899 analogiam
1394 2835 1523 2881 servans
1547 2838 1620 2881 ean-

272 2902 336 2983 dem,
365 2912 442 2987 qula
470 2911 544 2969 inter
573 2904 834 2972 demonstrationes
862 2908 945 2969 nulla
974 2908 1016 2967 illi
1041 2910 1162 2969 obvenit
1187 2912 1317 2989 propria,
1350 2908 1403 2971 sed
1425 2908 1620 2969 accidentaria

272 2993 376 3071 saltem;
400 3000 479 3057 inter
501 3014 570 3057 vero
593 3001 798 3074 congruentias
819 2998 902 3060 nulla
924 3006 1136 3076 consummata,
1158 2996 1209 3062 sed
1233 2998 1333 3075 aliqua
1355 2996 1460 3059 saltem
1482 2994 1623 3057 inchoata

272 3097 315 3141 nec
333 3092 429 3145 totam
457 3083 586 3160 ἥψω
610 3102 765 3165 occupans.
810 3084 896 3147 Haec
924 3086 999 3148 inira
1020 3086 1095 3150 libro
1118 3084 1173 3147 ill.
1205 3088 1232 3144 in
1255 3094 1322 3145 ortu
1345 3093 1374 3145 at
1395 3102 1452 3144 usu
1474 3086 1619 3145 semitonii

273 3176 328 3229 sunt
345 3170 487 3232 nummula
1424 3178 1429 3195 '

775 3465 896 3533 ‘sinn
925 3468 1020 3531 trun
1050 3424 1103 3533 11.¹
