4242 6384
507 818 568 879 12¹
950 814 993 868 De
1009 812 1173 882 Finitimi
1191 812 1415 873 Hemonlmm

503 1009 622 1065 norom,
644 990 913 1069 adeoquecuilihet
925 992 1037 1070 dgurse
1058 1000 1169 1070 eertum
1192 996 1233 1055 sit
1252 992 1438 1057 intervallum
1460 995 1537 1056 iuter
1557 1010 1629 1058 euos
1649 993 1740 1057 hinne
1762 994 1851 1055 orbes:

503 1080 577 1139 nihil
597 1078 783 1156 plausibilius
805 1080 900 1141 rideri
920 1084 1027 1157 potuit,
1050 1100 1139 1158 quam
1160 1099 1213 1143 rea
1235 1081 1352 1143 illorum
1375 1082 1546 1143 mumolum
1569 1080 1684 1143 orbium
1708 1082 1854 1143 intervella

504 1170 634 1243 quinque
659 1186 695 1227 cr
722 1170 850 1243 quinque
879 1168 981 1243 liguris
1007 1186 1075 1231 esee
1102 1168 1238 1229 decumis
1270 1187 1290 1229 a
1319 1168 1455 1235 &salom
1486 1166 1542 1229 hoc
1575 1168 1684 1241 ardna,
1717 1176 1753 1229 ut
1772 1170 1855 1232 rubor

503 1264 599 1315 mente
629 1257 813 1331 concipiatur
839 1257 915 1314 luter
950 1256 1036 1317 orbes
1064 1256 1186 1323 Saturni
1212 1262 1243 1317 et
1270 1254 1374 1335 doris,
1412 1256 1578 1319 tetraedron
1611 1259 1688 1319 inter
1718 1254 1806 1319 ‚loris
1831 1264 1856 1315 et

504 1342 623 1415 Martis,
648 1341 852 1403 dodncseomn
874 1346 949 1403 inter
971 1343 1075 1405 Martis
1098 1352 1127 1403 et
1150 1344 1273 1419 Terrae,
1305 1344 1477 1404 ioosa'c'dron
1501 1347 1576 1405 inter
1597 1343 1727 1407 Telluris
1750 1351 1780 1403 et
1801 1343 1855 1403 Ve-

503 1431 589 1503 neris,
613 1430 772 1491 octaiidrou
793 1431 868 1489 inter
888 1430 1013 1491 Veneris
1034 1438 1065 1491 et
1087 1430 1232 1491 Mercurii.
1271 1438 1387 1501 (naum
1405 1439 1437 1487 eo
1454 1438 1556 1497 mene
1572 1438 1616 1489 ito.
1636 1440 1668 1489 v.
1686 1452 1744 1501 cap.
1762 1434 1818 1500 ιιι.)

589 1515 672 1577 Haec
695 1516 1013 1578 distributionumeris
1035 1518 1184 1594 explorari
1203 1525 1317 1595 puteal,
1347 1520 1555 1579 musinium
1576 1519 1679 1592 insert,
1710 1534 1856 1593 corporum

502 1621 655 1663 numerum
675 1620 734 1663 non
758 1607 904 1680 conquirit
925 1607 1023 1683 anxie,
1045 1604 1097 1665 sed
1112 1608 1264 1667 inventum
1279 1613 1412 1682 occupat,
1437 1606 1561 1681 donique
1584 1606 1627 1667 sic
1642 1612 1688 1667 eet
1712 1607 1855 1677 instructa,

503 1699 537 1749 ut
558 1692 596 1749 ab
619 1691 664 1749 hir
686 1693 773 1751 annis
803 1694 908 1767 viginti
937 1693 1051 1753 dnobus
1082 1710 1140 1753 uon
1168 1702 1282 1754 rantum
1308 1694 1421 1753 uallum
1452 1694 1597 1753 invenerit
1611 1702 1856 1773 ,oppugnatorem

498 1778 556 1838 sed
586 1781 675 1839 ctiam
704 1781 785 1855 meos
813 1780 898 1839 Remi
927 1778 1136 1841 inconsiderati
1165 1784 1299 1858 magistri
1334 1788 1364 1841 et
1391 1776 1668 1855 Eudideouraetigie
1705 1778 1858 1857 discipulos

502 1868 677 1942 pertraxerit
698 1866 844 1941 hodieque
866 1877 927 1928 tam
948 1866 1058 1927 multos
1079 1870 1239 1947 pertrahat,
1263 1877 1296 1929 ut
1314 1870 1378 1945 jani
1400 1866 1509 1931 dudum
1523 1867 1683 1929 secundam
1706 1868 1858 1929 editionem

501 1954 701 2028 flagitaverint
729 1953 935 2016 mathematici.
981 1954 1041 2013 Sed
1073 1954 1109 2015 de
1135 1956 1192 2017 hac
1218 1972 1250 2016 re
1280 1956 1413 2033 pluribus
1445 1972 1534 2031 agere
1555 1972 1613 2015 non
1637 1962 1684 2015 est
1705 1954 1796 2030 huius
1816 1970 1859 2012 eo-

501 2040 592 2101 chodi
612 2040 697 2116 libri3
719 2044 851 2101 inveniet
871 2041 963 2103 lector
984 2042 1058 2101 inira
1079 2042 1155 2109 libro
1178 2046 1280 2121 quinto
1302 2042 1403 2120 plura,
1427 2042 1526 2119 alique
1549 2045 1637 2105 etiem
1660 2044 1690 2101 ln
1714 2042 1858 2119 Epitomes

434 2174 437 2180 .
503 2130 709 2189 Astrormmiae
729 2124 804 2187 libro
824 2126 878 2202 IV,
901 2131 952 2189 nbi
975 2136 1057 2189 ortus
1079 2130 1183 2191 hurum
1206 2132 1338 2207 quinqua
1354 2128 1516 2193 solidarum
1537 2130 1695 2207 figurarum
1718 2131 1857 2207 gencium

503 2214 666 2291 explicatur
696 2216 913 2294 metaphysica:
941 2234 1012 2276 uam
1042 2216 1093 2277 illo
1122 2236 1174 2295 per
1206 2216 1412 2295 angnletionas
1443 2232 1502 2279 uon
1526 2236 1594 2279 rere
1618 2226 1701 2279 ortus
1723 2226 1785 2289 at,
1812 2214 1857 2277 sed

502 2310 583 2362 ortae
607 2302 804 2380 consequitur,
826 2311 860 2363 nt
880 2310 985 2364 natura
1007 2307 1155 2380 posterius
1178 2306 1257 2382 qnid.

589 2390 711 2451 XXVI.
734 2390 971 2467 Propositio.
1001 2390 1081 2456 Addi
1096 2401 1220 2474 possunt
1235 2393 1434 2468 congruentiis
1448 2390 1668 2468 perlectisslmie
1679 2391 1857 2468 regularium

502 2476 579 2539 duae
602 2480 691 2537 etiam
713 2478 791 2538 uliae
813 2479 1036 2555 congruentiae,
1059 2479 1209 2541 stellarum
1233 2480 1389 2541 duodecim
1410 2474 1563 2556 plenarum
1592 2480 1857 2557 pentagouioarum

501 2572 532 2624 et
554 2566 632 2637 dpao
653 2565 849 2638 semisolidae,
872 2566 1022 2629 stellarum
1044 2568 1222 2644 oemngnlae
1245 2576 1276 2629 et
1298 2566 1488 2642 dacarrguloe.

588 2648 724 2704 Claudum
745 2649 818 2705 enim
840 2648 1035 2717 pentagonicuc
1054 2645 1159 2708 eolides
1182 2650 1283 2719 Quies
1301 2648 1438 2708 aculeatas
1456 2648 1594 2717 undique,
1626 2664 1743 2719 quatum
1763 2662 1817 2703 uua
1833 2646 1858 2699 dt

501 2726 644 2783 duodecim
661 2728 823 2795 angulorum
842 2726 1113 2796 quinqueliuoarium,
1132 2728 1218 2787 altero
1236 2729 1330 2797 viginti
1355 2726 1515 2795 angulorum
1533 2726 1729 2797 trilinoarium;
1755 2726 1802 2781 ille
1819 2724 1857 2781 tri·

500 2808 543 2863 uis
560 2806 666 2875 augulis
684 2806 794 2873 insistit,
812 2808 882 2863 haec
899 2806 988 2875 quiuis
1006 2806 1101 2875 simul,
1118 2806 1166 2863 illa
1183 2806 1323 2881 pulchrius
1342 2819 1424 2877 super
1437 2802 1565 2875 angulum
1579 2805 1698 2873 erigitur,
1718 2804 1788 2859 haec
1806 2817 1856 2853 rec·

502 2886 557 2943 tius
575 2886 659 2953 sedet,
678 2886 837 2943 incumbens
863 2888 891 2940 in
909 2882 1013 2957 quinos.
1034 2887 1074 2951 (Se
1093 2894 1117 2941 el
1134 2890 1202 2939 inire
1217 2890 1263 2939 lib.
1278 2892 1309 2939 V.
1323 2903 1377 2950 sep.
1390 2887 1494 2939 imin
1506 2888 1573 2951 typis
1596 2888 1682 2936 aeneis
1701 2885 1857 2950 praemissis.)

501 2965 532 3017 ln
550 2963 593 3018 hie
611 2966 663 3020 etei
680 2965 832 3021 forinsecus
851 2983 905 3020 non
924 2968 1038 3032 apparet
1055 2962 1180 3031 regulere
1199 2964 1325 3032 planum,
1349 2962 1397 3021 ead
1425 2962 1484 3033 ejus
1501 2962 1562 3019 loco
1587 2962 1754 3032 triangulum
1774 2956 1856 3026 aequi-

503 3056 611 3097 crurum
629 3045 849 3114 pentagonicum.
869 3044 952 3113 quina
969 3049 1061 3095 tamen
1078 3042 1236 3109 hujusmodi
1254 3058 1361 3113 semper
1377 3042 1405 3100 in
1418 3058 1500 3097 unum
1520 3040 1644 3113 idemque
1661 3042 1776 3110 planunr
1795 3054 1857 3092 con·

502 3120 630 3190 petentia,
651 3122 788 3176 occultum
807 3124 858 3176 sub
877 3118 1014 3175 soliditate
1034 3116 1276 3192 quinquangulum,
1295 3118 1378 3175 reluti
1397 3136 1444 3175 cor
1460 3132 1539 3176 suum
1557 3116 1735 3193 denuntiant
1752 3118 1857 3173 iaciunt·

503 3217 556 3270 que
581 3218 642 3256 cem
667 3218 699 3255 eo
718 3199 818 3256 dictam
844 3199 951 3256 stellam
974 3199 1196 3267 pentagonicam,
1225 3212 1274 3252 seu
1297 3200 1450 3267 germanico
1468 3200 1596 3258 idiomate
1618 3199 1717 3268 pedem
1741 3198 1856 3259 Truttao

502 3280 692 3349 Theophrasto
711 3276 858 3333 Paraociso
875 3278 981 3344 siguum
999 3276 1131 3346 sanimtis.
1169 3274 1235 3330 Idea
1252 3277 1374 3344 corporis
1393 3277 1591 3345 quodaminodo
1609 3278 1705 3331 οειιειιι
1725 3282 1777 3343 est,
1794 3285 1857 3343 qnae

504 3358 548 3412 eni
566 3358 651 3426 plani,
674 3372 736 3411 num
754 3364 785 3411 ut
801 3357 830 3411 iu
849 3358 914 3422 hoc,
938 3371 976 3411 sc.
994 3355 1024 3411 in
1041 3353 1121 3411 stelle
1145 3352 1362 3424 quinquangula,
1384 3356 1508 3413 hinorm
1534 3368 1643 3424 semper
1664 3353 1855 3424 triangulorum

502 3436 590 3493 latera
606 3436 635 3491 in
653 3450 734 3491 uoero
751 3442 854 3491 rectam
872 3442 1045 3503 conpetunt,
1070 3448 1140 3502 quae
1156 3442 1235 3503 parte
1254 3434 1296 3492 sui
1315 3435 1442 3493 interiore
1460 3434 1492 3489 iit
1509 3434 1582 3489 basis
1606 3434 1652 3493 uni
1669 3432 1800 3489 exteriori
1817 3427 1857 3483 tri-

501 3515 609 3583 angulo.
627 3513 701 3570 latus
720 3528 784 3572 reto
802 3514 898 3569 intimo
915 3512 1132 3581 quinquangulo,
1152 3513 1191 3569 sic
1209 3513 1237 3569 in
1257 3504 1344 3569 solido
1364 3528 1470 3581 semper
1488 3513 1631 3587 quinorum
1650 3510 1799 3569 solidorum
1816 3524 1856 3563 en·

501 3593 628 3665 gaiorum
645 3590 781 3665 triangula
799 3591 906 3659 singule
924 3591 1083 3659 aequicrura
1103 3599 1261 3663 competunt
1285 3593 1411 3647 inunum
1429 3590 1583 3661 planitiem,
1609 3596 1725 3661 qnorum
1746 3589 1856 3657 quinque

503 3670 702 3740 triangulorum
721 3686 768 3727 son
788 3670 883 3726 stellae
901 3669 997 3726 intima
1014 3668 1133 3725 medulla
1152 3678 1180 3727 ct
1192 3688 1246 3739 cor,
1266 3668 1507 3741 quinquangulum,
1526 3668 1558 3723 fit
1570 3666 1645 3723 basis
1661 3668 1688 3721 in
1702 3672 1758 3721 una
1772 3680 1856 3734 super·

501 3751 601 3808 stantis
620 3748 711 3821 anguli
729 3748 816 3819 solidi,
835 3746 879 3802 rel
897 3748 925 3801 in
943 3746 1037 3813 altera,
1057 3750 1273 3819 superstantium
1293 3748 1410 3819 quinque
1424 3746 1577 3805 solidorum.
1613 3746 1665 3801 Est
1684 3750 1775 3800 autem
1787 3748 1856 3801 tantu

503 3826 794 3900 cognatio-figurarum
812 3828 917 3890 harum,
935 3825 1017 3881 unius
1036 3843 1097 3881 cunr
1117 3826 1301 3899 dodecaodro,
1322 3826 1433 3881 alterius
1453 3842 1513 3881 cum
1531 3824 1686 3889 icosaddro,
1705 3828 1738 3877 ut
1756 3820 1855 3876 ridean-
1895 3870 1896 3875 ,

501 3914 548 3967 tur
564 3906 625 3972 hae,
643 3907 804 3976 praesertim
823 3903 1019 3975 dodecaodmn,
1037 3910 1136 3961 trunca
1153 3904 1354 3975 quodammodo
1373 3910 1401 3959 et
1418 3903 1519 3967 mutila,
1538 3903 1561 3956 si
1574 3906 1641 3957 'curn
1657 3901 1712 3956 illis
1730 3894 1855 3956 aculeatis

502 3990 699 4055 comparentur.
1323 4032 1326 4041 .

589 4063 757 4132 uctnngntae
775 4078 839 4118 raro
862 4071 892 4117 et
908 4062 1074 4131 decmgnlae
1091 4063 1188 4121 stellae
1205 4064 1338 4120 lateribus
1357 4076 1472 4117 suumn
1488 4059 1640 4129 radiorum,
1668 4074 1739 4129 quae
1758 4066 1857 4123 semper

500 4148 529 4201 in
539 4145 635 4215 prims
651 4151 680 4198 ut
698 4150 803 4212 quartu,
822 4140 928 4199 duobus
941 4143 1072 4212 ιιιιιιιιιε,
1091 4150 1245 4213 congruunt
1262 4144 1290 4197 in
1302 4148 1505 4207 unamrootam,
1524 4137 1605 4197 binae
1617 4152 1726 4208 semper
1746 4145 1771 4193 at
1784 4135 1855 4191 binae

502 4228 655 4291 congruunt
671 4222 829 4289 iaciuntque
848 4223 946 4294 cuhum
964 4220 1027 4274 illac
1045 4222 1189 4289 quendem.
1208 4222 1260 4276 hae
1279 4218 1468 4278 catecumina
1484 4219 1633 4289 'quoddam
1652 4234 1708 4273 uon
1720 4216 1855 4285 soguloiti

504 4303 553 4363 aad
572 4300 740 4357 auriculatas
758 4302 872 4368 figuras,
891 4302 956 4369 quia
973 4300 1080 4355 duobus
1099 4288 1194 4370 planis¹
1207 4296 1313 4369 angulis
1332 4299 1474 4367 coaptatis,
1492 4297 1595 4353 hiatum
1613 4296 1794 4353 fierineccsse
1812 4294 1855 4345 eth

503 4380 551 4450 qui
569 4379 660 4433 claudi
678 4394 733 4433 non
751 4386 851 4449 potest.
888 4378 962 4449 Ergo
980 4394 1030 4448 per
1048 4381 1089 4435 ii.
1110 4378 1266 4438 semisolida
1284 4386 1390 4434 tantum
1409 4384 1451 4433 est
1466 4374 1654 4445 congruentia.
1836 4442 1842 4455 ·

591 4456 961 4524 Perfectissimacdicuntur
985 4460 1178 4527 congruentiae
1203 4456 1265 4510 illac
1294 4455 1409 4521 solidae,
1433 4456 1486 4512 hec
1504 4452 1686 4523 semisclidee,
1715 4452 1779 4522 quia
1795 4448 1854 4517 ipris

506 4536 640 4607 competit
658 4536 682 4590 6.
703 4534 822 4590 definitio
840 4534 924 4603 hujm
941 4532 1003 4589 libri
1021 4536 1111 4605 quoad
1130 4532 1301 4603 soliditatem,
1320 4534 1486 4605 planitiebus
1504 4548 1567 4587 vero
1586 4532 1652 4602 ipsis
1672 4530 1800 4600 competit
1816 4523 1855 4577 dc-

503 4614 590 4669 finitio
608 4613 711 4685 figurae
729 4613 875 4683 perfectae,
893 4626 963 4682 quac
982 4616 1024 4668 est
1041 4612 1110 4667 libro
1126 4614 1145 4667 l.
1166 4612 1294 4683 secunda,
1309 4622 1377 4668 sunt
1396 4629 1432 4667 sc.
1449 4612 1607 4668 secundario
1625 4612 1776 4683 perlectae.
1805 4604 1855 4659 Not

503 4695 622 4752 absurde
640 4693 764 4761 dicimus,
783 4691 966 4746 semisolidam
984 4690 1218 4760 perfectissimam,
1237 4692 1300 4759 quia
1318 4691 1454 4745 innuimus
1472 4690 1594 4744 inchoari
1613 4690 1727 4759 aliquid,
1746 4686 1788 4743 c'ui
1807 4692 1854 4736 oon

503 4776 527 4828 9.
547 4772 590 4826 rel
609 4776 665 4839 ro,
683 4770 733 4825 sed
752 4768 796 4825 cui
815 4772 837 4825 6.
858 4770 912 4825 dei.
932 4776 1110 4839 competeret,
1130 4770 1153 4824 si
1171 4770 1265 4842 perfici
1283 4778 1387 4840 posset.

591 4838 727 4905 XXVII.
751 4846 995 4922 Propositio.
1041 4845 1213 4921 congruunt
1243 4848 1331 4905 etiam
1353 4844 1391 4905 ad
1419 4842 1590 4903 solidandas
1611 4842 1719 4919 figurae
1743 4840 1854 4902 centro·

504 4933 623 5012 gularcs
644 4934 768 5013 figurae,
790 4934 903 4994 scilicet
922 4932 1037 4990 rhombi
1058 4934 1149 5009 plani,
1173 4934 1382 5011 perfectissime
1404 4933 1492 5007 idque
1516 4938 1628 4989 tuntum
1652 4932 1706 4993 hir.

592 5016 663 5073 llam
680 5032 716 5070 cx
735 5017 769 5073 12
787 5014 875 5086 planis
893 5014 1022 5080 rhombis,
1041 5023 1131 5071 certae
1148 5014 1333 5085 proportionis
1352 5014 1545 5084 diegouiorum,
1564 5014 1596 5069 iit
1607 5012 1738 5069 rhombus
1751 5008 1854 5070 solidet.

506 5096 597 5162 figura
615 5092 731 5150 cellulae
748 5094 885 5165 apiarius,
902 5101 1035 5164 quantum
1052 5096 1088 5151 ad
1106 5095 1193 5154 latere
1211 5110 1259 5151 sex
1277 5104 1305 5151 et
1323 5092 1436 5152 fundum
1454 5092 1648 5162 miangularem
1665 5090 1795 5157 solidumr
1812 5094 1854 5157 §⁹¹

507 5174 579 5234 euim
596 5172 703 5229 rhombi
721 5180 902 5242 congruentes
921 5174 967 5231 sic
986 5184 1019 5231 ιιι
1034 5172 1127 5229 obtusi
1144 5172 1265 5239 obtusis,
1289 5171 1364 5235 acuti
1380 5170 1467 5227 acutis
1486 5171 1669 5243 applicentur,
1689 5177 1745 5227 tres
1763 5164 1855 5225 habent

513 5247 829 5327 communicaturus,
847 5260 902 5309 tres
920 5254 1002 5315 etiam
1019 5251 1097 5335 paria
1108 5256 1250 5311 acutorum
1266 5250 1404 5311 exstantia
1415 5266 1498 5327 supra
1509 5248 1676 5320 totidemque
1687 5250 1766 5308 inira.
1795 5244 1854 5301 θοι·
