4242 6384
543 755 608 816 stt
754 805 756 812 ,
1010 743 1177 819 appendicis
1194 745 1417 802 Harmonicorum

543 925 670 987 Materia
703 923 911 986 declarationis
944 931 1012 986 tusa
1042 943 1203 1003 sensusque
1232 935 1300 988 sunt
1330 927 1508 1004 increpantis
1540 927 1659 1002 potius,
1694 934 1724 984 ut
1747 929 1768 983 ai
1790 943 1852 1002 quen

542 1015 629 1090 juxta
656 1021 685 1072 te
708 1013 914 1072 consistentem
937 1013 967 1070 in
990 1012 1125 1090 publico,
1156 1015 1211 1074 riec
1233 1015 1355 1074 verbum
1377 1014 1588 1092 proferentem,
1620 1014 1716 1072 verbis
1735 1013 1853 1089 prodigere

542 1100 667 1178 locoque
689 1101 799 1178 pellere
821 1099 1091 1160 stomachabundus
1118 1104 1296 1162 annitereria.
1342 1101 1376 1160 In
1399 1099 1514 1178 pulpito
1545 1119 1591 1160 me
1614 1103 1791 1160 constitutum
1808 1103 1853 1157 eri·

543 1188 708 1260 stimabam,
732 1187 801 1246 dum
823 1203 898 1262 opus
920 1185 1131 1247 Harmonicum
1153 1190 1250 1248 scribo
1272 1191 1580 1266 comparationemque
1605 1191 1634 1246 in
1655 1188 1711 1247 liue
1731 1188 1854 1261 subjungo

542 1285 574 1334 tu
597 1291 664 1335 ecce
687 1292 733 1334 me
756 1273 794 1334 ad
817 1291 929 1334 morum
952 1291 1105 1334 censuram
1129 1293 1227 1336 rocas.
1272 1275 1469 1335 Resdondeho
1484 1275 1621 1351 equidem
1637 1275 1676 1332 ad
1692 1275 1803 1349 objecta,
1821 1274 1858 1331 sed
1884 1312 1885 1335 i

542 1361 578 1422 de
601 1362 731 1440 pulpito;
761 1359 832 1420 illud
860 1361 999 1420 honestas
1030 1363 1174 1440 postulat,
1207 1363 1264 1422 hoc
1286 1365 1422 1439 aequitas
1448 1366 1600 1439 permittit
1645 1361 1751 1421 Censes
1775 1378 1859 1418 errores
1884 1348 1885 1365 ¹

544 1467 692 1527 quemquo
713 1466 784 1510 suos
805 1465 863 1508 non
886 1457 965 1508 recte
988 1449 1134 1510 obducere
1159 1449 1289 1510 colorum
1312 1451 1494 1512 diversorum
1517 1451 1713 1524 obscuritate3
1737 1448 1860 1506 duranto

541 1537 601 1612 his,
633 1539 683 1614 qui
705 1536 778 1605 talia
800 1535 923 1610 audent,
952 1539 1089 1612 agnoscis
1111 1539 1235 1596 frontem
1256 1547 1346 1613 atquo
1368 1537 1521 1598 audacem.
1565 1536 1729 1596 Laudabile
1755 1538 1860 1593 uimimu

540 1623 598 1684 hoc
628 1631 672 1684 est
699 1625 816 1682 initium
846 1639 985 1683 censurae
1007 1631 1093 1698 tuae,
1126 1634 1258 1701 promtus
1287 1642 1395 1686 annuo.
1441 1625 1535 1684 Facta
1562 1624 1612 1684 vel
1639 1628 1748 1702 scripta
1772 1625 1861 1698 propris

543 1729 634 1788 negas
657 1709 826 1770 extollenda
847 1727 899 1788 per
922 1709 1096 1788 philantiam
1120 1729 1286 1788 vanamque
1308 1713 1448 1789 gloriam:
1473 1711 1631 1775 adsentior.
1678 1711 1759 1769 Vitia
1771 1709 1861 1785 publio

545 1817 610 1858 cum
641 1801 815 1858 auctoritate
845 1805 942 1857 taxas:
977 1799 1098 1858 interest
1127 1799 1262 1877 publice,
1295 1809 1329 1858 ut
1350 1808 1380 1858 to
1405 1817 1472 1858 cum
1499 1799 1642 1874 juventus
1666 1797 1794 1857 studiosa
1819 1808 1861 1854 tnn

542 1889 697 1965 scriptores
728 1889 830 1946 omues
857 1885 988 1947 audiant.
1033 1885 1171 1962 Iniquum
1194 1903 1310 1960 censes,
1340 1903 1517 1962 quemquam
1543 1878 1576 1944 se
1597 1886 1711 1963 populo
1742 1883 1861 1943 venditare

541 1989 593 2050 per
623 1973 720 2033 laudis
749 1972 869 2034 alterius
901 1971 1106 2032 detrimentum
1141 1975 1341 2049 honestaeque
1373 1973 1469 2033 lamae
1501 1971 1736 2048 depressionem,
1768 1988 1861 2047 moun

540 2063 699 2138 praeconia
720 2077 840 2120 suorum
859 2073 913 2136 per
936 2059 1061 2120 aliorum
1082 2061 1205 2136 injurias
1228 2069 1257 2120 et
1279 2060 1407 2121 dederas
1433 2076 1483 2120 ote
1497 2060 1607 2134 iniusto
1622 2060 1805 2119 ebuccinare:
1824 2061 1885 2113 ini,

484 2215 487 2224 ,
541 2149 714 2224 quissimum
755 2147 811 2207 laoo
840 2147 958 2206 omniuo
989 2155 1019 2212 et
1041 2151 1204 2226 praeceptis
1231 2147 1340 2207 divinis
1368 2145 1561 2224 humanisque
1588 2149 1775 2208 eontrarium.
1815 2144 1865 2203 h'on

540 2235 793 2311 praecipiendus
819 2233 978 2298 monem
999 2235 1156 2307 ‚iudicium
1184 2235 1221 2294 eie
1248 2235 1333 2294 libris
1354 2235 1441 2294 editis
1468 2253 1490 2294 o
1518 2235 1772 2312 disceptantibus:
1802 2233 1885 2308 plaut¹

541 2327 662 2398 inquam
692 2315 752 2382 hoo'
771 2331 870 2382 vetare
897 2323 1009 2398 justum
1037 2331 1230 2397 sanctumque
1259 2330 1312 2382 est.
1356 2321 1513 2399 Scripsisse
1536 2329 1583 2393 te,
1617 2325 1676 2394 ais,
1712 2319 1885 2396 simplicitet*

540 2413 666 2483 sincere,
699 2409 829 2468 voluisse
857 2407 973 2486 placere
1000 2408 1128 2488 populor
1155 2408 1256 2474 laudo
1300 2408 1400 2487 Negas
1428 2418 1458 2468 te
1480 2419 1648 2484 quenquam
1677 2408 1808 2468 clanculo
1832 2405 1865 2463 rel

542 2505 642 2574 aperte
666 2499 863 2576 vituperasse:
887 2493 1040 2556 coute'utus
1056 2507 1132 2561 sm.
1175 2493 1257 2557 truc
1281 2492 1582 2569 nemiuemailecisse,
1606 2495 1723 2554 nullum
1747 2499 1775 2552 in
1796 2511 1885 2571 quus,

540 2601 629 2662 quam
651 2583 782 2645 dicacule
804 2583 943 2662 probrum
966 2582 1090 2658 dixisse,
1117 2582 1227 2642 nullius
1250 2570 1359 2642 lamam
1381 2583 1510 2643 insidiae
1530 2585 1711 2659 aeruginosa
1735 2583 1816 2642 dente
1833 2599 1865 2638 sr-

539 2674 661 2746 rosisse,
706 2673 816 2750 cynicis
852 2671 982 2732 moribus
1013 2671 1238 2747 calumniisque·
1256 2671 1449 2734 abstinuisse:
1487 2679 1596 2743 macte,
1630 2669 1825 2730 christianum
1845 2678 1865 2723 tr

539 2767 687 2836 praestas,
715 2776 804 2836 perge
827 2759 886 2817 ital
906 2777 907 2782 ¹
931 2757 1029 2834 Negas
1052 2767 1082 2817 te
1104 2775 1236 2818 sermone
1266 2761 1420 2816 temerario
1454 2775 1556 2816 usum:
1588 2775 1731 2834 magnum
1753 2766 1782 2816 te
1802 2773 1866 2832 prae

541 2846 623 2920 dico,
654 2849 679 2904 si
702 2845 759 2906 hoc
780 2863 876 2924 usqua
889 2849 1014 2922 'quaque
1037 2847 1247 2919 savisti;·rars
1266 2844 1403 2921 liugtsas,
1431 2856 1497 2903 rara
1519 2842 1624 2904 cslansi
1645 2841 1775 2903 ielicitas
1795 2845 1867 2901 onni-

541 2934 653 3009 husque
677 2928 816 2992 encomiis
830 2931 1036 3012 praedicanda.
1082 2932 1182 3009 Atque
1195 2932 1273 3006 hinc,
1295 2935 1350 3005 aia,
1372 2940 1402 2992 te
1422 2933 1619 3006 constituisse,
1642 2934 1885 3010 comparationes,

540 3037 637 3082 meam
660 3021 800 3098 replicare
823 3017 1017 3080 amaritudine
1039 3022 1184 3097 seposita:
1217 3019 1297 3079 bona
1318 3036 1409 3078 carisa
1431 3018 1601 3096 impellens,
1629 3021 1775 3096 propositi
1799 3019 1885 3095 tomas

541 3109 772 3184 speciosissima,
804 3125 856 3192 spe
884 3106 989 3185 plsuua
1017 3121 1092 3166 auur.
1139 3105 1368 3169 animadvertis
1395 3125 1420 3166 o
1443 3122 1492 3165 me
1520 3107 1575 3164 tihi
1602 3103 1869 3179 objecto-nonnullo

542 3195 706 3269 usbtiliter,
731 3195 866 3272 agnoscis
888 3205 985 3253 tamen
1008 3211 1148 3252 amenum
1169 3196 1204 3251 io
1226 3197 1264 3252 iis
1293 3193 1518 3269 quodammodo
1538 3195 1689 3271 frontem:
1724 3210 1784 3251 uon
1805 3191 1869 3250 malr.

542 3289 575 3340 ut
596 3281 695 3355 video,
718 3299 813 3359 neque
835 3289 866 3340 tu
891 3280 927 3340 de
949 3297 1001 3340 mo
1018 3297 1130 3358 speras,
1145 3281 1209 3338 nlm‘
1230 3283 1256 3339 si
1279 3283 1308 3338 in
1324 3295 1397 3340 voce
1419 3282 1567 3340 solmiac
1588 3277 1785 3339 subtilissima
1800 3278 1885 3338 lateat

542 3369 731 3444 querimonia.
777 3369 840 3449 Ego
863 3368 949 3440 mihi,
972 3367 1115 3441 Roberte,
1138 3370 1212 3428 meis
1235 3367 1328 3427 veluti
1351 3367 1533 3428 auditoribus
1557 3367 1594 3426 de
1615 3367 1734 3443 pulpito
1757 3384 1819 3426 sum
1837 3365 1870 3420 lo

540 3464 625 3516 cutus
648 3453 684 3516 de
698 3455 870 3516 Ptolemaeo
894 3471 996 3531 aeque
1010 3465 1100 3530 atque
1122 3454 1159 3514 de
1179 3453 1319 3534 lieberto,
1344 3464 1485 3530 quantum
1508 3454 1545 3513 ad
1569 3454 1746 3514 emdiendos
1768 3453 1869 3513 tectore

541 3543 704 3603 conducere
740 3559 807 3616 aum
836 3543 1009 3615 arbitratus,
1041 3542 1205 3602 subtilitate
1233 3559 1303 3602 usus
1332 3541 1399 3612 illa,
1434 3559 1510 3618 quae
1540 3539 1578 3600 ad
1601 3541 1795 3600 dividendum
1816 3544 1870 3596 inter

540 3632 713 3708 scriptiones
742 3629 844 3690 alflnea
872 3631 1091 3706 requirebatur,
1120 3630 1256 3726 ignarus,
1287 3632 1427 3688 interesse
1449 3628 1609 3688 Robertum
1637 3630 1747 3705 ipsum.
1793 3627 1870 3701 Quen

540 3717 612 3776 nihil
636 3734 749 3790 eorum,
778 3735 858 3800 ,quae
881 3717 918 3777 de
940 3717 1004 3792 ejus
1027 3733 1115 3793 opere
1138 3717 1253 3792 scripsi,
1284 3724 1425 3792 tanquam
1455 3719 1575 3776 caueri
1597 3716 1746 3786 obiectm
1777 3715 1885 3789 scripsit

540 3803 602 3865 Sed
622 3807 692 3882 quia
714 3806 842 3864 couritur
857 3822 878 3865 e
901 3805 987 3864 turba
1008 3803 1156 3866 Robertus
1177 3804 1241 3881 lpse
1263 3805 1449 3880 improvisus,
1473 3807 1600 3880 ae'quum
1620 3803 1758 3880 equidem
1775 3817 1870 3867 censeo,

541 3899 575 3952 ut
597 3899 626 3952 et
648 3895 713 3970 ipse
743 3890 781 3952 de
802 3907 834 3952 se
857 3892 999 3968 loquatur
1017 3891 1113 3969 deque
1142 3889 1217 3963 libro
1240 3889 1368 3965 suoqsl
1396 3887 1468 3966 quid
1490 3907 1547 3967 ogo
1572 3889 1650 3949 libro
1682 3886 1747 3965 ejus
1776 3888 1885 3966 praem

539 3987 665 4040 mentem
696 3977 845 4057 scriptoris
860 3979 1032 4056 adscripsi,
1066 3977 1174 4050 diluat,
1208 3980 1386 4036 contrarium
1413 3987 1571 4049 monstret,
1606 3977 1745 4036 'audiatur
1774 3980 1803 4033 in
1830 3975 1871 4032 hoc

541 4065 641 4126 mundi
664 4067 796 4127 theatror·
821 4069 931 4150 primus
954 4083 1009 4142 ego
1031 4068 1089 4125 mei
1108 4064 1213 4141 judicii
1242 4082 1331 4141 super
1353 4065 1418 4142 ejus
1440 4064 1514 4124 libro
1538 4081 1649 4126 errores
1680 4068 1871 4140 agnoscamur

541 4155 671 4228 letabor,
698 4153 726 4212 'sl
750 4169 801 4214 eos
829 4156 892 4232 ipse
914 4153 984 4213 mihi
1009 4151 1160 4212 detexerit.
1205 4151 1370 4228 'I'orquere‚
1400 4146 1555 4232 Robsrte,
1577 4159 1673 4228 tecum
1695 4153 1870 4210 inmercum

540 4241 674 4320 frontem
695 4248 794 4320 poles,
816 4247 989 4320 recoquere
1010 4253 1070 4298 hou
1091 4247 1192 4318 potes,
1216 4238 1272 4296 uisi
1294 4242 1324 4297 in
1347 4239 1506 4309 lenientem.
1554 4308 1581 4321 ,-

556 4319 559 4326 ⁴
630 4327 684 4387 Ad
707 4322 892 4408 Analysin
916 4327 941 4390 I.
985 4325 1097 4386 Videor
1118 4334 1147 4386 te
1175 4343 1313 4387 accusare
1336 4326 1656 4409 ihsci'ti'ae,.acriter,‚
1672 4323 1740 4384 licet
1764 4322 1871 4383 occulte.

539 4415 614 4476 'l'am
635 4415 693 4475 hoc
715 4412 761 4474 e'st
783 4415 939 4489 occultum,
962 4411 1101 4490 Roberte,
1122 4420 1156 4474 ut
1169 4409 1234 4474 toto
1258 4411 1340 4473 coelo
1364 4431 1450 4474 erres.
1496 4411 1574 4490 Quid
1591 4415 1705 4476 intersit
1726 4413 1801 4470 intei
1820 4419 1872 4466 tuas

539 4505 679 4580 measque
700 4499 889 4576 harmodiaa,
911 4500 1040 4562 edissero
1063 4497 1201 4572 fideliter,
1230 4499 1503 4582 nullachcuiuone
1526 4517 1607 4561 usus.
1642 4499 1732 4558 ‘Nihil
1760 4506 1790 4556 te
1813 4501 1872 4554 inter

540 4599 569 4651 at
590 4587 791 4670 Ptolemaeum
813 4585 989 4648 discriminis
1011 4596 1071 4662 est,
1100 4589 1157 4646 nisi
1171 4576 1260 4666 anod
1283 4599 1315 4647 tu
1338 4605 1473 4665 superes,
1505 4587 1555 4648 ille
1577 4580 1628 4645 nos
1651 4585 1814 4662 quindecim
1833 4599 1872 4638 sc-

540 4677 613 4738 culis
641 4679 807 4738 antecessit.
844 4675 927 4752 'Quo
959 4677 1077 4736 nomine
1105 4677 1160 4734 tibi
1187 4672 1367 4756 parcendum
1389 4677 1582 4748 censuissem,
1602 4675 1690 4748 nisi,
1708 4674 1749 4760 'in
1770 4669 1870 4748 pulpito

540 4767 729 4839 constitutus,
754 4765 893 4842 majorem
915 4763 1063 4842 prolectas
1082 4761 1266 4836 auditorum,
1290 4779 1379 4839 quam
1401 4763 1444 4820 tui
1467 4763 1611 4822 rationem
1632 4754 1808 4820 habuissem.

582 4879 586 4892 ι
626 4851 679 4912 Ad
703 4851 888 4932 Analysln
912 4849 952 4910 Il.
997 4847 1070 4909 dure
1092 4857 1143 4909 tuo
1167 4851 1265 4924 uteris,
1286 4845 1368 4926 quod
1391 4866 1470 4928 vere,
1492 4848 1544 4909 sed
1568 4850 1684 4908 concise
1707 4861 1784 4906 ame
1806 4843 1870 4902 dicta

539 4937 618 5020 (naut
640 4939 727 5018 plura
750 4937 785 4999 de
808 4933 866 4998 t'uls
889 4935 1069 4998 editionibus
1083 4951 1142 4996 non
1158 4935 1310 5015 noveram)
1332 4923 1513 5014 tu'explicas
1528 4935 1626 4996 latius.
1670 4925 1769 4993 Patior
1784 4933 1868 4993 etiam,

541 5036 574 5086 ut
595 5025 718 5087 accedat
738 5025 777 5086 ad
800 5027 1032 5104 comparationes
1056 5041 1138 5084 meas
1160 5027 1228 5103 ista,
1252 5021 1330 5102 quod
1352 5025 1455 5098 plures
1477 5041 1529 5100 epo
1551 5021 1586 5081 hi
1601 5040 1673 5098 suso
1688 5039 1772 5097 opere
1784 5030 1869 5076 ocum

542 5115 740 5187 inaumserim,
774 5131 862 5192 quam
891 5121 922 5172 tu
950 5115 979 5170 in
999 5121 1055 5176 ¹tuo
1083 5111 1292 5171 hebdomadas.
1337 5111 1417 5170 Nihil
1446 5117 1543 5169 muron
1573 5109 1724 5185 adrogabo
1746 5105 1868 5181 temporis

541 5197 579 5262 ad
607 5201 773 5280 aagendam
799 5195 952 5278 gloriam,
970 5207 1029 5261 'nec
1055 5203 1168 5260 textum
1198 5199 1262 5283 ipse
1290 5216 1387 5259 meum
1421 5199 1595 5270 immeritum
1625 5195 1688 5278 (tol.
1718 5191 1788 5274 268)
1815 5188 1869 5248 fain
