4242 6384
529 802 570 863 96
969 802 1012 859 Ι)ε
1028 802 1189 877 Quarum
1205 801 1429 861 nomenoium

613 972 699 1029 Porro
715 973 784 1031 haec
799 973 887 1033 latere
904 974 961 1046 BQ,
980 976 1028 1047 ΩΤ
1049 993 1104 1035 non
1126 978 1187 1049 ipsa
1211 982 1276 1033 eunt
1298 982 1406 1033 tantem
1430 976 1521 1037 mon
1544 983 1574 1037 ει
1595 976 1718 1049 emesam
1744 976 1792 1036 sed
1807 986 1861 1034 sunt

528 1051 610 1107 etiarn
626 1052 694 1109 tales
712 1052 808 1125 lineae,
826 1044 861 1111 εἰ
878 1056 977 1127 quibus
993 1057 1064 1113 alise
1083 1058 1152 1113 tales
1169 1053 1240 1113 liunt
1257 1054 1381 1113 addendo
1394 1055 1437 1111 rel
1455 1056 1648 1117 submonendo.
1664 1058 1784 1115 Primum
1801 1060 1861 1115 snm

526 1130 680 1188 nuntiator
697 1149 727 1189 se
744 1134 1034 1204 incommensurabiles,
1052 1136 1172 1195 secundo
1191 1134 1324 1207 quadrata
1339 1135 1458 1206 Ipsarum
1476 1136 1533 1211 ΤΟ,
1552 1136 1595 1206 Qs
1610 1138 1708 1209 juncta
1725 1145 1862 1209 aequantur

527 1209 779 1278 quadratoelfabili
796 1216 882 1286 ipsine
900 1216 956 1289 ΤΒ,
975 1220 1057 1275 tertio
1074 1216 1263 1289 rectangnlum
1281 1218 1331 1272 sub
1350 1215 1411 1285 ΤΟ,
1430 1214 1473 1285 Qs
1492 1222 1535 1273 est
1551 1232 1659 1284 meson,
1681 1224 1725 1273 est
1743 1220 1810 1273 enim
1826 1232 1862 1273 ae

526 1288 606 1356 quale
622 1294 781 1363 rectengnlo
799 1295 850 1350 snb
869 1294 923 1365 om
941 1298 1094 1353 semilatere
1112 1296 1259 1367 tetragonI,
1282 1295 1342 1351 sole
1359 1295 1482 1365 potentia
1500 1294 1615 1363 effabili,
1636 1302 1663 1351 ει
1680 1297 1731 1353 snb
1749 1296 1791 1351 'IS
1808 1295 1863 1349 edn-

526 1366 573 1422 bili
590 1368 770 1441 longitudine:
789 1391 870 1445 quam
888 1376 922 1431 ob
940 1393 1050 1433 eausam
1068 1384 1132 1433 eunt
1150 1378 1231 1433 etiam
1252 1374 1350 1445 juncta
1366 1372 1395 1428 in
1413 1372 1500 1445 gradu
1517 1375 1646 1429 edendae
1664 1380 1751 1430 sexto.
1786 1375 1864 1445 Quare

525 1463 575 1516 per
592 1449 626 1506 X
645 1451 680 1507 39
698 1455 865 1523 compositae
881 1454 910 1509 in
927 1472 1007 1511 mam
1025 1456 1094 1525 TQS
1112 1454 1181 1513 fiunt
1207 1455 1307 1525 mizon,
1332 1460 1360 1509 et
1375 1468 1426 1523 psr
1442 1454 1476 1509 X.
1496 1456 1529 1511 76
1548 1454 1610 1525 ΤΟ,
1633 1454 1686 1511 hoc
1703 1462 1747 1509 est
1764 1454 1808 1525 Qz
1825 1457 1863 1511 ab·

524 1524 581 1581 late
602 1542 620 1582 a
644 1526 701 1599 QS,
727 1532 856 1603 relinquit
877 1533 919 1590 ZS
943 1533 1102 1590 elusionem.
1138 1534 1234 1605 Itaque
1258 1532 1318 1589 lieri
1341 1538 1445 1602 potest,
1469 1541 1500 1589 ut
1519 1534 1627 1591 elaeeon
1645 1541 1674 1590 et
1690 1535 1779 1590 mizon
1795 1532 1864 1588 unlus

525 1606 605 1676 bigae
621 1606 689 1663 liunt
708 1609 841 1667 elementa
858 1611 969 1669 alterius
988 1614 1079 1685 bigae,
1103 1620 1131 1670 et
1153 1613 1273 1685 classon,
1296 1612 1387 1670 ablata
1411 1612 1549 1669 ammone
1567 1628 1629 1683 sna,
1655 1612 1790 1685 relinquat
1806 1610 1864 1667 elas·

525 1700 593 1743 aona
609 1686 730 1744 alterins.

612 1765 692 1835 Quod
714 1783 806 1823 aream
829 1768 955 1841 octogoni
979 1771 1092 1840 attinet,
1113 1771 1161 1830 illa
1185 1778 1294 1831 constat
1315 1786 1350 1829 ex
1368 1782 1430 1834 osto
1454 1772 1555 1830 talibus
1572 1773 1699 1845 trignum
1730 1769 1815 1843 qualis
1831 1781 1866 1828 est

525 1842 606 1913 LQT.
643 1842 697 1900 Sed
719 1854 828 1916 conant
848 1850 1036 1920 rectangnlum
1054 1850 1147 1922 QTRS
1171 1868 1205 1910 ex
1228 1854 1329 1911 talium
1347 1865 1483 1938 quatuor,¹
1499 1862 1542 1909 εει
1560 1870 1626 1925 ergo
1648 1852 1864 1913 romesiensis

525 1931 555 1979 et
571 1932 614 1981 est
630 1940 736 1995 meson,
756 1933 788 1982 nt
804 1927 886 1997 paulo
905 1936 986 1985 antea
1002 1931 1161 2005 probatum
1188 1950 1252 2005 ergo
1270 1938 1352 1995 etiam
1370 1936 1482 2009 duplum
1500 1935 1571 2005 ejus,
1599 1934 1703 1991 scilicet
1721 1946 1786 1987 area
1802 1934 1865 2017 noio·

524 2003 601 2071 goni,
627 2018 721 2059 meson
744 2010 799 2074 εει,
826 2022 877 2075 per
898 2010 1019 2077 porisma
1039 2028 1117 2083 prop.
1137 2014 1216 2071 Euol.
1236 2016 1270 2074 x,
1289 2018 1332 2074 24.
1368 2020 1440 2077 Hine
1460 2014 1567 2072 clarius
1586 2012 1679 2069 Geom.
1699 2012 1788 2068 Pract.
1805 2006 1864 2061 lrbro

524 2083 599 2139 VIII
635 2084 716 2153 Prop.
730 2086 761 2141 31
782 2086 1065 2155 demonstratorem
1083 2092 1143 2161 sjns
1161 2108 1221 2151 esse
1239 2096 1356 2153 medium
1373 2094 1576 2169 proportionale
1594 2094 1665 2149 Inter
1683 2105 1775 2147 eseam
1793 2092 1865 2140 tetra-

525 2162 589 2233 goni
606 2162 728 2234 inscripti
746 2173 774 2220 ει
792 2180 883 2221 aream
901 2168 1097 2241 circumscripti
1114 2174 1257 2244 tetragoni,
1285 2192 1354 2247 quae
1373 2184 1436 2233 sunt
1453 2176 1488 2233 ad
1505 2176 1620 2231 Invicem
1637 2173 1693 2231 nti
1714 2168 1750 2227 ad
1762 2170 1787 2240 2,
1805 2177 1865 2236 quse

525 2240 713 2297 detormmatio
731 2245 890 2313 quantitatis
908 2255 999 2303 certae
1016 2248 1099 2307 infert
1117 2253 1230 2309 eandem
1248 2256 1406 2325 qualitatem
1424 2255 1499 2313 mesi.

611 2316 780 2381 XXXVII.
818 2320 1056 2400 Propositlo.
1108 2326 1377 2410 Helkeedecagoni
1416 2334 1494 2393 latus
1532 2328 1623 2391 habet
1664 2322 1864 2403 geometricam

526 2403 751 2483 descriptionem
775 2426 810 2469 ex
833 2410 960 2486 angulis,
982 2412 1036 2473 sed
1059 2412 1160 2476 leterii
1183 2420 1306 2481 scientia
1327 2420 1444 2500 longine
1460 2424 1603 2496 evagatur
1619 2416 1648 2473 in
1664 2412 1774 2493 matius
1789 2411 1864 2487 igno·

439 2563 443 2573 ¹
524 2490 643 2553 bilioree
667 2494 801 2557 omnibns
823 2499 1006 2576 praemissis,
1032 2492 1187 2581 multoque
1209 2510 1304 2585 magle
1327 2509 1390 2585 ejus
1413 2506 1565 2570 stellarum
1587 2502 1694 2577 latera,
1728 2516 1782 2561 seu
1803 2495 1865 2556 sult-

483 2600 486 2608 ·
524 2586 627 2641 tensae
650 2584 752 2659 tribus,
777 2587 915 2662 quinque,
938 2596 1052 2663 septem
1075 2590 1237 2659 sedecimie.
1603 2596 1607 2601 '

610 2663 681 2732 Quia
698 2665 739 2721 bie
757 2674 819 2723 octo
837 2676 901 2725 eunt
918 2669 1050 2742 sedecim,
1076 2672 1136 2728 ideo
1153 2674 1291 2746 perlatus
1310 2678 1436 2749 octogoni
1459 2677 1547 2749 figura
1564 2674 1632 2730 hott
1649 2687 1684 2727 2¹
1701 2668 1798 2741 fiflflffl
1812 2662 1865 2720 m·

525 2741 657 2798 mnenm
676 2743 844 2817 deecmmmr,
863 2747 962 2817 quibus
980 2755 1061 2807 antea
1079 2750 1228 2827 octogonus
1246 2766 1296 2827 per
1313 2754 1384 2814 laius
1403 2757 1545 2827 tetragoni·
1818 2825 1824 2839 ,

609 2821 679 2877 Εειο
697 2821 743 2904 QO
765 2826 826 2887 liis·
846 2825 887 2887 10)
903 2825 976 2883 latus
993 2831 1121 2900 non'J'em
1137 2836 1281 2907 tetragoni
1300 2836 1349 2892 eed
1367 2838 1509 2909 octogoni,
1528 2841 1556 2892 ει
1574 2834 1630 2905 Q'I,
1649 2831 1696 2889 ΤΟ
1713 2830 1802 2886 latera
1814 2840 1863 2915 tan

523 2898 705 2971 ssdecungnli,
723 2902 888 2978 eth’lstus
905 2900 1003 2964 stellae
1019 2914 1180 2982 octangnlae
1198 2924 1272 2972 esto:
1290 2916 1319 2971 id
1336 2916 1389 2975 luit
1405 2919 1481 2989 prins
1499 2916 1596 2985 mizon,
1611 2928 1678 2983 ,ergo
1696 2917 1726 2971 ει
1743 2909 1798 2965 LM
1816 2916 1864 2973 qus

521 2979 634 3037 tilmidia
645 2988 705 3037 erat
715 2981 811 3037 mizon
829 2983 919 3053 Quare
930 2990 1120 3059 rectangulum
1131 2994 1183 3051 snb
1196 2993 1239 3050 ST
1257 2995 1359 3053 effabili
1377 3002 1405 3053 ει
1421 2998 1475 3053 Lll
1491 2996 1596 3051 srmone
1618 2998 1661 3048 est
1678 2988 1780 3060 speciei
1796 2984 1865 3056 plant
1901 2998 1902 3009 ¹

523 3058 622 3131 ΠΜ,
641 3060 718 3130 milli
735 3061 806 3117 inter
823 3066 924 3132 81⁸ssss
941 3070 1066 3138 lupetius
1085 3068 1251 3141 sprIcatbs,
1278 3082 1310 3131 ut
1327 3075 1489 3147 nobiliores,
1513 3073 1589 3131 nulla
1612 3068 1644 3127 fit
1661 3070 1773 3125 mentio.
1807 3060 1865 3119 Tale

523 3149 587 3194 sero
605 3155 706 3194 norum
722 3139 844 3195 ablatum
861 3146 896 3199 ab
914 3159 956 3216 eo,
974 3146 1117 3216 qnodeub
1134 3150 1190 3222 ΒΤ,
1210 3152 1262 3223 I'S,
1280 3152 1437 3211 effabilibus
1455 3151 1633 3225 longitndIne,
1652 3148 1814 3216 continetur,
1830 3156 1864 3199 re

522 3215 622 3286 linquit
637 3216 735 3273 iterum
751 3220 924 3276 remotiorem
941 3223 1060 3294 aliqum
1074 3230 1200 3305 speciem,
1208 3234 1407 3306 reclangnlum
1424 3234 1528 3291 scillcet
1545 3232 1596 3289 sub
1606 3228 1673 3301 mn,
1692 3226 1745 3298 ΤΒ,
1764 3220 1865 3313 aequale

524 3296 657 3365 quadrato
675 3294 736 3367 ΤΟ,
760 3296 853 3355 istem
871 3300 1120 3377 heklraedecagoni.
1156 3310 1245 3367 ldnlto
1267 3314 1352 3383 magis
1370 3316 1398 3373 id
1416 3330 1509 3372 rernm
1535 3312 1570 3369 de
1595 3308 1775 3382 plurianguiis
1793 3306 1865 3372 hujus

524 3374 637 3431 dassia:
656 3382 688 3431 nt
706 3376 748 3447 32,
767 3378 809 3447 dl,
830 3378 881 3436 128
897 3384 1058 3453 angulorum
1076 3392 1128 3443 elo.

611 3450 685 3510 cum
706 3454 751 3512 sic
772 3452 881 3516 lrabeat
903 3474 970 3519 cnm
989 3461 1082 3523 latere
1107 3480 1167 3526 nno
1189 3482 1244 3527 ssu
1265 3470 1405 3531 subteneo
1427 3472 1479 3531 nni
1500 3469 1681 3540 sedecimas,
1710 3466 1775 3545 jam
1797 3459 1865 3519 illim

522 3541 655 3617 potentia
677 3540 777 3601 ablata
798 3560 818 3602 a
838 3550 972 3623 potentia
994 3548 1137 3629 diametri,
1161 3552 1299 3635 relinquit
1320 3558 1491 3619 subtensam
1513 3564 1624 3637 septem
1643 3552 1806 3625 sedecimis,
1828 3550 1867 3606 ssi

523 3628 613 3703 igitur
634 3625 686 3686 illa
707 3628 815 3707 gradm
838 3637 1011 3701 remotioris.
1053 3638 1127 3701 Tres
1149 3660 1219 3704 raro
1241 3643 1406 3708 sedecimas
1428 3649 1598 3709 subtensam
1623 3643 1733 3703 habent
1758 3638 1866 3700 derisa·

524 3715 625 3796 tama¹
646 3714 790 3777 subteneo
810 3721 906 3782 tribus
926 3726 1038 3785 octavis
1059 3745 1113 3806 per
1134 3730 1340 3795 blsectlonem:
1363 3742 1432 3795 sunt
1446 3738 1535 3814 lgItnr
1555 3736 1586 3793 in
1604 3730 1753 3794 remotiori
1774 3722 1865 3803 gradu,

524 3819 614 3878 quam
635 3802 696 3865 illa.
740 3804 779 3865 Et
799 3812 935 3884 potentia
954 3813 1115 3879 subtsnsae
1136 3819 1229 3881 tribus
1251 3820 1405 3883 sedecimis
1428 3824 1529 3885 ablata
1546 3832 1569 3888 'a
1583 3820 1717 3900 potentio
1731 3810 1867 3882 dimelfis

523 3888 662 4039 relipiquit
682 3896 845 4039 popentiam
866 3899 1023 3964 subteneae
1046 3907 1175 3985 quinque
1197 3906 1361 3979 sedecimis.
1407 3912 1461 3972 Est
1482 3914 1570 3990 Igitur
1596 3910 1669 3969 haec
1690 3921 1805 3967 rursum
1825 3914 1866 3959 rt·

517 3994 764 4056 mmmm

555 4123 563 4140 ,
608 4065 797 4133 XXXVIII.
818 4071 1050 4153 Propositio.
1087 4081 1209 4161 'Irigonl
1227 4084 1417 4164 ethcxegonl
1430 4086 1524 4148 latera
1537 4084 1745 4165 geometricam
1766 4077 1867 4141 habent

524 4153 749 4232 descriptionem
771 4176 807 4219 ex
828 4162 945 4240 angulis
965 4164 1131 4247 figurarum,
1155 4179 1185 4232 et
1205 4176 1236 4236 in
1249 4174 1389 4235 cisonium
1403 4178 1551 4254 inscripta,
1574 4181 1643 4235 sunt
1657 4170 1782 4245 seibdia,
1804 4156 1868 4225 illud

524 4244 626 4322 tertio,
654 4244 711 4305 hoc
731 4248 860 4311 secundo
882 4252 991 4332 grado3
1020 4255 1111 4335 plana
1131 4274 1203 4320 vero
1225 4278 1280 4323 seu
1301 4278 1387 4324 areae
1408 4263 1567 4341 figurarum
1588 4268 1658 4323 sunt
1678 4276 1774 4333 mese,
1804 4264 1867 4331 μθ·

523 4333 665 4406 portionis
686 4334 762 4393 inter
782 4352 815 4397 ss
837 4335 954 4416 duplae.

683 4450 733 4503 a·
938 4500 1007 4569 ι,
1026 4426 1626 4577 eorm
1642 4412 1866 4567 tituli

936 4581 987 4639 dos
1007 4590 1126 4658 taceam
1149 4588 1181 4644 nt
1207 4589 1339 4648 beneficIo
1361 4532 1522 4663 hexaglonioi
1543 4554 1649 4662 nari’s,
1681 4588 1746 4661 qula
1769 4588 1803 4643 de
1823 4592 1866 4673 {⁶¹

938 4663 1019 4718 semis
1040 4672 1106 4721 eunt
1121 4668 1181 4723 tria
1217 4668 1257 4726 Et
1272 4669 1409 4741 hexagoni
1426 4672 1534 4743 quidem
1552 4668 1698 4741 descriptio
1718 4674 1747 4724 et
1763 4668 1865 4728 insons

881 4814 883 4817 .
935 4739 976 4796 tio
994 4748 1058 4799 sunt
1074 4746 1153 4803 Eucl.
1165 4747 1212 4805 IV.
1227 4750 1265 4807 15.
1302 4750 1356 4807 Sed
1374 4752 1542 4809 ostendenda
1559 4758 1602 4810 est
1617 4747 1773 4808 consecutio
1791 4754 1865 4818 quw·

936 4818 1023 4877 ιίιειίε
1039 4822 1134 4882 lateris
1152 4840 1187 4883 ex
1201 4828 1364 4899 ,angulorum
1375 4832 1539 4889 rationibus.
1817 4898 1823 4913 ‚

1025 4902 1067 4960 eo
1088 4903 1248 4978 nengonus
1270 4906 1424 4968 essens.
1460 4910 1528 4967 oum
1549 4910 1632 4991 ignem
1655 4910 1710 4967 ont
1734 4896 1864 4989 inauli

938 4978 1049 5051 planum
1073 4984 1154 5039 etiam
1171 4984 1307 5059 hexagoni
1325 4986 1458 5047 dividetur
1481 4990 1510 5045 in
1526 4990 1663 5062 triangula
1684 5004 1745 5059 sex,
1769 4984 1865 5041 vernol·

866 5079 893 5131 p
937 5062 990 5117 bue
1008 5061 1037 5117 ln
1054 5066 1184 5121 eenmoA
1201 5066 1334 5139 coeuntia,
1353 5068 1432 5139 quale
1450 5084 1533 5125 nnnrn
1552 5077 1594 5127 eet
1606 5069 1684 5128 OAG.
1703 5068 1791 5138 nuere
1807 5069 1864 5153 ,Ψ

933 5146 1000 5197 tnor
1021 5149 1171 5217 rectorum,
1197 5153 1320 5202 centrum
1343 5148 1369 5203 A
1394 5149 1639 5219 circumstantium,
1664 5162 1768 5205 summa
1788 5140 1865 5197 Μ*

826 5231 829 5240 ’
934 5226 964 5281 in
982 5238 1031 5280 sax
1048 5223 1183 5297 vertices,
1201 5223 1248 5281 dat
1265 5226 1313 5282 uni
1329 5226 1450 5283 rmdeeli
1467 5227 1566 5299 angulo
1579 5227 1651 5285 GAG
1673 5235 1790 5300 quatuor
1805 5228 1864 5273 ἰῶ·

933 5307 990 5375 ιεε,
1022 5320 1073 5364 een
1097 5307 1163 5365 duas
1186 5305 1286 5365 tertiae
1309 5307 1388 5365 unius
1416 5306 1494 5387 recti.-
1537 5306 1622 5377 Atqui
1648 5304 1776 5377 ennom
1801 5285 1885 5388 ΟΝ
