4242 6384
734 753 815 814 Liber'
832 753 882 816 lli.
900 757 988 829 Caput
1005 753 1081 816 xm
1513 703 1594 824 387ἱ

229 926 308 978 tussit
326 925 435 998 aliquid
452 929 571 986 coeleste
589 930 757 1000 comparari,
785 932 907 1000 quamvis
934 911 1080 1001 plurimum
1105 931 1176 986 inter
1202 944 1233 984 se
1258 927 1387 998 madibus
1412 929 1577 1000 inventionis

229 1003 432 1074 prioritatisqns
449 1007 575 1064 dilierant
592 1011 683 1078 capita
700 1011 739 1064 rei
757 1011 884 1076 musicae,
902 1026 1017 1080 quorum
1034 1010 1088 1066 boc
1103 1007 1242 1064 residuum
1260 1021 1322 1064 ease
1339 1007 1412 1070 dicit

304 1101 388 1156 Nota
405 1102 454 1158 ΠΙ.
491 1103 650 1160 Differentis
668 1105 878 1174 comparationis
896 1105 979 1173 bajus
996 1112 1026 1160 es
1042 1104 1125 1163 illius.
1142 1118 1213 1172 quse
1232 1103 1322 1172 capito
1337 1103 1361 1159 8.
1378 1103 1439 1174 init,
1456 1111 1500 1162 est
1516 1105 1577 1176 uta,

229 1178 289 1245 puod
307 1177 348 1234 ibi
368 1180 497 1254 zodiacus
515 1198 532 1236 s
549 1189 623 1238 certo
641 1183 718 1237 initio
737 1190 867 1238 extensus
886 1191 1059 1254 comparatus
1075 1182 1129 1238 init
1145 1182 1287 1252 systemati
1303 1180 1441 1251 perlecto,
1459 1183 1577 1238 hicnon

229 1257 351 1312 rodinus
371 1275 421 1328 per
439 1276 483 1332 se,
496 1263 559 1320 ,sed
577 1261 694 1318 circulus
717 1263 830 1318 semisse
849 1261 919 1332 signi
937 1269 999 1318 ante
1018 1262 1107 1318 locnrn
1126 1259 1197 1316 Solis
1213 1260 1368 1329 inceptus„
1380 1266 1410 1318 et
1425 1261 1453 1316 in
1470 1262 1577 1318 Venere
1675 1296 1678 1307 ·

229 1333 328 1401 puidam
350 1343 381 1390 et
397 1337 534 1394 Mercurio
561 1357 595 1395 ne
621 1339 738 1395 circulus
757 1341 882 1409 quidem,
911 1341 960 1395 sed
986 1341 1060 1396 nuda
1087 1341 1171 1396 series
1187 1339 1359 1394 redeuntium
1376 1340 1577 1409 apparitionum

229 1410 314 1465 odem
336 1415 368 1468 in
387 1431 453 1470 arcu
472 1415 573 1487 circuli,
591 1418 669 1487 cujus
688 1418 804 1473 modium
823 1418 871 1474 Sol
889 1423 1013 1488 occupat,
1031 1417 1119 1473 eidem
1137 1419 1276 1488 systemati
1294 1424 1473 1486 comparatur.
1508 1420 1577 1488 cog·

229 1491 292 1544 ustio
312 1509 384 1547 vero
401 1494 484 1562 bojus
501 1496 710 1564 comparationis
728 1495 868 1568 currilia,
897 1513 967 1567 quae
994 1497 1047 1552 luit
1074 1499 1164 1567 capite
1181 1499 1211 1564 9,
1237 1498 1266 1552 in
1294 1497 1348 1552 hoc
1364 1496 1425 1564 ipso
1443 1496 1577 1564 consistu,

229 1569 291 1635 pood
311 1571 353 1624 ibi
374 1571 483 1640 quidem
500 1569 528 1628 in
546 1589 645 1642 genere
663 1575 749 1630 omnis
767 1576 878 1646 plancta
898 1575 1078 1646 ponderosior
1093 1577 1230 1644 praestitit
1248 1577 1353 1646 mgnum
1370 1575 1510 1632 divisionis
1526 1578 1578 1631 cir·

229 1649 272 1702 mli
289 1667 351 1706 non
372 1651 466 1720 roalis',
494 1653 543 1708 sed
560 1655 721 1723 separatorii
739 1670 788 1711 ssu
806 1655 997 1724 diastemtici3
1025 1656 1128 1726 quippe
1152 1656 1259 1712 initium
1284 1656 1345 1724 ojns
1371 1669 1422 1712 sen
1438 1653 1606 1710 divisionis*

229 1726 327 1791 rignum
348 1736 394 1784 est
411 1730 522 1800 mobile;
542 1732 638 1787 duride
659 1733 770 1801 planata
787 1734 884 1802 levior,
907 1741 1081 1804 comparatus
1098 1733 1385 1804 ad'pondsrosiorem,
1408 1733 1580 1802 perambulat

229 1821 315 1860 >mnes
335 1817 467 1876 aspectus
486 1826 548 1864 cum
573 1811 761 1880 ponderosiori
779 1821 806 1870 et
830 1813 869 1868 illi
894 1821 1023 1882 aspectus
1050 1821 1130 1868 erant
1154 1811 1276 1868 membra
1291 1811 1500 1880 comparationis
1518 1825 1581 1866 curn

229 1883 418 1952 musicalibus,
445 1889 490 1944 bic
508 1906 563 1945 non
581 1891 694 1960 quilibet
711 1891 822 1960 planeta
838 1908 894 1948 non
912 1891 1106 1962 ponderosior,
1132 1892 1182 1948 aed
1199 1892 1284 1950 solies
1302 1890 1372 1947 Solis
1389 1889 1497 1959 sigum
1513 1888 1580 1946 facit

229 1961 275 2016 ule
293 1963 409 2020 initium
427 1967 587 2036 signumque
606 1969 758 2038 divisionis,
775 1975 805 2024 at
822 1985 884 2026 cnm
902 1985 935 2026 eo
952 1975 1146 2040 comparantur
1161 1970 1290 2040 planetas
1305 1975 1363 2026 tres
1380 1969 1533 2038 superiores
1551 1973 1580 2022 st

229 2039 301 2094 Luna
320 2043 484 2114 perfectius,
500 2047 643 2104 inferiores
660 2048 852 2117 imperfectius.
1275 2074 1286 2090 ⁸

308 2147 389 2203 Noto
406 2149 452 2204 Ν.
489 2151 556 2207 (lum
582 2151 637 2207 sint
654 2153 682 2206 in
700 2169 754 2208 uno
773 2159 920 2224 systemate
945 2154 1070 2225 perlecto
1093 2153 1147 2210 duo
1165 2155 1312 2225 diapason,
1337 2153 1367 2210 in
1383 2151 1507 2222 quolibet
1524 2151 1579 2208 dno

229 2226 398 2282 diatessaron
417 2243 466 2284 seu
484 2231 665 2296 tetrachorda,
683 2249 766 2288 nuum
785 2234 911 2304 superius
929 2233 1003 2300 (folio
1023 2235 1074 2290 172
1091 2235 1145 2289 mai
1162 2234 1253 2304 operis
1271 2247 1321 2290 ssu
1337 2230 1444 2288 libilll.
1462 2246 1522 2300 cap.
1534 2232 1575 2292 ll.

229 2321 257 2360 ex
275 2307 392 2362 chordis
410 2309 440 2376 Γ,
459 2309 495 2375 A,
513 2309 550 2376 B,
570 2309 637 2366 Get
655 2310 687 2379 G,
706 2328 732 2380 o,
751 2314 775 2380 b,
794 2315 827 2382 c),
843 2319 871 2368 st
887 2329 971 2369 unum
984 2311 1102 2368 inferius
1120 2314 1166 2384 (D,
1183 2313 1220 2382 Ε,
1239 2312 1275 2381 F,
1293 2312 1356 2369 Oet
1372 2312 1401 2380 d,
1419 2327 1442 2379 c,
1458 2312 1480 2380 f,
1496 2311 1533 2381 pl,
1552 2313 1581 2364 et

230 2385 293 2438 iuter
310 2386 362 2442 ills
382 2387 446 2442 bina
464 2387 563 2456 singuli
581 2389 649 2458 toni,
667 2389 696 2445 iu
714 2405 769 2445 uno
787 2389 919 2460 diapason
939 2391 968 2460 0,
984 2391 1023 2462 D,
1041 2391 1070 2446 in
1087 2392 1173 2449 altero
1191 2409 1215 2461 c,
1232 2393 1259 2458 d,
1277 2391 1324 2460 qui
1339 2387 1518 2447 tetrachorda
1534 2403 1579 2443 an·
