<?xml version="1.0" encoding="UTF-8"?>
<!DOCTYPE html PUBLIC "-//W3C//DTD XHTML 1.0 Transitional//EN"
    "http://www.w3.org/TR/xhtml1/DTD/xhtml1-transitional.dtd">
<html xmlns="http://www.w3.org/1999/xhtml" xml:lang="en" lang="en">
 <head>
  <title>
</title>
<meta http-equiv="Content-Type" content="text/html;charset=utf-8" />
  <meta name='ocr-system' content='tesseract 3.04.00' />
  <meta name='ocr-capabilities' content='ocr_page ocr_carea ocr_par ocr_line ocrx_word'/>
</head>
<body>
  <div class='ocr_page' id='page_1' title='image "./joanniskepleria20frisgoog_0298.png"; bbox 0 0 4242 6384; ppageno 0'>
   <div class='ocr_carea' id='block_1_1' title="bbox 527 721 1480 787">
    <p class='ocr_par' dir='ltr' id='par_1_1' title="bbox 527 721 1480 787">
     <span class='ocr_line' id='line_1_1' title="bbox 527 721 1480 787; baseline -0.006 -2"><span class='ocrx_word' id='word_1_1' title='bbox 527 725 591 787; x_wconf 82' lang='lat' dir='ltr'><strong>nst</strong></span> <span class='ocrx_word' id='word_1_2' title='bbox 911 722 953 776; x_wconf 89' lang='lat' dir='ltr'><strong>De</strong></span> <span class='ocrx_word' id='word_1_3' title='bbox 970 721 1092 778; x_wconf 76' lang='lat' dir='ltr'><strong>Motibus</strong></span> <span class='ocrx_word' id='word_1_4' title='bbox 1109 721 1285 778; x_wconf 86' lang='lat' dir='ltr'><strong>Planetarum</strong></span> <span class='ocrx_word' id='word_1_5' title='bbox 1301 721 1480 780; x_wconf 81' lang='grc' dir='ltr'><strong>ιιιιιιιοιιιιιι.</strong></span> 
     </span>
    </p>
   </div>
   <div class='ocr_carea' id='block_1_2' title="bbox 496 898 1882 2550">
    <p class='ocr_par' dir='ltr' id='par_1_2' title="bbox 496 898 1882 1501">
     <span class='ocr_line' id='line_1_2' title="bbox 614 898 1851 979; baseline 0.004 -21"><span class='ocrx_word' id='word_1_6' title='bbox 614 898 661 960; x_wconf 75' lang='lat' dir='ltr'><strong>Ac</strong></span> <span class='ocrx_word' id='word_1_7' title='bbox 689 910 755 960; x_wconf 90' lang='lat' dir='ltr'><strong>cunt</strong></span> <span class='ocrx_word' id='word_1_8' title='bbox 790 900 830 959; x_wconf 85' lang='lat' dir='ltr'><strong>sit</strong></span> <span class='ocrx_word' id='word_1_9' title='bbox 857 900 1026 977; x_wconf 87' lang='lat' dir='ltr'><strong>conjectura</strong></span> <span class='ocrx_word' id='word_1_10' title='bbox 1055 901 1294 978; x_wconf 74' lang='lat' dir='ltr'><strong>probabilissima</strong></span> <span class='ocrx_word' id='word_1_11' title='bbox 1325 903 1446 979; x_wconf 89' lang='lat' dir='ltr'><strong>(quippe</strong></span> <span class='ocrx_word' id='word_1_12' title='bbox 1474 903 1544 964; x_wconf 81' lang='lat' dir='ltr'><strong>nlxs</strong></span> <span class='ocrx_word' id='word_1_13' title='bbox 1579 901 1851 964; x_wconf 71' lang='lat' dir='ltr'><strong>demonstrationibus</strong></span> 
     </span>
     <span class='ocr_line' id='line_1_3' title="bbox 528 985 1853 1066; baseline 0.003 -20"><span class='ocrx_word' id='word_1_14' title='bbox 528 987 710 1064; x_wconf 69' lang='lat' dir='ltr'><strong>geometricis</strong></span> <span class='ocrx_word' id='word_1_15' title='bbox 732 994 763 1047; x_wconf 88' lang='lat' dir='ltr'><strong>et</strong></span> <span class='ocrx_word' id='word_1_16' title='bbox 782 985 913 1048; x_wconf 67' lang='lat' dir='ltr'><strong>domrlns</strong></span> <span class='ocrx_word' id='word_1_17' title='bbox 935 987 971 1048; x_wconf 92' lang='lat' dir='ltr'><strong>de</strong></span> <span class='ocrx_word' id='word_1_18' title='bbox 994 991 1091 1048; x_wconf 91' lang='lat' dir='ltr'><strong>causis</strong></span> <span class='ocrx_word' id='word_1_19' title='bbox 1114 997 1246 1048; x_wconf 89' lang='lat' dir='ltr'><strong>motuum</strong></span> <span class='ocrx_word' id='word_1_20' title='bbox 1267 988 1511 1066; x_wconf 74' lang='lat' dir='ltr'><strong>planetariorum,</strong></span> <span class='ocrx_word' id='word_1_21' title='bbox 1536 991 1643 1050; x_wconf 88' lang='lat' dir='ltr'><strong>tradita</strong></span> <span class='ocrx_word' id='word_1_22' title='bbox 1664 993 1696 1048; x_wconf 86' lang='lat' dir='ltr'><strong>in</strong></span> <span class='ocrx_word' id='word_1_23' title='bbox 1720 990 1853 1050; x_wconf 78' lang='lat' dir='ltr'><strong>Conamen·</strong></span> 
     </span>
     <span class='ocr_line' id='line_1_4' title="bbox 527 1072 1856 1155; baseline 0.003 -21"><span class='ocrx_word' id='word_1_24' title='bbox 527 1077 608 1138; x_wconf 74' lang='lat' dir='ltr'><strong>ariis</strong></span> <span class='ocrx_word' id='word_1_25' title='bbox 629 1072 745 1153; x_wconf 78' lang='lat' dir='ltr'><strong>Martis)</strong></span> <span class='ocrx_word' id='word_1_26' title='bbox 772 1074 954 1150; x_wconf 80' lang='lat' dir='ltr'><strong>planetarum</strong></span> <span class='ocrx_word' id='word_1_27' title='bbox 986 1076 1080 1136; x_wconf 88' lang='lat' dir='ltr'><strong>moles</strong></span> <span class='ocrx_word' id='word_1_28' title='bbox 1109 1093 1260 1153; x_wconf 88' lang='lat' dir='ltr'><strong>corporum</strong></span> <span class='ocrx_word' id='word_1_29' title='bbox 1291 1091 1355 1136; x_wconf 87' lang='lat' dir='ltr'><strong>esse</strong></span> <span class='ocrx_word' id='word_1_30' title='bbox 1387 1079 1416 1134; x_wconf 91' lang='lat' dir='ltr'><strong>in</strong></span> <span class='ocrx_word' id='word_1_31' title='bbox 1447 1080 1634 1155; x_wconf 81' lang='lat' dir='ltr'><strong>proportione</strong></span> <span class='ocrx_word' id='word_1_32' title='bbox 1661 1078 1856 1155; x_wconf 88' lang='lat' dir='ltr'><strong>periodicomn</strong></span> 
     </span>
     <span class='ocr_line' id='line_1_5' title="bbox 496 1162 1857 1241; baseline 0.004 -22"><span class='ocrx_word' id='word_1_33' title='bbox 496 1171 501 1189; x_wconf 79' lang='lat'>¹</span> <span class='ocrx_word' id='word_1_34' title='bbox 527 1171 702 1239; x_wconf 83' lang='lat' dir='ltr'><strong>temporum,</strong></span> <span class='ocrx_word' id='word_1_35' title='bbox 733 1163 775 1220; x_wconf 87' lang='lat' dir='ltr'><strong>sic</strong></span> <span class='ocrx_word' id='word_1_36' title='bbox 804 1171 838 1220; x_wconf 90' lang='lat' dir='ltr'><strong>ut</strong></span> <span class='ocrx_word' id='word_1_37' title='bbox 858 1162 976 1223; x_wconf 83' lang='lat' dir='ltr'><strong>Saturni</strong></span> <span class='ocrx_word' id='word_1_38' title='bbox 999 1162 1105 1238; x_wconf 84' lang='lat' dir='ltr'><strong>globus</strong></span> <span class='ocrx_word' id='word_1_39' title='bbox 1128 1167 1166 1224; x_wconf 90' lang='lat' dir='ltr'><strong>sit</strong></span> <span class='ocrx_word' id='word_1_40' title='bbox 1189 1163 1350 1239; x_wconf 81' lang='lat' dir='ltr'><strong>trigecuplo</strong></span> <span class='ocrx_word' id='word_1_41' title='bbox 1379 1165 1491 1224; x_wconf 88' lang='lat' dir='ltr'><strong>circiter</strong></span> <span class='ocrx_word' id='word_1_42' title='bbox 1513 1165 1606 1240; x_wconf 81' lang='lat' dir='ltr'><strong>major</strong></span> <span class='ocrx_word' id='word_1_43' title='bbox 1627 1165 1719 1240; x_wconf 84' lang='lat' dir='ltr'><strong>globo</strong></span> <span class='ocrx_word' id='word_1_44' title='bbox 1742 1163 1857 1241; x_wconf 84' lang='lat' dir='ltr'><strong>Telluris,</strong></span> 
     </span>
     <span class='ocr_line' id='line_1_6' title="bbox 526 1247 1859 1328; baseline 0.001 -18"><span class='ocrx_word' id='word_1_45' title='bbox 526 1248 643 1326; x_wconf 79' lang='lat' dir='ltr'><strong>Jupiter</strong></span> <span class='ocrx_word' id='word_1_46' title='bbox 665 1247 857 1326; x_wconf 91' lang='lat' dir='ltr'><strong>duodecuplo,</strong></span> <span class='ocrx_word' id='word_1_47' title='bbox 880 1250 960 1310; x_wconf 87' lang='lat' dir='ltr'><strong>Mars</strong></span> <span class='ocrx_word' id='word_1_48' title='bbox 982 1252 1077 1311; x_wconf 89' lang='lat' dir='ltr'><strong>miuus</strong></span> <span class='ocrx_word' id='word_1_49' title='bbox 1101 1251 1199 1328; x_wconf 83' lang='lat' dir='ltr'><strong>duplo,</strong></span> <span class='ocrx_word' id='word_1_50' title='bbox 1223 1250 1409 1328; x_wconf 80' lang='lat' dir='ltr'><strong>Terraglobi</strong></span> <span class='ocrx_word' id='word_1_51' title='bbox 1425 1251 1549 1312; x_wconf 89' lang='lat' dir='ltr'><strong>Veneris</strong></span> <span class='ocrx_word' id='word_1_52' title='bbox 1564 1253 1758 1328; x_wconf 81' lang='lat' dir='ltr'><strong>sesquialtero</strong></span> <span class='ocrx_word' id='word_1_53' title='bbox 1774 1255 1859 1327; x_wconf 82' lang='lat' dir='ltr'><strong>majm,</strong></span> 
     </span>
     <span class='ocr_line' id='line_1_7' title="bbox 527 1333 1882 1418; baseline 0.003 -22"><span class='ocrx_word' id='word_1_54' title='bbox 527 1335 708 1396; x_wconf 77' lang='lat' dir='ltr'><strong>Mercurialis</strong></span> <span class='ocrx_word' id='word_1_55' title='bbox 728 1335 817 1418; x_wconf 85' lang='lat' dir='ltr'><strong>globi</strong></span> <span class='ocrx_word' id='word_1_56' title='bbox 834 1337 997 1416; x_wconf 83' lang='lat' dir='ltr'><strong>quadruplo</strong></span> <span class='ocrx_word' id='word_1_57' title='bbox 1019 1339 1127 1415; x_wconf 88' lang='lat' dir='ltr'><strong>major:</strong></span> <span class='ocrx_word' id='word_1_58' title='bbox 1160 1355 1218 1398; x_wconf 91' lang='lat' dir='ltr'><strong>non</strong></span> <span class='ocrx_word' id='word_1_59' title='bbox 1247 1346 1330 1402; x_wconf 88' lang='lat' dir='ltr'><strong>erunt</strong></span> <span class='ocrx_word' id='word_1_60' title='bbox 1359 1333 1448 1415; x_wconf 82' lang='lat' dir='ltr'><strong>igitur</strong></span> <span class='ocrx_word' id='word_1_61' title='bbox 1477 1357 1573 1414; x_wconf 83' lang='lat' dir='ltr'><strong>neque</strong></span> <span class='ocrx_word' id='word_1_62' title='bbox 1596 1340 1653 1400; x_wconf 87' lang='lat' dir='ltr'><strong>bac</strong></span> <span class='ocrx_word' id='word_1_63' title='bbox 1675 1343 1862 1418; x_wconf 87' lang='lat' dir='ltr'><strong>proportiones</strong></span> <span class='ocrx_word' id='word_1_64' title='bbox 1881 1397 1882 1412; x_wconf 64' lang='lat'><strong>,</strong></span> 
     </span>
     <span class='ocr_line' id='line_1_8' title="bbox 527 1410 1882 1501; baseline -0.006 -15"><span class='ocrx_word' id='word_1_65' title='bbox 527 1441 679 1501; x_wconf 87' lang='lat' dir='ltr'><strong>corporum</strong></span> <span class='ocrx_word' id='word_1_66' title='bbox 700 1410 918 1487; x_wconf 85' lang='lat' dir='ltr'><strong>harmonicae..</strong></span> <span class='ocrx_word' id='word_1_67' title='bbox 1881 1493 1882 1500; x_wconf 15' lang='grc'><strong>1</strong></span> 
     </span>
    </p>

    <p class='ocr_par' dir='ltr' id='par_1_3' title="bbox 528 1510 1882 2550">
     <span class='ocr_line' id='line_1_9' title="bbox 613 1510 1863 1590; baseline 0.002 -20"><span class='ocrx_word' id='word_1_68' title='bbox 613 1510 687 1570; x_wconf 86' lang='lat' dir='ltr'><strong>Cum</strong></span> <span class='ocrx_word' id='word_1_69' title='bbox 691 1519 807 1589; x_wconf 81' lang='lat' dir='ltr'><strong>antem</strong></span> <span class='ocrx_word' id='word_1_70' title='bbox 827 1513 910 1572; x_wconf 89' lang='lat' dir='ltr'><strong>Deus</strong></span> <span class='ocrx_word' id='word_1_71' title='bbox 930 1511 1002 1570; x_wconf 90' lang='lat' dir='ltr'><strong>nibil</strong></span> <span class='ocrx_word' id='word_1_72' title='bbox 1024 1513 1088 1572; x_wconf 90' lang='lat' dir='ltr'><strong>sine</strong></span> <span class='ocrx_word' id='word_1_73' title='bbox 1118 1514 1297 1590; x_wconf 83' lang='lat' dir='ltr'><strong>geometrica</strong></span> <span class='ocrx_word' id='word_1_74' title='bbox 1325 1511 1542 1588; x_wconf 86' lang='lat' dir='ltr'><strong>pulchritudine</strong></span> <span class='ocrx_word' id='word_1_75' title='bbox 1565 1515 1768 1588; x_wconf 86' lang='lat' dir='ltr'><strong>constituerit,</strong></span> <span class='ocrx_word' id='word_1_76' title='bbox 1799 1514 1863 1590; x_wconf 83' lang='lat' dir='ltr'><strong>qnod</strong></span> 
     </span>
     <span class='ocr_line' id='line_1_10' title="bbox 528 1575 1863 1676; baseline 0.002 -18"><span class='ocrx_word' id='word_1_77' title='bbox 528 1615 586 1673; x_wconf 86' lang='lat' dir='ltr'><strong>non</strong></span> <span class='ocrx_word' id='word_1_78' title='bbox 608 1599 646 1656; x_wconf 90' lang='lat' dir='ltr'><strong>ab</strong></span> <span class='ocrx_word' id='word_1_79' title='bbox 669 1575 729 1658; x_wconf 88' lang='lat' dir='ltr'><strong>alio</strong></span> <span class='ocrx_word' id='word_1_80' title='bbox 751 1601 846 1675; x_wconf 84' lang='lat' dir='ltr'><strong>priore</strong></span> <span class='ocrx_word' id='word_1_81' title='bbox 868 1599 995 1675; x_wconf 86' lang='lat' dir='ltr'><strong>quadam</strong></span> <span class='ocrx_word' id='word_1_82' title='bbox 1017 1601 1199 1663; x_wconf 81' lang='lat' dir='ltr'><strong>necessitatis</strong></span> <span class='ocrx_word' id='word_1_83' title='bbox 1214 1598 1280 1674; x_wconf 84' lang='lat' dir='ltr'><strong>lege</strong></span> <span class='ocrx_word' id='word_1_84' title='bbox 1302 1601 1472 1675; x_wconf 74' lang='lat' dir='ltr'><strong>altuenum,</strong></span> <span class='ocrx_word' id='word_1_85' title='bbox 1496 1601 1581 1660; x_wconf 88' lang='lat' dir='ltr'><strong>lacile</strong></span> <span class='ocrx_word' id='word_1_86' title='bbox 1605 1599 1781 1676; x_wconf 85' lang='lat' dir='ltr'><strong>colligimus,</strong></span> <span class='ocrx_word' id='word_1_87' title='bbox 1803 1611 1863 1661; x_wconf 89' lang='lat' dir='ltr'><strong>tem·</strong></span> 
     </span>
     <span class='ocr_line' id='line_1_11' title="bbox 528 1667 1863 1766; baseline 0.001 -21"><span class='ocrx_word' id='word_1_88' title='bbox 528 1667 649 1763; x_wconf 84' lang='lat' dir='ltr'><strong>poribus</strong></span> <span class='ocrx_word' id='word_1_89' title='bbox 677 1684 832 1762; x_wconf 88' lang='lat' dir='ltr'><strong>periodicis</strong></span> <span class='ocrx_word' id='word_1_90' title='bbox 863 1704 932 1746; x_wconf 87' lang='lat' dir='ltr'><strong>suas</strong></span> <span class='ocrx_word' id='word_1_91' title='bbox 955 1690 1055 1746; x_wconf 85' lang='lat' dir='ltr'><strong>venire</strong></span> <span class='ocrx_word' id='word_1_92' title='bbox 1090 1686 1272 1764; x_wconf 84' lang='lat' dir='ltr'><strong>prolixitates</strong></span> <span class='ocrx_word' id='word_1_93' title='bbox 1303 1685 1437 1762; x_wconf 89' lang='lat' dir='ltr'><strong>adeoque</strong></span> <span class='ocrx_word' id='word_1_94' title='bbox 1465 1695 1494 1747; x_wconf 92' lang='lat' dir='ltr'><strong>et</strong></span> <span class='ocrx_word' id='word_1_95' title='bbox 1525 1689 1698 1766; x_wconf 86' lang='lat' dir='ltr'><strong>corporibus</strong></span> <span class='ocrx_word' id='word_1_96' title='bbox 1722 1689 1863 1748; x_wconf 90' lang='lat' dir='ltr'><strong>mobilibus</strong></span> 
     </span>
     <span class='ocr_line' id='line_1_12' title="bbox 528 1773 1863 1852; baseline 0 -20"><span class='ocrx_word' id='word_1_97' title='bbox 528 1791 598 1832; x_wconf 87' lang='lat' dir='ltr'><strong>snas</strong></span> <span class='ocrx_word' id='word_1_98' title='bbox 619 1773 711 1834; x_wconf 89' lang='lat' dir='ltr'><strong>moles</strong></span> <span class='ocrx_word' id='word_1_99' title='bbox 733 1773 771 1832; x_wconf 90' lang='lat' dir='ltr'><strong>ab</strong></span> <span class='ocrx_word' id='word_1_100' title='bbox 794 1773 907 1850; x_wconf 88' lang='lat' dir='ltr'><strong>aliquo,</strong></span> <span class='ocrx_word' id='word_1_101' title='bbox 941 1773 1020 1850; x_wconf 89' lang='lat' dir='ltr'><strong>quod</strong></span> <span class='ocrx_word' id='word_1_102' title='bbox 1052 1782 1097 1834; x_wconf 90' lang='lat' dir='ltr'><strong>est</strong></span> <span class='ocrx_word' id='word_1_103' title='bbox 1128 1777 1158 1832; x_wconf 90' lang='lat' dir='ltr'><strong>in</strong></span> <span class='ocrx_word' id='word_1_104' title='bbox 1181 1773 1340 1851; x_wconf 84' lang='lat' dir='ltr'><strong>archetypo</strong></span> <span class='ocrx_word' id='word_1_105' title='bbox 1371 1775 1466 1851; x_wconf 90' lang='lat' dir='ltr'><strong>prius,</strong></span> <span class='ocrx_word' id='word_1_106' title='bbox 1499 1775 1535 1833; x_wconf 88' lang='lat' dir='ltr'><strong>ad</strong></span> <span class='ocrx_word' id='word_1_107' title='bbox 1560 1775 1640 1851; x_wconf 88' lang='lat' dir='ltr'><strong>quod</strong></span> <span class='ocrx_word' id='word_1_108' title='bbox 1662 1776 1863 1852; x_wconf 86' lang='lat' dir='ltr'><strong>exprimendum</strong></span> 
     </span>
     <span class='ocr_line' id='line_1_13' title="bbox 529 1859 1864 1942; baseline 0.001 -24"><span class='ocrx_word' id='word_1_109' title='bbox 529 1863 616 1942; x_wconf 81' lang='lat' dir='ltr'><strong>istae,</strong></span> <span class='ocrx_word' id='word_1_110' title='bbox 638 1868 671 1920; x_wconf 89' lang='lat' dir='ltr'><strong>nt</strong></span> <span class='ocrx_word' id='word_1_111' title='bbox 693 1859 828 1920; x_wconf 84' lang='lat' dir='ltr'><strong>videntur</strong></span> <span class='ocrx_word' id='word_1_112' title='bbox 849 1863 1128 1939; x_wconf 87' lang='lat' dir='ltr'><strong>improportionatae</strong></span> <span class='ocrx_word' id='word_1_113' title='bbox 1151 1861 1242 1920; x_wconf 87' lang='lat' dir='ltr'><strong>moles</strong></span> <span class='ocrx_word' id='word_1_114' title='bbox 1266 1869 1295 1919; x_wconf 92' lang='lat' dir='ltr'><strong>et</strong></span> <span class='ocrx_word' id='word_1_115' title='bbox 1322 1861 1451 1938; x_wconf 88' lang='lat' dir='ltr'><strong>periodi,</strong></span> <span class='ocrx_word' id='word_1_116' title='bbox 1480 1869 1548 1920; x_wconf 91' lang='lat' dir='ltr'><strong>sunt</strong></span> <span class='ocrx_word' id='word_1_117' title='bbox 1577 1865 1607 1920; x_wconf 92' lang='lat' dir='ltr'><strong>in</strong></span> <span class='ocrx_word' id='word_1_118' title='bbox 1629 1863 1710 1922; x_wconf 77' lang='lat' dir='ltr'><strong>hunc</strong></span> <span class='ocrx_word' id='word_1_119' title='bbox 1733 1863 1864 1922; x_wconf 86' lang='lat' dir='ltr'><strong>modulum</strong></span> 
     </span>
     <span class='ocr_line' id='line_1_14' title="bbox 530 1947 1864 2026; baseline 0.001 -20"><span class='ocrx_word' id='word_1_120' title='bbox 530 1954 658 2025; x_wconf 87' lang='lat' dir='ltr'><strong>aptatae.</strong></span> <span class='ocrx_word' id='word_1_121' title='bbox 704 1947 743 2008; x_wconf 80' lang='lat' dir='ltr'><strong>At</strong></span> <span class='ocrx_word' id='word_1_122' title='bbox 766 1947 997 2026; x_wconf 26' lang='lat' dir='ltr'><strong>collectaslesse</strong></span> <span class='ocrx_word' id='word_1_123' title='bbox 1019 1949 1079 2006; x_wconf 85' lang='lat' dir='ltr'><strong>diri</strong></span> <span class='ocrx_word' id='word_1_124' title='bbox 1108 1949 1246 2026; x_wconf 90' lang='lat' dir='ltr'><strong>periodos</strong></span> <span class='ocrx_word' id='word_1_125' title='bbox 1274 1966 1309 2007; x_wconf 87' lang='lat' dir='ltr'><strong>ex</strong></span> <span class='ocrx_word' id='word_1_126' title='bbox 1339 1951 1428 2008; x_wconf 89' lang='lat' dir='ltr'><strong>moris</strong></span> <span class='ocrx_word' id='word_1_127' title='bbox 1457 1948 1650 2026; x_wconf 83' lang='lat' dir='ltr'><strong>longissimis,</strong></span> <span class='ocrx_word' id='word_1_128' title='bbox 1687 1950 1864 2010; x_wconf 86' lang='lat' dir='ltr'><strong>mediocribus</strong></span> 
     </span>
     <span class='ocr_line' id='line_1_15' title="bbox 528 2033 1866 2114; baseline -0.001 -19"><span class='ocrx_word' id='word_1_129' title='bbox 528 2043 558 2096; x_wconf 90' lang='lat' dir='ltr'><strong>et</strong></span> <span class='ocrx_word' id='word_1_130' title='bbox 579 2033 766 2094; x_wconf 84' lang='lat' dir='ltr'><strong>tardissimis:</strong></span> <span class='ocrx_word' id='word_1_131' title='bbox 800 2042 916 2111; x_wconf 89' lang='lat' dir='ltr'><strong>oportet</strong></span> <span class='ocrx_word' id='word_1_132' title='bbox 947 2037 1035 2112; x_wconf 85' lang='lat' dir='ltr'><strong>igitur</strong></span> <span class='ocrx_word' id='word_1_133' title='bbox 1056 2035 1105 2095; x_wconf 82' lang='lat' dir='ltr'><strong>uel</strong></span> <span class='ocrx_word' id='word_1_134' title='bbox 1134 2039 1162 2094; x_wconf 96' lang='lat' dir='ltr'><strong>in</strong></span> <span class='ocrx_word' id='word_1_135' title='bbox 1191 2035 1237 2094; x_wconf 91' lang='lat' dir='ltr'><strong>his</strong></span> <span class='ocrx_word' id='word_1_136' title='bbox 1264 2037 1371 2110; x_wconf 89' lang='lat' dir='ltr'><strong>moris,</strong></span> <span class='ocrx_word' id='word_1_137' title='bbox 1403 2035 1450 2095; x_wconf 85' lang='lat' dir='ltr'><strong>vel</strong></span> <span class='ocrx_word' id='word_1_138' title='bbox 1473 2038 1497 2094; x_wconf 91' lang='lat' dir='ltr'><strong>si</strong></span> <span class='ocrx_word' id='word_1_139' title='bbox 1521 2035 1591 2112; x_wconf 86' lang='lat' dir='ltr'><strong>quid</strong></span> <span class='ocrx_word' id='word_1_140' title='bbox 1622 2045 1668 2096; x_wconf 88' lang='lat' dir='ltr'><strong>est</strong></span> <span class='ocrx_word' id='word_1_141' title='bbox 1691 2040 1730 2096; x_wconf 87' lang='lat' dir='ltr'><strong>iis</strong></span> <span class='ocrx_word' id='word_1_142' title='bbox 1753 2040 1866 2114; x_wconf 89' lang='lat' dir='ltr'><strong>prinsin</strong></span> 
     </span>
     <span class='ocr_line' id='line_1_16' title="bbox 528 2119 1867 2202; baseline 0 -20"><span class='ocrx_word' id='word_1_143' title='bbox 528 2130 625 2182; x_wconf 90' lang='lat' dir='ltr'><strong>mente</strong></span> <span class='ocrx_word' id='word_1_144' title='bbox 648 2119 779 2200; x_wconf 77' lang='lat' dir='ltr'><strong>opificis,</strong></span> <span class='ocrx_word' id='word_1_145' title='bbox 802 2124 924 2182; x_wconf 81' lang='lat' dir='ltr'><strong>inveniri</strong></span> <span class='ocrx_word' id='word_1_146' title='bbox 947 2125 1158 2184; x_wconf 88' lang='lat' dir='ltr'><strong>concinnitates</strong></span> <span class='ocrx_word' id='word_1_147' title='bbox 1179 2125 1380 2200; x_wconf 86' lang='lat' dir='ltr'><strong>geometricas.</strong></span> <span class='ocrx_word' id='word_1_148' title='bbox 1414 2121 1564 2182; x_wconf 82' lang='lat' dir='ltr'><strong>Moratum</strong></span> <span class='ocrx_word' id='word_1_149' title='bbox 1588 2141 1658 2184; x_wconf 85' lang='lat' dir='ltr'><strong>vcro</strong></span> <span class='ocrx_word' id='word_1_150' title='bbox 1678 2127 1867 2202; x_wconf 85' lang='lat' dir='ltr'><strong>proportiones</strong></span> 
     </span>
     <span class='ocr_line' id='line_1_17' title="bbox 528 2211 1882 2290; baseline -0.003 -22"><span class='ocrx_word' id='word_1_151' title='bbox 528 2227 621 2271; x_wconf 73' lang='lat' dir='ltr'><strong>nome</strong></span> <span class='ocrx_word' id='word_1_152' title='bbox 651 2218 720 2269; x_wconf 90' lang='lat' dir='ltr'><strong>sunt</strong></span> <span class='ocrx_word' id='word_1_153' title='bbox 748 2211 786 2268; x_wconf 92' lang='lat' dir='ltr'><strong>ab</strong></span> <span class='ocrx_word' id='word_1_154' title='bbox 813 2227 931 2270; x_wconf 79' lang='lat' dir='ltr'><strong>menum</strong></span> <span class='ocrx_word' id='word_1_155' title='bbox 963 2211 1130 2270; x_wconf 89' lang='lat' dir='ltr'><strong>diurnorum</strong></span> <span class='ocrx_word' id='word_1_156' title='bbox 1161 2211 1415 2287; x_wconf 87' lang='lat' dir='ltr'><strong>proportionibus,</strong></span> <span class='ocrx_word' id='word_1_157' title='bbox 1451 2213 1522 2286; x_wconf 88' lang='lat' dir='ltr'><strong>quia</strong></span> <span class='ocrx_word' id='word_1_158' title='bbox 1550 2228 1636 2271; x_wconf 90' lang='lat' dir='ltr'><strong>arcus</strong></span> <span class='ocrx_word' id='word_1_159' title='bbox 1667 2215 1882 2290; x_wconf 83' lang='lat' dir='ltr'><strong>proportionem</strong></span> 
     </span>
     <span class='ocr_line' id='line_1_18' title="bbox 530 2295 1866 2374; baseline -0.002 -16"><span class='ocrx_word' id='word_1_160' title='bbox 530 2315 662 2360; x_wconf 84' lang='lat' dir='ltr'><strong>eversam</strong></span> <span class='ocrx_word' id='word_1_161' title='bbox 684 2297 794 2356; x_wconf 87' lang='lat' dir='ltr'><strong>babent</strong></span> <span class='ocrx_word' id='word_1_162' title='bbox 815 2301 1011 2374; x_wconf 86' lang='lat' dir='ltr'><strong>proportionis</strong></span> <span class='ocrx_word' id='word_1_163' title='bbox 1033 2315 1187 2359; x_wconf 89' lang='lat' dir='ltr'><strong>morarum.</strong></span> <span class='ocrx_word' id='word_1_164' title='bbox 1231 2295 1357 2356; x_wconf 77' lang='grc' dir='ltr'><strong>ιιιιιιιιιιι</strong></span> <span class='ocrx_word' id='word_1_165' title='bbox 1387 2305 1416 2358; x_wconf 92' lang='lat' dir='ltr'><strong>et</strong></span> <span class='ocrx_word' id='word_1_166' title='bbox 1437 2315 1583 2357; x_wconf 90' lang='lat' dir='ltr'><strong>morarum</strong></span> <span class='ocrx_word' id='word_1_167' title='bbox 1607 2307 1636 2358; x_wconf 89' lang='lat' dir='ltr'><strong>et</strong></span> <span class='ocrx_word' id='word_1_168' title='bbox 1660 2300 1866 2360; x_wconf 81' lang='lat' dir='ltr'><strong>intervallorum</strong></span> 
     </span>
     <span class='ocr_line' id='line_1_19' title="bbox 529 2383 1865 2462; baseline -0.002 -17"><span class='ocrx_word' id='word_1_169' title='bbox 529 2387 617 2445; x_wconf 88' lang='lat' dir='ltr'><strong>unius</strong></span> <span class='ocrx_word' id='word_1_170' title='bbox 638 2383 762 2460; x_wconf 80' lang='lat' dir='ltr'><strong>alicujus</strong></span> <span class='ocrx_word' id='word_1_171' title='bbox 784 2383 919 2462; x_wconf 89' lang='lat' dir='ltr'><strong>planetae</strong></span> <span class='ocrx_word' id='word_1_172' title='bbox 940 2387 1143 2462; x_wconf 88' lang='lat' dir='ltr'><strong>proportiones</strong></span> <span class='ocrx_word' id='word_1_173' title='bbox 1158 2384 1283 2442; x_wconf 84' lang='lat' dir='ltr'><strong>diximus</strong></span> <span class='ocrx_word' id='word_1_174' title='bbox 1307 2401 1371 2446; x_wconf 85' lang='lat' dir='ltr'><strong>csse</strong></span> <span class='ocrx_word' id='word_1_175' title='bbox 1395 2385 1522 2444; x_wconf 86' lang='lat' dir='ltr'><strong>easdem.</strong></span> <span class='ocrx_word' id='word_1_176' title='bbox 1555 2385 1641 2459; x_wconf 87' lang='lat' dir='ltr'><strong>Quod</strong></span> <span class='ocrx_word' id='word_1_177' title='bbox 1665 2389 1758 2462; x_wconf 86' lang='lat' dir='ltr'><strong>igitur</strong></span> <span class='ocrx_word' id='word_1_178' title='bbox 1780 2389 1865 2445; x_wconf 85' lang='lat' dir='ltr'><strong>attinet</strong></span> 
     </span>
     <span class='ocr_line' id='line_1_20' title="bbox 528 2470 1865 2550; baseline 0 -20"><span class='ocrx_word' id='word_1_179' title='bbox 528 2473 660 2550; x_wconf 87' lang='lat' dir='ltr'><strong>planetas</strong></span> <span class='ocrx_word' id='word_1_180' title='bbox 682 2472 821 2549; x_wconf 85' lang='lat' dir='ltr'><strong>singulos,</strong></span> <span class='ocrx_word' id='word_1_181' title='bbox 844 2491 904 2532; x_wconf 88' lang='lat' dir='ltr'><strong>una</strong></span> <span class='ocrx_word' id='word_1_182' title='bbox 927 2480 958 2532; x_wconf 82' lang='lat' dir='ltr'><strong>et</strong></span> <span class='ocrx_word' id='word_1_183' title='bbox 978 2472 1080 2531; x_wconf 88' lang='lat' dir='ltr'><strong>eadem</strong></span> <span class='ocrx_word' id='word_1_184' title='bbox 1097 2475 1151 2532; x_wconf 88' lang='lat' dir='ltr'><strong>erit</strong></span> <span class='ocrx_word' id='word_1_185' title='bbox 1174 2470 1367 2530; x_wconf 86' lang='lat' dir='ltr'><strong>consideratio</strong></span> <span class='ocrx_word' id='word_1_186' title='bbox 1383 2474 1471 2531; x_wconf 91' lang='lat' dir='ltr'><strong>trium</strong></span> <span class='ocrx_word' id='word_1_187' title='bbox 1485 2473 1604 2532; x_wconf 84' lang='lat' dir='ltr'><strong>bonum:</strong></span> <span class='ocrx_word' id='word_1_188' title='bbox 1629 2491 1763 2548; x_wconf 89' lang='lat' dir='ltr'><strong>arcuum,</strong></span> <span class='ocrx_word' id='word_1_189' title='bbox 1785 2491 1865 2531; x_wconf 86' lang='lat' dir='ltr'><strong>mors-</strong></span> 
     </span>
    </p>
   </div>
   <div class='ocr_carea' id='block_1_3' title="bbox 430 2559 1864 2636">
    <p class='ocr_par' dir='ltr' id='par_1_4' title="bbox 430 2559 1864 2636">
     <span class='ocr_line' id='line_1_21' title="bbox 430 2559 1864 2636; baseline 0 -18"><span class='ocrx_word' id='word_1_190' title='bbox 430 2625 436 2632; x_wconf 40' lang='lat'><strong>,</strong></span> <span class='ocrx_word' id='word_1_191' title='bbox 531 2579 595 2619; x_wconf 91' lang='lat' dir='ltr'><strong>rum</strong></span> <span class='ocrx_word' id='word_1_192' title='bbox 625 2562 654 2618; x_wconf 91' lang='lat' dir='ltr'><strong>in</strong></span> <span class='ocrx_word' id='word_1_193' title='bbox 686 2561 809 2619; x_wconf 87' lang='lat' dir='ltr'><strong>arcubus</strong></span> <span class='ocrx_word' id='word_1_194' title='bbox 832 2559 1007 2636; x_wconf 79' lang='lat' dir='ltr'><strong>aequalibus</strong></span> <span class='ocrx_word' id='word_1_195' title='bbox 1038 2569 1067 2618; x_wconf 92' lang='lat' dir='ltr'><strong>et</strong></span> <span class='ocrx_word' id='word_1_196' title='bbox 1097 2561 1267 2618; x_wconf 90' lang='lat' dir='ltr'><strong>remotionis</strong></span> <span class='ocrx_word' id='word_1_197' title='bbox 1290 2575 1410 2618; x_wconf 87' lang='lat' dir='ltr'><strong>arcuum</strong></span> <span class='ocrx_word' id='word_1_198' title='bbox 1441 2559 1552 2619; x_wconf 87' lang='lat' dir='ltr'><strong>aSole</strong></span> <span class='ocrx_word' id='word_1_199' title='bbox 1575 2577 1626 2619; x_wconf 88' lang='lat' dir='ltr'><strong>sen</strong></span> <span class='ocrx_word' id='word_1_200' title='bbox 1650 2561 1864 2620; x_wconf 85' lang='lat' dir='ltr'><strong>intervallorum</strong></span> 
     </span>
    </p>
   </div>
   <div class='ocr_carea' id='block_1_4' title="bbox 527 2645 1869 3510">
    <p class='ocr_par' dir='ltr' id='par_1_5' title="bbox 527 2645 1869 3248">
     <span class='ocr_line' id='line_1_22' title="bbox 529 2645 1868 2724; baseline -0.001 -18"><span class='ocrx_word' id='word_1_201' title='bbox 529 2647 567 2706; x_wconf 79' lang='lat' dir='ltr'><strong>Et</strong></span> <span class='ocrx_word' id='word_1_202' title='bbox 589 2649 658 2724; x_wconf 89' lang='lat' dir='ltr'><strong>quia</strong></span> <span class='ocrx_word' id='word_1_203' title='bbox 675 2647 739 2723; x_wconf 87' lang='lat' dir='ltr'><strong>jam</strong></span> <span class='ocrx_word' id='word_1_204' title='bbox 762 2647 915 2706; x_wconf 77' lang='lat' dir='ltr'><strong>sanabilia</strong></span> <span class='ocrx_word' id='word_1_205' title='bbox 936 2654 1006 2706; x_wconf 90' lang='lat' dir='ltr'><strong>sunt</strong></span> <span class='ocrx_word' id='word_1_206' title='bbox 1027 2647 1102 2706; x_wconf 89' lang='lat' dir='ltr'><strong>baec</strong></span> <span class='ocrx_word' id='word_1_207' title='bbox 1124 2647 1223 2706; x_wconf 90' lang='lat' dir='ltr'><strong>omnia</strong></span> <span class='ocrx_word' id='word_1_208' title='bbox 1246 2647 1273 2702; x_wconf 93' lang='lat' dir='ltr'><strong>in</strong></span> <span class='ocrx_word' id='word_1_209' title='bbox 1297 2646 1440 2723; x_wconf 85' lang='lat' dir='ltr'><strong>planetis,</strong></span> <span class='ocrx_word' id='word_1_210' title='bbox 1463 2645 1584 2706; x_wconf 90' lang='lat' dir='ltr'><strong>dubium</strong></span> <span class='ocrx_word' id='word_1_211' title='bbox 1606 2647 1722 2706; x_wconf 90' lang='lat' dir='ltr'><strong>nullum</strong></span> <span class='ocrx_word' id='word_1_212' title='bbox 1746 2666 1808 2708; x_wconf 90' lang='lat' dir='ltr'><strong>esse</strong></span> <span class='ocrx_word' id='word_1_213' title='bbox 1828 2663 1868 2723; x_wconf 90' lang='lat' dir='ltr'><strong>po·</strong></span> 
     </span>
     <span class='ocr_line' id='line_1_23' title="bbox 529 2733 1866 2810; baseline -0.005 -16"><span class='ocrx_word' id='word_1_214' title='bbox 529 2743 594 2806; x_wconf 86' lang='lat' dir='ltr'><strong>test,</strong></span> <span class='ocrx_word' id='word_1_215' title='bbox 618 2735 686 2810; x_wconf 86' lang='lat' dir='ltr'><strong>quin</strong></span> <span class='ocrx_word' id='word_1_216' title='bbox 705 2737 735 2793; x_wconf 92' lang='lat' dir='ltr'><strong>-si</strong></span> <span class='ocrx_word' id='word_1_217' title='bbox 756 2735 824 2809; x_wconf 87' lang='lat' dir='ltr'><strong>quid</strong></span> <span class='ocrx_word' id='word_1_218' title='bbox 847 2735 954 2794; x_wconf 82' lang='lat' dir='ltr'><strong>luerint</strong></span> <span class='ocrx_word' id='word_1_219' title='bbox 975 2737 1080 2794; x_wconf 86' lang='lat' dir='ltr'><strong>sortita</strong></span> <span class='ocrx_word' id='word_1_220' title='bbox 1102 2733 1326 2810; x_wconf 82' lang='lat' dir='ltr'><strong>pulchritudinis</strong></span> <span class='ocrx_word' id='word_1_221' title='bbox 1349 2737 1552 2809; x_wconf 83' lang='lat' dir='ltr'><strong>geometricae,</strong></span> <span class='ocrx_word' id='word_1_222' title='bbox 1576 2743 1655 2794; x_wconf 85' lang='lat' dir='ltr'><strong>certo</strong></span> <span class='ocrx_word' id='word_1_223' title='bbox 1679 2739 1787 2794; x_wconf 90' lang='lat' dir='ltr'><strong>summi</strong></span> <span class='ocrx_word' id='word_1_224' title='bbox 1810 2733 1866 2810; x_wconf 87' lang='lat' dir='ltr'><strong>Opi-</strong></span> 
     </span>
     <span class='ocr_line' id='line_1_24' title="bbox 527 2817 1867 2904; baseline -0.004 -23"><span class='ocrx_word' id='word_1_225' title='bbox 527 2823 591 2882; x_wconf 88' lang='lat' dir='ltr'><strong>licis</strong></span> <span class='ocrx_word' id='word_1_226' title='bbox 612 2817 734 2881; x_wconf 84' lang='lat' dir='ltr'><strong>consilio</strong></span> <span class='ocrx_word' id='word_1_227' title='bbox 755 2821 785 2879; x_wconf 90' lang='lat' dir='ltr'><strong>id</strong></span> <span class='ocrx_word' id='word_1_228' title='bbox 805 2824 868 2904; x_wconf 86' lang='lat' dir='ltr'><strong>suis</strong></span> <span class='ocrx_word' id='word_1_229' title='bbox 891 2824 1027 2890; x_wconf 82' lang='lat' dir='ltr'><strong>extremis</strong></span> <span class='ocrx_word' id='word_1_230' title='bbox 1049 2823 1229 2898; x_wconf 81' lang='lat' dir='ltr'><strong>acceperint,</strong></span> <span class='ocrx_word' id='word_1_231' title='bbox 1261 2827 1294 2879; x_wconf 91' lang='lat' dir='ltr'><strong>ut</strong></span> <span class='ocrx_word' id='word_1_232' title='bbox 1321 2820 1446 2897; x_wconf 89' lang='lat' dir='ltr'><strong>apbeliis</strong></span> <span class='ocrx_word' id='word_1_233' title='bbox 1478 2829 1507 2880; x_wconf 88' lang='lat' dir='ltr'><strong>et</strong></span> <span class='ocrx_word' id='word_1_234' title='bbox 1538 2821 1688 2897; x_wconf 88' lang='lat' dir='ltr'><strong>periheliis</strong></span> <span class='ocrx_word' id='word_1_235' title='bbox 1711 2821 1867 2887; x_wconf 84' lang='lat' dir='ltr'><strong>interuallis,</strong></span> 
     </span>
     <span class='ocr_line' id='line_1_25' title="bbox 528 2908 1868 2990; baseline -0.004 -22"><span class='ocrx_word' id='word_1_236' title='bbox 528 2912 652 2969; x_wconf 86' lang='lat' dir='ltr'><strong>nonita</strong></span> <span class='ocrx_word' id='word_1_237' title='bbox 673 2908 777 2968; x_wconf 89' lang='lat' dir='ltr'><strong>mediis</strong></span> <span class='ocrx_word' id='word_1_238' title='bbox 796 2910 973 2990; x_wconf 32' lang='lat' dir='ltr'><strong>interjectis..</strong></span> <span class='ocrx_word' id='word_1_239' title='bbox 1008 2909 1084 2969; x_wconf 88' lang='lat' dir='ltr'><strong>Nam</strong></span> <span class='ocrx_word' id='word_1_240' title='bbox 1114 2909 1191 2968; x_wconf 90' lang='lat' dir='ltr'><strong>datis</strong></span> <span class='ocrx_word' id='word_1_241' title='bbox 1213 2915 1406 2968; x_wconf 88' lang='lat' dir='ltr'><strong>extremorum</strong></span> <span class='ocrx_word' id='word_1_242' title='bbox 1436 2908 1656 2968; x_wconf 85' lang='lat' dir='ltr'><strong>intervallorum</strong></span> <span class='ocrx_word' id='word_1_243' title='bbox 1685 2910 1868 2988; x_wconf 88' lang='lat' dir='ltr'><strong>proportioni·</strong></span> 
     </span>
     <span class='ocr_line' id='line_1_26' title="bbox 530 2994 1869 3076; baseline -0.006 -20"><span class='ocrx_word' id='word_1_244' title='bbox 530 2998 599 3071; x_wconf 90' lang='lat' dir='ltr'><strong>bus,</strong></span> <span class='ocrx_word' id='word_1_245' title='bbox 628 2997 692 3073; x_wconf 89' lang='lat' dir='ltr'><strong>jam</strong></span> <span class='ocrx_word' id='word_1_246' title='bbox 719 3013 776 3054; x_wconf 92' lang='lat' dir='ltr'><strong>non</strong></span> <span class='ocrx_word' id='word_1_247' title='bbox 804 3013 878 3072; x_wconf 89' lang='lat' dir='ltr'><strong>opus</strong></span> <span class='ocrx_word' id='word_1_248' title='bbox 902 3003 947 3057; x_wconf 90' lang='lat' dir='ltr'><strong>est</strong></span> <span class='ocrx_word' id='word_1_249' title='bbox 976 2997 1113 3069; x_wconf 91' lang='lat' dir='ltr'><strong>consilio,</strong></span> <span class='ocrx_word' id='word_1_250' title='bbox 1149 3003 1178 3054; x_wconf 92' lang='lat' dir='ltr'><strong>ut</strong></span> <span class='ocrx_word' id='word_1_251' title='bbox 1200 2994 1401 3055; x_wconf 51' lang='lat' dir='ltr'><strong>intermediae¹</strong></span> <span class='ocrx_word' id='word_1_252' title='bbox 1419 2998 1622 3072; x_wconf 90' lang='lat' dir='ltr'><strong>proportiones</strong></span> <span class='ocrx_word' id='word_1_253' title='bbox 1645 3005 1727 3057; x_wconf 91' lang='lat' dir='ltr'><strong>certo</strong></span> <span class='ocrx_word' id='word_1_254' title='bbox 1751 3003 1869 3076; x_wconf 87' lang='lat' dir='ltr'><strong>aptentur</strong></span> 
     </span>
     <span class='ocr_line' id='line_1_27' title="bbox 533 3082 1866 3160; baseline -0.005 -17"><span class='ocrx_word' id='word_1_255' title='bbox 533 3101 671 3160; x_wconf 76' lang='lat' dir='ltr'><strong>nnmer03</strong></span> <span class='ocrx_word' id='word_1_256' title='bbox 694 3090 855 3160; x_wconf 90' lang='lat' dir='ltr'><strong>sequuntur</strong></span> <span class='ocrx_word' id='word_1_257' title='bbox 877 3086 954 3144; x_wconf 90' lang='lat' dir='ltr'><strong>enim</strong></span> <span class='ocrx_word' id='word_1_258' title='bbox 977 3083 1063 3159; x_wconf 92' lang='lat' dir='ltr'><strong>ultro,</strong></span> <span class='ocrx_word' id='word_1_259' title='bbox 1086 3085 1261 3144; x_wconf 85' lang='lat' dir='ltr'><strong>necessitate</strong></span> <span class='ocrx_word' id='word_1_260' title='bbox 1283 3089 1380 3158; x_wconf 81' lang='lat' dir='ltr'><strong>motus</strong></span> <span class='ocrx_word' id='word_1_261' title='bbox 1403 3082 1574 3160; x_wconf 89' lang='lat' dir='ltr'><strong>planetarii,</strong></span> <span class='ocrx_word' id='word_1_262' title='bbox 1607 3085 1646 3144; x_wconf 87' lang='lat' dir='ltr'><strong>eb</strong></span> <span class='ocrx_word' id='word_1_263' title='bbox 1671 3102 1731 3144; x_wconf 93' lang='lat' dir='ltr'><strong>uno</strong></span> <span class='ocrx_word' id='word_1_264' title='bbox 1755 3095 1866 3146; x_wconf 77' lang='lat' dir='ltr'><strong>extenuo</strong></span> 
     </span>
     <span class='ocr_line' id='line_1_28' title="bbox 534 3169 1298 3248; baseline -0.004 -19"><span class='ocrx_word' id='word_1_265' title='bbox 534 3188 586 3248; x_wconf 91' lang='lat' dir='ltr'><strong>per</strong></span> <span class='ocrx_word' id='word_1_266' title='bbox 607 3170 779 3230; x_wconf 89' lang='lat' dir='ltr'><strong>intermedia</strong></span> <span class='ocrx_word' id='word_1_267' title='bbox 801 3171 959 3248; x_wconf 72' lang='lat' dir='ltr'><strong>omniaad</strong></span> <span class='ocrx_word' id='word_1_268' title='bbox 982 3174 1142 3230; x_wconf 88' lang='lat' dir='ltr'><strong>extremum</strong></span> <span class='ocrx_word' id='word_1_269' title='bbox 1165 3169 1298 3229; x_wconf 89' lang='lat' dir='ltr'><strong>alterum.</strong></span> 
     </span>
    </p>

    <p class='ocr_par' dir='ltr' id='par_1_6' title="bbox 532 3255 1868 3510">
     <span class='ocr_line' id='line_1_29' title="bbox 622 3255 1868 3336; baseline -0.003 -20"><span class='ocrx_word' id='word_1_270' title='bbox 622 3257 715 3333; x_wconf 83' lang='lat' dir='ltr'><strong>igitur</strong></span> <span class='ocrx_word' id='word_1_271' title='bbox 735 3265 863 3317; x_wconf 85' lang='lat' dir='ltr'><strong>extrema</strong></span> <span class='ocrx_word' id='word_1_272' title='bbox 884 3257 1041 3318; x_wconf 87' lang='lat' dir='ltr'><strong>intervalla</strong></span> <span class='ocrx_word' id='word_1_273' title='bbox 1070 3265 1138 3318; x_wconf 87' lang='lat' dir='ltr'><strong>sunt</strong></span> <span class='ocrx_word' id='word_1_274' title='bbox 1159 3260 1233 3330; x_wconf 89' lang='lat' dir='ltr'><strong>ista,</strong></span> <span class='ocrx_word' id='word_1_275' title='bbox 1266 3273 1319 3334; x_wconf 90' lang='lat' dir='ltr'><strong>per</strong></span> <span class='ocrx_word' id='word_1_276' title='bbox 1348 3257 1581 3316; x_wconf 82' lang='lat' dir='ltr'><strong>accuratissimus</strong></span> <span class='ocrx_word' id='word_1_277' title='bbox 1604 3257 1758 3336; x_wconf 72' lang='lat' dir='ltr'><strong>Tyclroms</strong></span> <span class='ocrx_word' id='word_1_278' title='bbox 1780 3255 1868 3316; x_wconf 85' lang='lat' dir='ltr'><strong>Brabel</strong></span> 
     </span>
     <span class='ocr_line' id='line_1_30' title="bbox 533 3343 1868 3422; baseline -0.004 -18"><span class='ocrx_word' id='word_1_279' title='bbox 533 3345 760 3418; x_wconf 80' lang='lat' dir='ltr'><strong>observationes,</strong></span> <span class='ocrx_word' id='word_1_280' title='bbox 784 3345 921 3415; x_wconf 80' lang='lat' dir='ltr'><strong>methodo</strong></span> <span class='ocrx_word' id='word_1_281' title='bbox 943 3347 973 3403; x_wconf 92' lang='lat' dir='ltr'><strong>in</strong></span> <span class='ocrx_word' id='word_1_282' title='bbox 989 3345 1213 3406; x_wconf 74' lang='lat' dir='ltr'><strong>Commentariis</strong></span> <span class='ocrx_word' id='word_1_283' title='bbox 1228 3345 1333 3404; x_wconf 87' lang='lat' dir='ltr'><strong>Martis</strong></span> <span class='ocrx_word' id='word_1_284' title='bbox 1348 3343 1464 3419; x_wconf 86' lang='lat' dir='ltr'><strong>tradite,</strong></span> <span class='ocrx_word' id='word_1_285' title='bbox 1488 3347 1633 3420; x_wconf 82' lang='lat' dir='ltr'><strong>exquisita</strong></span> <span class='ocrx_word' id='word_1_286' title='bbox 1654 3345 1868 3422; x_wconf 78' lang='lat' dir='ltr'><strong>peninaoisstno</strong></span> 
     </span>
     <span class='ocr_line' id='line_1_31' title="bbox 532 3431 1126 3510; baseline 0 -18"><span class='ocrx_word' id='word_1_287' title='bbox 532 3431 729 3510; x_wconf 81' lang='lat' dir='ltr'><strong>septendecim</strong></span> <span class='ocrx_word' id='word_1_288' title='bbox 751 3450 893 3492; x_wconf 88' lang='lat' dir='ltr'><strong>annorum</strong></span> <span class='ocrx_word' id='word_1_289' title='bbox 914 3432 1022 3492; x_wconf 88' lang='lat' dir='ltr'><strong>studio.</strong></span> <span class='ocrx_word' id='word_1_290' title='bbox 1123 3461 1126 3468; x_wconf 91' lang='lat'>.</span> 
     </span>
    </p>
   </div>
   <div class='ocr_carea' id='block_1_5' title="bbox 917 3581 1498 3660">
    <p class='ocr_par' dir='ltr' id='par_1_7' title="bbox 917 3581 1498 3660">
     <span class='ocr_line' id='line_1_32' title="bbox 917 3581 1498 3660; baseline -0.003 -20"><span class='ocrx_word' id='word_1_291' title='bbox 917 3586 1081 3660; x_wconf 79' lang='lat' dir='ltr'><strong>Comparate</strong></span> <span class='ocrx_word' id='word_1_292' title='bbox 1097 3582 1240 3639; x_wconf 84' lang='lat' dir='ltr'><strong>intervalla</strong></span> <span class='ocrx_word' id='word_1_293' title='bbox 1257 3599 1318 3650; x_wconf 74' lang='lat' dir='ltr'><strong>cum</strong></span> <span class='ocrx_word' id='word_1_294' title='bbox 1335 3581 1498 3638; x_wconf 85' lang='lat' dir='ltr'><strong>harmonicis</strong></span> 
     </span>
    </p>
   </div>
   <div class='ocr_carea' id='block_1_6' title="bbox 707 3627 1844 3764">
    <p class='ocr_par' dir='ltr' id='par_1_8' title="bbox 707 3627 1844 3764">
     <span class='ocr_line' id='line_1_33' title="bbox 707 3627 1844 3764; baseline 0 -56"><span class='ocrx_word' id='word_1_295' title='bbox 707 3627 837 3709; x_wconf 81' lang='lat' dir='ltr'><strong>Binornm</strong></span> <span class='ocrx_word' id='word_1_296' title='bbox 1499 3651 1671 3722; x_wconf 85' lang='lat' dir='ltr'><strong>Singulorum</strong></span> <span class='ocrx_word' id='word_1_297' title='bbox 1690 3669 1782 3724; x_wconf 89' lang='lat' dir='ltr'><strong>propr</strong></span> <span class='ocrx_word' id='word_1_298' title='bbox 1788 3722 1844 3764; x_wconf 61' lang='lat' dir='ltr'><em>m</em></span> 
     </span>
    </p>
   </div>
   <div class='ocr_carea' id='block_1_7' title="bbox 1452 3759 1845 3851">
    <p class='ocr_par' dir='ltr' id='par_1_9' title="bbox 1452 3759 1845 3851">
     <span class='ocr_line' id='line_1_34' title="bbox 1452 3759 1845 3851; baseline 0.008 -39"><span class='ocrx_word' id='word_1_299' title='bbox 1452 3759 1518 3818; x_wconf 87' lang='lat' dir='ltr'><strong>Plus</strong></span> <span class='ocrx_word' id='word_1_300' title='bbox 1536 3767 1600 3814; x_wconf 80' lang='grc' dir='ltr'><strong>ιοιιο</strong></span> <span class='ocrx_word' id='word_1_301' title='bbox 1620 3761 1725 3816; x_wconf 85' lang='lat' dir='ltr'><strong>minore</strong></span> <span class='ocrx_word' id='word_1_302' title='bbox 1786 3785 1845 3851; x_wconf 52' lang='lat' dir='ltr'><strong>-m</strong></span> 
     </span>
    </p>
   </div>
   <div class='ocr_carea' id='block_1_8' title="bbox 845 3839 1842 4010">
    <p class='ocr_par' dir='ltr' id='par_1_10' title="bbox 845 3839 1842 4010">
     <span class='ocr_line' id='line_1_35' title="bbox 845 3839 1842 3967; baseline 0.019 -51.674"><span class='ocrx_word' id='word_1_303' title='bbox 845 3839 915 3953; x_wconf 72' lang='grc'><strong>”·’1</strong></span> <span class='ocrx_word' id='word_1_304' title='bbox 1047 3863 1209 3934; x_wconf 70' lang='lat' dir='ltr'><strong>persenam</strong></span> <span class='ocrx_word' id='word_1_305' title='bbox 1248 3863 1365 3923; x_wconf 68' lang='lat' dir='ltr'><strong>socen.</strong></span> <span class='ocrx_word' id='word_1_306' title='bbox 1785 3897 1842 3967; x_wconf 69' lang='lat' dir='ltr'><strong>,aa</strong></span> 
     </span>
     <span class='ocr_line' id='line_1_36' title="bbox 896 3969 909 4010; baseline 0 0"><span class='ocrx_word' id='word_1_307' title='bbox 896 3969 909 4010; x_wconf 82' lang='lat'>³</span> 
     </span>
    </p>
   </div>
   <div class='ocr_carea' id='block_1_9' title="bbox 659 3829 1807 4012">
    <p class='ocr_par' dir='ltr' id='par_1_11' title="bbox 659 3829 1766 4012">
     <span class='ocr_line' id='line_1_37' title="bbox 659 3829 734 3871; baseline 0 0"><span class='ocrx_word' id='word_1_308' title='bbox 659 3829 721 3871; x_wconf 75' lang='lat' dir='ltr'><strong>conv</strong></span> <span class='ocrx_word' id='word_1_309' title='bbox 692 3841 734 3871; x_wconf 77' lang='lat' dir='ltr'><strong>urs</strong></span> 
     </span>
     <span class='ocr_line' id='line_1_38' title="bbox 667 3932 1807 4012; baseline 0.008 -33"><span class='ocrx_word' id='word_1_310' title='bbox 667 3955 731 4012; x_wconf 59' lang='grc'><strong>1-</strong></span> <span class='ocrx_word' id='word_1_311' title='bbox 1466 3932 1559 3988; x_wconf 87' lang='lat' dir='ltr'><strong>Minus</strong></span> <span class='ocrx_word' id='word_1_312' title='bbox 1577 3937 1643 3988; x_wconf 86' lang='lat' dir='ltr'><strong>tono</strong></span> <span class='ocrx_word' id='word_1_313' title='bbox 1660 3935 1807 4010; x_wconf 86' lang='lat' dir='ltr'><strong>majore</strong></span> 
     </span>
    </p>
   </div>
   <div class='ocr_carea' id='block_1_10' title="bbox 668 3841 779 4012">
    <p class='ocr_par' dir='ltr' id='par_1_12' title="bbox 668 3841 768 4012">
     <span class='ocr_line' id='line_1_39' title="bbox 668 3841 768 3954; baseline 0.021 -32"><span class='ocrx_word' id='word_1_314' title='bbox 668 3893 682 3922; x_wconf 85' lang='lat'><strong>.</strong></span> <span class='ocrx_word' id='word_1_315' title='bbox 698 3841 768 3954; x_wconf 73' lang='lat' dir='ltr'><strong>&#39;i</strong></span> 
     </span>
     <span class='ocr_line' id='line_1_40' title="bbox 745 3957 779 4012; baseline 0 0"><span class='ocrx_word' id='word_1_316' title='bbox 745 3957 779 4012; x_wconf 82' lang='lat' dir='ltr'><strong>l&#39;</strong></span> 
     </span>
    </p>
   </div>
   <div class='ocr_carea' id='block_1_11' title="bbox 771 3793 1362 4011">
    <p class='ocr_par' dir='ltr' id='par_1_13' title="bbox 818 3793 1362 4011">
     <span class='ocr_line' id='line_1_41' title="bbox 822 3793 1362 3869; baseline -0.013 -17"><span class='ocrx_word' id='word_1_317' title='bbox 822 3828 881 3869; x_wconf 72' lang='lat' dir='ltr'><strong>m„</strong></span> <span class='ocrx_word' id='word_1_318' title='bbox 942 3794 1052 3851; x_wconf 81' lang='lat' dir='ltr'><strong>Saturni</strong></span> <span class='ocrx_word' id='word_1_319' title='bbox 1072 3793 1210 3861; x_wconf 87' lang='lat' dir='ltr'><strong>aphelium</strong></span> <span class='ocrx_word' id='word_1_320' title='bbox 1231 3793 1324 3850; x_wconf 82' lang='grc'><strong>10092.</strong></span> <span class='ocrx_word' id='word_1_321' title='bbox 1340 3807 1362 3846; x_wconf 87' lang='lat' dir='ltr'><strong>a</strong></span> 
     </span>
     <span class='ocr_line' id='line_1_42' title="bbox 771 3883 880 4011; baseline 0 0"><span class='ocrx_word' id='word_1_322' title='bbox 771 3883 880 4011; x_wconf 63' lang='lat'><strong>{2-</strong></span> 
     </span>
    </p>
   </div>
   <div class='ocr_carea' id='block_1_12' title="bbox 1797 3985 1843 4028">
    <p class='ocr_par' dir='ltr' id='par_1_14' title="bbox 1797 3985 1843 4028">
     <span class='ocr_line' id='line_1_43' title="bbox 1797 3985 1843 4028; baseline -0.043 0"><span class='ocrx_word' id='word_1_323' title='bbox 1797 3985 1843 4028; x_wconf 77' lang='lat' dir='ltr'><strong>nect</strong></span> 
     </span>
    </p>
   </div>
   <div class='ocr_carea' id='block_1_13' title="bbox 667 4038 1866 4294">
    <p class='ocr_par' dir='ltr' id='par_1_15' title="bbox 668 4038 1866 4294">
     <span class='ocr_line' id='line_1_44' title="bbox 943 4038 1866 4146; baseline -0.014 -14"><span class='ocrx_word' id='word_1_324' title='bbox 943 4076 1019 4132; x_wconf 78' lang='lat' dir='ltr'><strong>donis</strong></span> <span class='ocrx_word' id='word_1_325' title='bbox 1037 4072 1173 4144; x_wconf 90' lang='lat' dir='ltr'><strong>aphelium</strong></span> <span class='ocrx_word' id='word_1_326' title='bbox 1259 4038 1322 4128; x_wconf 76' lang='grc'><strong>8151</strong></span> <span class='ocrx_word' id='word_1_327' title='bbox 1341 4091 1362 4127; x_wconf 90' lang='lat' dir='ltr'><strong>c.</strong></span> <span class='ocrx_word' id='word_1_328' title='bbox 1468 4071 1551 4126; x_wconf 78' lang='lat' dir='ltr'><strong>Nulla</strong></span> <span class='ocrx_word' id='word_1_329' title='bbox 1577 4071 1710 4146; x_wconf 85' lang='lat' dir='ltr'><strong>concinna</strong></span> <span class='ocrx_word' id='word_1_330' title='bbox 1735 4069 1866 4142; x_wconf 87' lang='lat' dir='ltr'><strong>proportio.</strong></span> 
     </span>
     <span class='ocr_line' id='line_1_45' title="bbox 668 4140 1841 4234; baseline -0.013 -28"><span class='ocrx_word' id='word_1_331' title='bbox 668 4176 681 4206; x_wconf 83' lang='lat' dir='ltr'><strong>s</strong></span> <span class='ocrx_word' id='word_1_332' title='bbox 747 4162 761 4205; x_wconf 85' lang='lat' dir='ltr'><strong>t</strong></span> <span class='ocrx_word' id='word_1_333' title='bbox 815 4161 879 4234; x_wconf 76' lang='lat'><strong>‚⁸¹</strong></span> <span class='ocrx_word' id='word_1_334' title='bbox 896 4161 909 4202; x_wconf 80' lang='grc' dir='ltr'><strong>ι</strong></span> <span class='ocrx_word' id='word_1_335' title='bbox 1048 4143 1211 4214; x_wconf 88' lang='lat' dir='ltr'><strong>perihelium</strong></span> <span class='ocrx_word' id='word_1_336' title='bbox 1256 4143 1363 4198; x_wconf 82' lang='grc'><strong>19191.</strong></span> <span class='ocrx_word' id='word_1_337' title='bbox 1469 4141 1518 4196; x_wconf 87' lang='lat' dir='ltr'><strong>sed</strong></span> <span class='ocrx_word' id='word_1_338' title='bbox 1544 4142 1602 4196; x_wconf 84' lang='lat' dir='ltr'><strong>fere</strong></span> <span class='ocrx_word' id='word_1_339' title='bbox 1621 4145 1662 4213; x_wconf 63' lang='grc'><strong>11.</strong></span> <span class='ocrx_word' id='word_1_340' title='bbox 1669 4140 1841 4198; x_wconf 81' lang='lat' dir='ltr'><strong>inconcinna</strong></span> 
     </span>
     <span class='ocr_line' id='line_1_46' title="bbox 667 4207 1864 4294; baseline -0.009 -19.991"><span class='ocrx_word' id='word_1_341' title='bbox 667 4227 910 4294; x_wconf 70' lang='grc'><strong>1-1-1</strong></span> <span class='ocrx_word' id='word_1_342' title='bbox 1417 4253 1423 4264; x_wconf 95' lang='grc'><strong>.</strong></span> <span class='ocrx_word' id='word_1_343' title='bbox 1465 4213 1511 4267; x_wconf 83' lang='grc' dir='ltr'><strong>ιιι</strong></span> <span class='ocrx_word' id='word_1_344' title='bbox 1538 4212 1602 4266; x_wconf 87' lang='lat' dir='ltr'><strong>dim.</strong></span> <span class='ocrx_word' id='word_1_345' title='bbox 1623 4211 1656 4266; x_wconf 89' lang='lat' dir='ltr'><strong>de</strong></span> <span class='ocrx_word' id='word_1_346' title='bbox 1674 4207 1864 4270; x_wconf 85' lang='lat' dir='ltr'><strong>harmonica</strong></span> <span class='ocrx_word' id='word_1_347' title='bbox 1852 4241 1864 4275; x_wconf 92' lang='grc'><strong>1</strong></span> 
     </span>
    </p>
   </div>
   <div class='ocr_carea' id='block_1_14' title="bbox 574 4311 1866 4703">
    <p class='ocr_par' dir='ltr' id='par_1_16' title="bbox 781 4311 1866 4406">
     <span class='ocr_line' id='line_1_47' title="bbox 781 4311 1866 4406; baseline -0.009 -13"><span class='ocrx_word' id='word_1_348' title='bbox 781 4365 785 4375; x_wconf 87' lang='lat'>·</span> <span class='ocrx_word' id='word_1_349' title='bbox 884 4368 889 4379; x_wconf 76' lang='lat'>=</span> <span class='ocrx_word' id='word_1_350' title='bbox 946 4337 1043 4392; x_wconf 84' lang='lat' dir='ltr'><strong>Martia</strong></span> <span class='ocrx_word' id='word_1_351' title='bbox 1061 4334 1199 4404; x_wconf 85' lang='lat' dir='ltr'><strong>apheliuut</strong></span> <span class='ocrx_word' id='word_1_352' title='bbox 1248 4335 1326 4390; x_wconf 79' lang='grc'><strong>1665.</strong></span> <span class='ocrx_word' id='word_1_353' title='bbox 1340 4349 1363 4388; x_wconf 90' lang='lat' dir='ltr'><strong>e.</strong></span> <span class='ocrx_word' id='word_1_354' title='bbox 1404 4333 1475 4387; x_wconf 88' lang='lat' dir='ltr'><strong>Hic</strong></span> <span class='ocrx_word' id='word_1_355' title='bbox 1498 4333 1566 4406; x_wconf 60' lang='lat' dir='ltr'><strong>{lig}</strong></span> <span class='ocrx_word' id='word_1_356' title='bbox 1584 4341 1657 4388; x_wconf 87' lang='lat' dir='ltr'><strong>esset</strong></span> <span class='ocrx_word' id='word_1_357' title='bbox 1675 4311 1866 4394; x_wconf 59' lang='lat' dir='ltr'><strong>harmonica}</strong></span> 
     </span>
    </p>

    <p class='ocr_par' dir='ltr' id='par_1_17' title="bbox 574 4403 1858 4703">
     <span class='ocr_line' id='line_1_48' title="bbox 574 4403 1677 4508; baseline -0.008 -42"><span class='ocrx_word' id='word_1_358' title='bbox 574 4447 578 4456; x_wconf 91' lang='lat'>-</span> <span class='ocrx_word' id='word_1_359' title='bbox 671 4421 684 4465; x_wconf 77' lang='lat' dir='ltr'><strong>e</strong></span> <span class='ocrx_word' id='word_1_360' title='bbox 700 4405 830 4508; x_wconf 32' lang='lat' dir='ltr'><strong>:Ni</strong></span> <span class='ocrx_word' id='word_1_361' title='bbox 816 4407 828 4449; x_wconf 72' lang='lat'>¹</span> <span class='ocrx_word' id='word_1_362' title='bbox 838 4404 913 4486; x_wconf 61' lang='lat'><strong>¹]</strong></span> <span class='ocrx_word' id='word_1_363' title='bbox 1050 4404 1213 4475; x_wconf 90' lang='lat' dir='ltr'><strong>perihelium</strong></span> <span class='ocrx_word' id='word_1_364' title='bbox 1250 4405 1325 4460; x_wconf 81' lang='grc'><strong>1382.</strong></span> <span class='ocrx_word' id='word_1_365' title='bbox 1343 4404 1360 4458; x_wconf 83' lang='grc'><strong>1.</strong></span> <span class='ocrx_word' id='word_1_366' title='bbox 1427 4412 1455 4466; x_wconf 85' lang='lat' dir='ltr'><strong>et</strong></span> <span class='ocrx_word' id='word_1_367' title='bbox 1474 4403 1539 4475; x_wconf 60' lang='lat' dir='ltr'><strong>{gii</strong></span> <span class='ocrx_word' id='word_1_368' title='bbox 1562 4405 1677 4473; x_wconf 69' lang='lat' dir='ltr'><strong>esset-⁵.</strong></span> 
     </span>
     <span class='ocr_line' id='line_1_49' title="bbox 611 4478 1864 4686; baseline -0.005 -65"><span class='ocrx_word' id='word_1_369' title='bbox 611 4541 615 4548; x_wconf 84' lang='lat'>.</span> <span class='ocrx_word' id='word_1_370' title='bbox 669 4498 685 4537; x_wconf 63' lang='lat' dir='ltr'>h</span> <span class='ocrx_word' id='word_1_371' title='bbox 751 4481 781 4537; x_wconf 55' lang='lat'>⁸</span> <span class='ocrx_word' id='word_1_372' title='bbox 816 4505 854 4612; x_wconf 53' lang='grc' dir='ltr'><strong>ι.</strong></span> <span class='ocrx_word' id='word_1_373' title='bbox 838 4478 911 4534; x_wconf 62' lang='lat'><strong>“²⁰</strong></span> <span class='ocrx_word' id='word_1_374' title='bbox 950 4562 1206 4632; x_wconf 78' lang='lat' dir='ltr'><strong>Terraeaphelium</strong></span> <span class='ocrx_word' id='word_1_375' title='bbox 1247 4562 1324 4626; x_wconf 82' lang='lat' dir='ltr'><strong>tots.</strong></span> <span class='ocrx_word' id='word_1_376' title='bbox 1338 4581 1363 4686; x_wconf 67' lang='lat' dir='ltr'><strong>p.</strong></span> <span class='ocrx_word' id='word_1_377' title='bbox 1468 4562 1521 4615; x_wconf 87' lang='lat' dir='ltr'><strong>Hic</strong></span> <span class='ocrx_word' id='word_1_378' title='bbox 1552 4563 1617 4644; x_wconf 68' lang='grc'><strong>1311</strong></span> <span class='ocrx_word' id='word_1_379' title='bbox 1642 4559 1810 4618; x_wconf 84' lang='lat' dir='ltr'><strong>essetdiesis</strong></span> <span class='ocrx_word' id='word_1_380' title='bbox 1833 4553 1864 4621; x_wconf 76' lang='lat' dir='ltr'><strong>&#39;i</strong></span> 
     </span>
     <span class='ocr_line' id='line_1_50' title="bbox 1055 4627 1845 4703; baseline -0.01 -16"><span class='ocrx_word' id='word_1_381' title='bbox 1055 4632 1216 4703; x_wconf 85' lang='lat' dir='ltr'><strong>perihelium</strong></span> <span class='ocrx_word' id='word_1_382' title='bbox 1265 4633 1365 4688; x_wconf 89' lang='grc'><strong>982..</strong></span> <span class='ocrx_word' id='word_1_383' title='bbox 1471 4630 1525 4686; x_wconf 83' lang='lat' dir='ltr'><strong>non</strong></span> <span class='ocrx_word' id='word_1_384' title='bbox 1543 4631 1666 4702; x_wconf 79' lang='lat' dir='ltr'><strong>possidet</strong></span> <span class='ocrx_word' id='word_1_385' title='bbox 1684 4649 1749 4702; x_wconf 86' lang='lat' dir='ltr'><strong>ergo</strong></span> <span class='ocrx_word' id='word_1_386' title='bbox 1766 4627 1845 4686; x_wconf 84' lang='lat' dir='ltr'><strong>diesin</strong></span> 
     </span>
    </p>
   </div>
   <div class='ocr_carea' id='block_1_15' title="bbox 835 4787 1861 5001">
    <p class='ocr_par' dir='ltr' id='par_1_18' title="bbox 835 4787 1861 5001">
     <span class='ocr_line' id='line_1_51' title="bbox 835 4787 1861 4892; baseline -0.003 -28"><span class='ocrx_word' id='word_1_387' title='bbox 835 4796 839 4802; x_wconf 45' lang='lat'>⁵</span> <span class='ocrx_word' id='word_1_388' title='bbox 945 4808 1112 4876; x_wconf 83' lang='lat' dir='ltr'><strong>Venerisap</strong></span> <span class='ocrx_word' id='word_1_389' title='bbox 1114 4805 1216 4862; x_wconf 83' lang='lat' dir='ltr'><strong>bellurn</strong></span> <span class='ocrx_word' id='word_1_390' title='bbox 1268 4787 1358 4866; x_wconf 69' lang='grc'><strong>129.</strong></span> <span class='ocrx_word' id='word_1_391' title='bbox 1350 4824 1368 4860; x_wconf 91' lang='grc' dir='ltr'><strong>ι.</strong></span> <span class='ocrx_word' id='word_1_392' title='bbox 1472 4805 1564 4866; x_wconf 88' lang='lat' dir='ltr'><strong>Minus</strong></span> <span class='ocrx_word' id='word_1_393' title='bbox 1582 4823 1663 4876; x_wconf 83' lang='lat' dir='ltr'><strong>quam</strong></span> <span class='ocrx_word' id='word_1_394' title='bbox 1679 4807 1861 4892; x_wconf 56' lang='lat' dir='ltr'><strong>sesouiconssib</strong></span> 
     </span>
     <span class='ocr_line' id='line_1_52' title="bbox 1048 4867 1861 5001; baseline -0.005 -70"><span class='ocrx_word' id='word_1_395' title='bbox 1048 4877 1212 4952; x_wconf 90' lang='lat' dir='ltr'><strong>perihelium</strong></span> <span class='ocrx_word' id='word_1_396' title='bbox 1263 4877 1323 4932; x_wconf 87' lang='grc'><strong>’119</strong></span> <span class='ocrx_word' id='word_1_397' title='bbox 1337 4877 1364 4956; x_wconf 78' lang='grc' dir='ltr'><strong>ιι</strong></span> <span class='ocrx_word' id='word_1_398' title='bbox 1466 4877 1535 5001; x_wconf 59' lang='lat' dir='ltr'><strong>pgpp</strong></span> <span class='ocrx_word' id='word_1_399' title='bbox 1550 4893 1631 4945; x_wconf 86' lang='lat' dir='ltr'><strong>qnam</strong></span> <span class='ocrx_word' id='word_1_400' title='bbox 1650 4877 1731 4932; x_wconf 89' lang='lat' dir='ltr'><strong>tertia</strong></span> <span class='ocrx_word' id='word_1_401' title='bbox 1749 4867 1861 4946; x_wconf 79' lang='lat' dir='ltr'><strong>peredit·</strong></span> 
     </span>
    </p>
   </div>
   <div class='ocr_carea' id='block_1_16' title="bbox 624 5009 1859 5264">
    <p class='ocr_par' dir='ltr' id='par_1_19' title="bbox 634 5009 1859 5264">
     <span class='ocr_line' id='line_1_53' title="bbox 642 5009 1859 5128; baseline -0.011 -17"><span class='ocrx_word' id='word_1_402' title='bbox 642 5055 650 5094; x_wconf 83' lang='lat'><strong>¹</strong></span> <span class='ocrx_word' id='word_1_403' title='bbox 724 5053 751 5097; x_wconf 77' lang='grc'><strong>22</strong></span> <span class='ocrx_word' id='word_1_404' title='bbox 807 5055 834 5128; x_wconf 63' lang='grc' dir='ltr'><em>ξ</em></span> <span class='ocrx_word' id='word_1_405' title='bbox 872 5041 919 5096; x_wconf 68' lang='grc'><strong>218</strong></span> <span class='ocrx_word' id='word_1_406' title='bbox 947 5049 1077 5108; x_wconf 86' lang='lat' dir='ltr'><strong>Mercurii</strong></span> <span class='ocrx_word' id='word_1_407' title='bbox 1096 5047 1232 5120; x_wconf 86' lang='lat' dir='ltr'><strong>aphelium</strong></span> <span class='ocrx_word' id='word_1_408' title='bbox 1265 5050 1362 5106; x_wconf 34' lang='lat' dir='ltr'><strong>troffl</strong></span> <span class='ocrx_word' id='word_1_409' title='bbox 1467 5049 1534 5105; x_wconf 91' lang='lat' dir='ltr'><strong>Plus</strong></span> <span class='ocrx_word' id='word_1_410' title='bbox 1553 5065 1633 5119; x_wconf 87' lang='lat' dir='ltr'><strong>quam</strong></span> <span class='ocrx_word' id='word_1_411' title='bbox 1647 5009 1778 5120; x_wconf 80' lang='lat' dir='ltr'><strong>diapente,</strong></span> <span class='ocrx_word' id='word_1_412' title='bbox 1793 5043 1859 5099; x_wconf 82' lang='lat' dir='ltr'><strong>ebun-</strong></span> 
     </span>
     <span class='ocr_line' id='line_1_54' title="bbox 624 5090 1859 5264; baseline -0.009 -80.908"><span class='ocrx_word' id='word_1_413' title='bbox 624 5110 708 5183; x_wconf 61' lang='grc' dir='ltr'><strong><em>Γ</em></strong></span> <span class='ocrx_word' id='word_1_414' title='bbox 729 5130 767 5188; x_wconf 78' lang='grc' dir='ltr'><strong>ι’</strong></span> <span class='ocrx_word' id='word_1_415' title='bbox 817 5145 826 5185; x_wconf 97' lang='grc' dir='ltr'><strong>ι</strong></span> <span class='ocrx_word' id='word_1_416' title='bbox 833 5120 913 5184; x_wconf 71' lang='lat' dir='ltr'><strong>‘iio‘</strong></span> <span class='ocrx_word' id='word_1_417' title='bbox 1086 5121 1245 5192; x_wconf 87' lang='lat' dir='ltr'><strong>perihelium</strong></span> <span class='ocrx_word' id='word_1_418' title='bbox 1264 5122 1359 5178; x_wconf 57' lang='lat' dir='ltr'><strong>tunm</strong></span> <span class='ocrx_word' id='word_1_419' title='bbox 1447 5119 1618 5264; x_wconf 49' lang='grc' dir='ltr'><strong>11111ιοὶ1111</strong></span> <span class='ocrx_word' id='word_1_420' title='bbox 1629 5121 1717 5176; x_wconf 88' lang='lat' dir='ltr'><strong>mmns</strong></span> <span class='ocrx_word' id='word_1_421' title='bbox 1730 5090 1859 5191; x_wconf 84' lang='lat' dir='ltr'><strong>quanh</strong></span> 
     </span>
    </p>
   </div>
   <div class='ocr_carea' id='block_1_17' title="bbox 0 0 2138 6384">
    <p class='ocr_par' dir='ltr' id='par_1_20' title="bbox 0 0 2138 6384">
     <span class='ocr_line' id='line_1_55' title="bbox 0 0 2138 6384; baseline 0 0"><span class='ocrx_word' id='word_1_422' title='bbox 0 0 2138 6384; x_wconf 95' lang='lat' dir='ltr'><strong> </strong></span> 
     </span>
    </p>
   </div>
  </div>
 </body>
</html>
