4242 6384
596 2085 598 2092 ⁴
687 2107 690 2114 ’
733 2138 1210 2250 PROOEMIUM.

906 2345 1058 2358 -ῌ

408 2465 556 2577 ‘depleri
590 2491 655 2559 libii
689 2503 766 2579 typis
801 2505 944 2580 expressi,
980 2519 1046 2562 eum
1077 2504 1205 2563 maxima
1240 2521 1275 2565 ex
1311 2509 1397 2580 parte·
1427 2489 1591 2580 pertineant
1618 2499 1656 2560 ad

306 2592 530 2662 astronomiam,
562 2595 659 2648 tamen
688 2590 725 2648 ad
755 2607 843 2649 unum
876 2603 975 2650 omnes
1007 2599 1178 2668 argumento
1210 2597 1291 2664 sunt,
1322 2597 1431 2668 quanto
1463 2587 1560 2649 studio
1588 2605 1657 2648 ver-

307 2677 420 2734 saverit
448 2676 600 2750 classicos,
630 2693 704 2752 quos
731 2687 850 2752 vocant,
880 2679 1034 2755 scriptores
1060 2686 1091 2738 et
1117 2686 1228 2754 quauta
1254 2677 1340 2766 luerit¹
1369 2678 1432 2753 ejus
1453 2675 1657 2756 philosophiae

197 2821 198 2828 ,
307 2765 440 2822 seientia
485 2763 579 2822 Plena
606 2771 674 2822 sunt
702 2768 800 2826 omnia
821 2767 972 2825 sententiis
1002 2763 1180 2826 Graecorum
1203 2765 1458 2839 Romanorumque
1485 2766 1658 2840 scriptorum

307 2857 335 2908 et
355 2857 526 2926 poetarum,
558 2857 688 2910 veterum
721 2853 990 2913 mathematicorum
1024 2859 1053 2912 et
1084 2861 1315 2938 astronomorum
1347 2851 1656 2928 philosophorumque,

308 2937 343 2995 ad
367 2954 432 2996 reru
454 2951 537 2997 suam
560 2939 741 3020 probandam
764 2942 867 3000 citatis.
922 2941 966 3000 Ei
990 2940 1124 2999 omnibus
1152 2941 1215 3017 ejus
1243 2938 1380 3018 operibus
1402 2938 1498 2998 elucet
1518 2938 1656 3014 studium,

197 3075 198 3082 ,
308 3027 478 3084 recentioris
506 3027 610 3084 aetatis
638 3027 780 3086 rationem
809 3027 1050 3104 disciplinamque
1074 3027 1111 3086 ad
1134 3045 1177 3103 ea,
1209 3044 1284 3104 quae
1306 3034 1420 3086 veteres
1442 3033 1657 3104 perspexerant,

307 3112 452 3172 referendi
474 3109 653 3188 alteramque
673 3121 800 3174 aetatem
823 3115 916 3176 alters
937 3113 1101 3174 illustrandi
1124 3124 1154 3175 et
1175 3113 1351 3175 stabiliendi.
1384 3111 1566 3176 Gravissima
1581 3116 1658 3174 enirn

309 3199 479 3260 Aristotelis
512 3215 613 3276 opera,
647 3217 706 3278 qua
738 3203 845 3279 scripta
874 3209 942 3262 sunt
971 3201 1088 3278 lingua,
1121 3203 1306 3263 lectitaverat
1335 3201 1456 3277 ejusque
1485 3204 1657 3280 interpretes

308 3289 421 3362 priores
444 3295 473 3346 et
494 3289 668 3363 posteriores
690 3288 790 3348 subtili
808 3289 921 3365 judicio
943 3293 1177 3366 examinas-eran
1207 3289 1340 3350 Platonis
1362 3305 1431 3348 vero
1453 3290 1572 3367 ingenio
1596 3296 1659 3349 erat

308 3376 476 3448 innutritus,
499 3382 529 3433 et
550 3391 627 3451 qnae
649 3373 684 3435 de
699 3375 869 3453 Pythagora
892 3377 1014 3455 ejusque
1028 3375 1139 3452 ,schola
1160 3377 1203 3436 illi
1226 3377 1316 3437 senti
1339 3375 1447 3436 tradita
1469 3383 1559 3452 eraut,
1582 3394 1658 3453 quae

308 3463 345 3520 ab
378 3461 551 3538 aequalibus
583 3461 618 3522 de
650 3463 751 3522 schola
785 3465 842 3524 ista
873 3467 981 3540 scripta
1014 3471 1109 3539 erant,
1146 3465 1176 3522 iu
1210 3482 1246 3526 ea
1279 3461 1483 3540 cognoscenda
1515 3464 1658 3541 quidquid

308 3549 455 3626 reliquum
477 3556 539 3609 erat
560 3552 698 3626 temporis
721 3553 917 3611 astronomiae
940 3551 1000 3612 dati
1023 3551 1220 3628 impendebat.
1262 3549 1429 3611 Sententiae
1452 3568 1521 3611 vero
1543 3551 1659 3630 Pytha·

308 3653 483 3712 goraecrum
507 3635 542 3696 de
564 3645 821 3714 motuecrporum
845 3639 1014 3704 coelestium
1039 3640 1077 3697 ab
1100 3638 1258 3700 Aristotele
1281 3648 1310 3698 et
1333 3637 1507 3698 Archimede
1528 3639 1659 3716 proditas

308 3727 416 3800 insigni
450 3739 519 3783 cura
551 3726 787 3801 prosequebatur,
821 3725 1107 3804 Pythagoricamque
1138 3727 1176 3787 ab
1210 3725 1368 3786 Aristotele
1401 3729 1497 3785 minus
1532 3725 1658 3786 dilucide

308 3811 446 3872 haditam
460 3827 555 3873 rerum
571 3814 768 3872 universitatis
783 3815 925 3874 rationem
938 3813 1083 3874 illustrare
1098 3821 1128 3875 et
1141 3813 1295 3874 emendare
1307 3811 1444 3874 studebat
1456 3815 1658 3891 notitiamque,

308 3907 428 3959 anctore
452 3898 611 3976 Copemico
634 3901 672 3958 ah
695 3899 870 3961 Archimede
893 3901 1078 3976 desumtam,
1104 3919 1162 3977 qua
1184 3901 1305 3964 Terram
1327 3901 1404 3960 circe
1426 3899 1525 3959 Solem
1546 3903 1658 3961 mareri

309 3985 495 4046 Aristarchus
517 3985 652 4046 docuisse
675 3987 846 4064 crederetur,
880 3988 918 4048 ad
939 3988 1146 4048 stabiliendam
1168 3988 1398 4066 Oopemicanam
1420 4005 1514 4045 rerum
1537 3989 1658 4048 unirer-

308 4076 405 4132 sitatis
419 4077 568 4148 rationem,
592 4077 700 4152 qnippe
715 4091 791 4151 quae
807 4091 872 4136 curu
887 4075 954 4148 aliis
970 4075 1074 4148 causis,
1098 4082 1159 4134 tum
1175 4082 1322 4135 vetustate
1337 4075 1462 4132 maxime
1478 4075 1657 4150 probaretur,

309 4170 527 4221 revocaverat..
554 4161 661 4222 Mirum
687 4171 785 4222 autern
813 4165 842 4222 in
870 4158 988 4222 modum
1010 4170 1108 4221 motus
1130 4169 1194 4223 erat
1214 4161 1334 4240 Kepleri
1357 4162 1471 4219 animas
1493 4161 1658 4222 mathema-

310 4251 381 4322 tica,
404 4266 424 4307 a
445 4247 656 4328 Pythagoraeis
688 4247 827 4325 adjuncta
854 4249 1064 4327 philosophicis
1093 4249 1385 4310 commentationibus
1393 4246 1405 4322 ‚'
1437 4250 1658 4324 quaestionibus

310 4352 411 4394 eorum
441 4335 476 4396 dc
505 4338 631 4396 numeris
661 4343 691 4396 et
719 4337 754 4396 de
783 4355 831 4411 es,
860 4351 935 4414 quae
962 4339 1037 4396 inter
1066 4336 1121 4398 hos
1143 4346 1172 4398 et
1194 4333 1363 4398 coelestium
1387 4331 1539 4412 corporum
1560 4343 1657 4396 motus

312 4421 509 4497 intercederet,
524 4426 646 4496 ratione,
671 4423 705 4482 de
720 4427 829 4484 tributa
844 4425 1056 4503 Pythagoraeis
1074 4433 1144 4500 arte,
1168 4441 1257 4486 sonos
1272 4425 1456 4485 harmonicus
1471 4423 1657 4484 adnumeres

312 4510 465 4584 referendi,
497 4507 533 4570 de
562 4503 675 4569 illoru'ui
702 4514 862 4588 geometria
885 4515 965 4573 etin
990 4513 1084 4573 eade
1109 4513 1292 4589 regularibus
1323 4515 1447 4572 maxime
1473 4513 1658 4588 corporibus,

313 4599 417 4672 quihus
435 4597 631 4674 Pythagoraei
655 4597 853 4676 symbolorum
876 4601 1066 4661 amantissimi
1087 4601 1244 4677 plurimum
1266 4601 1437 4682 tribuerunt.

396 4683 522 4761 'ltaque
543 4685 701 4762 Keplerus,
730 4687 791 4763 ja'm
820 4687 888 4762 dum
918 4689 946 4745 in
974 4689 1130 4759 seminario
1159 4687 1327 4766 theologico
1350 4685 1531 4762 Tubingeusi
1558 4685 1657 4762 philo-

314 4771 431 4848 sophiae
459 4781 488 4832 et
513 4775 707 4834 astronomiae
736 4791 854 4857 operam
876 4773 939 4847 dat,
970 4781 1083 4834 erectus
1106 4777 1298 4852 cogitatione,
1329 4773 1498 4846 coelestium
1526 4781 1657 4833 motuum

315 4859 391 4936 leges
422 4859 460 4918 ad
490 4874 671 4945 communem
699 4877 830 4920 coruram
859 4861 1094 4922 mathematicam
1124 4863 1280 4938 referendi,
1311 4878 1371 4922 rem
1398 4877 1417 4919 a
1442 4849 1657 4938 Pythagoraeis

316 4953 453 5007 anuum
475 4953 505 5005 et
526 4951 589 5024 ipse
611 4953 842 5025 aggressusest.
880 4947 1064 5026 Quamquam
1087 4949 1254 5010 dissertatio
1279 4948 1335 5025 ,de
1350 4947 1454 5007 r.una“
1479 4949 1656 5007 ann01593

318 5023 673 5111 aKepiero‘ccn'scnpts,
697 5037 780 5112 cujus
802 5053 1010 5112 nonnunquam
1031 5039 1140 5115 mentio
1163 5035 1196 5097 fit
1217 5037 1524 5109 iatralipten.
1543 5054 1570 5107 p.
1582 5037 1656 5107 497),

317 5121 431 5181 termam
460 5123 555 5198 magis
581 5129 611 5183 et
641 5125 819 5200 superficiem
836 5123 944 5184 Lunae
973 5131 1122 5200 spectasse
1152 5133 1182 5185 et
1204 5121 1348 5200 quaedam
1371 5120 1406 5180 de
1428 5120 1531 5180 Lunae
1553 5119 1657 5179 incolis

317 5209 414 5270 lusisse
430 5207 554 5284 ridetur,
577 5213 723 5272 motione
745 5206 842 5273 tamsd
858 5211 1044 5288 Pythagorae
1067 5212 1175 5289 injecta
1196 5209 1392 5272 adolescentis
1413 5210 1543 5268 animum
1565 5207 1671 5266 Samii.

318 5299 408 5373 magni
430 5295 618 5374 philosophia
637 5297 774 5374 jamtum
794 5305 908 5364 mntem
923 5315 986 5359 esse
1001 5307 1132 5376 apparet
1168 5299 1257 5359 Brevi
1273 5304 1444 5374 postquam
1460 5296 1656 5373 praeceptoris

1450 5396 1483 5450 1*
