<?xml version="1.0" encoding="UTF-8"?>
<!DOCTYPE html PUBLIC "-//W3C//DTD XHTML 1.0 Transitional//EN"
    "http://www.w3.org/TR/xhtml1/DTD/xhtml1-transitional.dtd">
<html xmlns="http://www.w3.org/1999/xhtml" xml:lang="en" lang="en">
 <head>
  <title>
</title>
<meta http-equiv="Content-Type" content="text/html;charset=utf-8" />
  <meta name='ocr-system' content='tesseract 3.04.00' />
  <meta name='ocr-capabilities' content='ocr_page ocr_carea ocr_par ocr_line ocrx_word'/>
</head>
<body>
  <div class='ocr_page' id='page_1' title='image "./joanniskepleria20frisgoog_0320.png"; bbox 0 0 4242 6384; ppageno 0'>
   <div class='ocr_carea' id='block_1_1' title="bbox 543 751 1504 834">
    <p class='ocr_par' dir='ltr' id='par_1_1' title="bbox 543 751 1504 834">
     <span class='ocr_line' id='line_1_1' title="bbox 543 751 1504 834; baseline 0.004 -24"><span class='ocrx_word' id='word_1_1' title='bbox 543 755 606 824; x_wconf 69' lang='grc'><strong>306</strong></span> <span class='ocrx_word' id='word_1_2' title='bbox 933 751 975 814; x_wconf 83' lang='lat' dir='ltr'><strong>ile</strong></span> <span class='ocrx_word' id='word_1_3' title='bbox 993 751 1114 815; x_wconf 83' lang='lat' dir='ltr'><strong>Motibus</strong></span> <span class='ocrx_word' id='word_1_4' title='bbox 1133 757 1305 834; x_wconf 77' lang='lat' dir='ltr'><strong>l’lauetmum</strong></span> <span class='ocrx_word' id='word_1_5' title='bbox 1324 751 1504 818; x_wconf 71' lang='lat' dir='ltr'><strong>limoticis.</strong></span> 
     </span>
    </p>
   </div>
   <div class='ocr_carea' id='block_1_2' title="bbox 474 931 1874 1834">
    <p class='ocr_par' dir='ltr' id='par_1_2' title="bbox 474 931 1874 1834">
     <span class='ocr_line' id='line_1_2' title="bbox 541 931 1861 1005; baseline 0.001 -18"><span class='ocrx_word' id='word_1_6' title='bbox 541 937 625 1004; x_wconf 85' lang='lat' dir='ltr'><strong>pente</strong></span> <span class='ocrx_word' id='word_1_7' title='bbox 644 931 676 1004; x_wconf 73' lang='grc'><strong>’1,</strong></span> <span class='ocrx_word' id='word_1_8' title='bbox 695 948 745 1002; x_wconf 89' lang='lat' dir='ltr'><strong>per</strong></span> <span class='ocrx_word' id='word_1_9' title='bbox 762 948 839 1002; x_wconf 91' lang='lat' dir='ltr'><strong>prop.</strong></span> <span class='ocrx_word' id='word_1_10' title='bbox 861 934 908 1001; x_wconf 82' lang='lat'><strong>15,</strong></span> <span class='ocrx_word' id='word_1_11' title='bbox 930 933 1222 1004; x_wconf 76' lang='lat' dir='ltr'><strong>junctaeigitnr&#39;hae</strong></span> <span class='ocrx_word' id='word_1_12' title='bbox 1240 933 1311 990; x_wconf 80' lang='lat' dir='ltr'><strong>duae</strong></span> <span class='ocrx_word' id='word_1_13' title='bbox 1328 940 1421 1004; x_wconf 84' lang='lat' dir='ltr'><strong>partes</strong></span> <span class='ocrx_word' id='word_1_14' title='bbox 1448 933 1553 990; x_wconf 77' lang='lat' dir='ltr'><strong>imiuut</strong></span> <span class='ocrx_word' id='word_1_15' title='bbox 1573 931 1644 1005; x_wconf 58' lang='lat' dir='ltr'><strong>”tw</strong></span> <span class='ocrx_word' id='word_1_16' title='bbox 1679 933 1717 988; x_wconf 78' lang='lat' dir='ltr'><strong>ht</strong></span> <span class='ocrx_word' id='word_1_17' title='bbox 1732 933 1861 989; x_wconf 82' lang='lat' dir='ltr'><strong>dehstrrrt</strong></span> 
     </span>
     <span class='ocr_line' id='line_1_3' title="bbox 542 1009 1864 1083; baseline 0.002 -19"><span class='ocrx_word' id='word_1_18' title='bbox 542 1009 647 1065; x_wconf 85' lang='lat' dir='ltr'><strong>Telluri</strong></span> <span class='ocrx_word' id='word_1_19' title='bbox 664 1025 716 1064; x_wconf 89' lang='lat' dir='ltr'><strong>aua</strong></span> <span class='ocrx_word' id='word_1_20' title='bbox 732 1011 845 1080; x_wconf 88' lang='lat' dir='ltr'><strong>propria</strong></span> <span class='ocrx_word' id='word_1_21' title='bbox 862 1013 1017 1082; x_wconf 75' lang='lat' dir='ltr'><strong>proportio,</strong></span> <span class='ocrx_word' id='word_1_22' title='bbox 1045 1027 1096 1082; x_wconf 88' lang='lat' dir='ltr'><strong>per</strong></span> <span class='ocrx_word' id='word_1_23' title='bbox 1114 1013 1222 1068; x_wconf 84' lang='lat' dir='ltr'><strong>axioma</strong></span> <span class='ocrx_word' id='word_1_24' title='bbox 1240 1013 1264 1066; x_wconf 83' lang='lat' dir='ltr'><strong>t.</strong></span> <span class='ocrx_word' id='word_1_25' title='bbox 1302 1013 1390 1083; x_wconf 72' lang='lat' dir='ltr'><strong>Ergo,</strong></span> <span class='ocrx_word' id='word_1_26' title='bbox 1409 1029 1471 1068; x_wconf 90' lang='lat' dir='ltr'><strong>cum</strong></span> <span class='ocrx_word' id='word_1_27' title='bbox 1490 1013 1685 1080; x_wconf 78' lang='lat' dir='ltr'><strong>divergentlum</strong></span> <span class='ocrx_word' id='word_1_28' title='bbox 1704 1013 1828 1067; x_wconf 85' lang='lat' dir='ltr'><strong>harmordt</strong></span> <span class='ocrx_word' id='word_1_29' title='bbox 1841 1027 1864 1066; x_wconf 86' lang='lat' dir='ltr'><strong>ex</strong></span> 
     </span>
     <span class='ocr_line' id='line_1_4' title="bbox 541 1087 1864 1162; baseline 0 -20"><span class='ocrx_word' id='word_1_30' title='bbox 541 1087 622 1143; x_wconf 89' lang='lat' dir='ltr'><strong>dictis</strong></span> <span class='ocrx_word' id='word_1_31' title='bbox 637 1087 725 1143; x_wconf 88' lang='lat' dir='ltr'><strong>trihus</strong></span> <span class='ocrx_word' id='word_1_32' title='bbox 742 1096 850 1144; x_wconf 82' lang='lat' dir='ltr'><strong>constet</strong></span> <span class='ocrx_word' id='word_1_33' title='bbox 868 1089 1018 1158; x_wconf 88' lang='lat' dir='ltr'><strong>elementis,</strong></span> <span class='ocrx_word' id='word_1_34' title='bbox 1039 1091 1147 1145; x_wconf 86' lang='lat' dir='ltr'><strong>eritilla</strong></span> <span class='ocrx_word' id='word_1_35' title='bbox 1156 1089 1334 1160; x_wconf 75' lang='lat' dir='ltr'><strong>malorquam</strong></span> <span class='ocrx_word' id='word_1_36' title='bbox 1356 1090 1426 1162; x_wconf 75' lang='lat' dir='ltr'><strong><em>¹³s„.</em></strong></span> <span class='ocrx_word' id='word_1_37' title='bbox 1447 1091 1501 1146; x_wconf 87' lang='lat' dir='ltr'><strong>Sed</strong></span> <span class='ocrx_word' id='word_1_38' title='bbox 1516 1091 1658 1148; x_wconf 89' lang='lat' dir='ltr'><strong>harmonia</strong></span> <span class='ocrx_word' id='word_1_39' title='bbox 1675 1091 1864 1161; x_wconf 80' lang='lat' dir='ltr'><strong>proximsmtjnr</strong></span> 
     </span>
     <span class='ocr_line' id='line_1_5' title="bbox 541 1165 1869 1239; baseline -0.002 -18"><span class='ocrx_word' id='word_1_40' title='bbox 541 1182 624 1236; x_wconf 90' lang='lat' dir='ltr'><strong>quam</strong></span> <span class='ocrx_word' id='word_1_41' title='bbox 644 1165 719 1236; x_wconf 54' lang='grc' dir='ltr'><strong>Ἀ,</strong></span> <span class='ocrx_word' id='word_1_42' title='bbox 742 1167 796 1223; x_wconf 93' lang='lat' dir='ltr'><strong>hoc</strong></span> <span class='ocrx_word' id='word_1_43' title='bbox 813 1175 856 1222; x_wconf 90' lang='lat' dir='ltr'><strong>est</strong></span> <span class='ocrx_word' id='word_1_44' title='bbox 877 1171 967 1238; x_wconf 52' lang='lat' dir='ltr'><strong>wlff„</strong></span> <span class='ocrx_word' id='word_1_45' title='bbox 991 1175 1034 1222; x_wconf 90' lang='lat' dir='ltr'><strong>est</strong></span> <span class='ocrx_word' id='word_1_46' title='bbox 1051 1167 1121 1239; x_wconf 54' lang='lat' dir='ltr'><strong>iim,</strong></span> <span class='ocrx_word' id='word_1_47' title='bbox 1152 1168 1257 1224; x_wconf 88' lang='lat' dir='ltr'><strong>scilicet</strong></span> <span class='ocrx_word' id='word_1_48' title='bbox 1275 1170 1355 1238; x_wconf 67' lang='lat' dir='ltr'><strong>ms„,.</strong></span> <span class='ocrx_word' id='word_1_49' title='bbox 1392 1169 1483 1236; x_wconf 71' lang='lat' dir='ltr'><strong>Quare</strong></span> <span class='ocrx_word' id='word_1_50' title='bbox 1502 1171 1525 1224; x_wconf 88' lang='lat' dir='ltr'><strong>si</strong></span> <span class='ocrx_word' id='word_1_51' title='bbox 1544 1171 1686 1226; x_wconf 83' lang='lat' dir='ltr'><strong>harmonia</strong></span> <span class='ocrx_word' id='word_1_52' title='bbox 1704 1184 1770 1237; x_wconf 88' lang='lat' dir='ltr'><strong>opus</strong></span> <span class='ocrx_word' id='word_1_53' title='bbox 1786 1177 1869 1235; x_wconf 83' lang='lat' dir='ltr'><strong>estpm</strong></span> 
     </span>
     <span class='ocr_line' id='line_1_6' title="bbox 540 1244 1872 1317; baseline -0.002 -18"><span class='ocrx_word' id='word_1_54' title='bbox 540 1244 594 1299; x_wconf 82' lang='lat' dir='ltr'><strong>hac</strong></span> <span class='ocrx_word' id='word_1_55' title='bbox 609 1245 705 1313; x_wconf 80' lang='lat' dir='ltr'><strong>majori</strong></span> <span class='ocrx_word' id='word_1_56' title='bbox 723 1246 838 1300; x_wconf 90' lang='lat' dir='ltr'><strong>duorum</strong></span> <span class='ocrx_word' id='word_1_57' title='bbox 856 1245 1026 1314; x_wconf 77' lang='lat' dir='ltr'><strong>planetarum</strong></span> <span class='ocrx_word' id='word_1_58' title='bbox 1044 1247 1222 1316; x_wconf 65' lang='lat' dir='ltr'><strong>proportione</strong></span> <span class='ocrx_word' id='word_1_59' title='bbox 1239 1253 1374 1308; x_wconf 85' lang='lat' dir='ltr'><strong>motuum,</strong></span> <span class='ocrx_word' id='word_1_60' title='bbox 1401 1263 1451 1317; x_wconf 88' lang='lat' dir='ltr'><strong>per</strong></span> <span class='ocrx_word' id='word_1_61' title='bbox 1468 1249 1576 1306; x_wconf 74' lang='lat' dir='ltr'><strong>minna</strong></span> <span class='ocrx_word' id='word_1_62' title='bbox 1593 1251 1626 1317; x_wconf 89' lang='lat'><strong>1,</strong></span> <span class='ocrx_word' id='word_1_63' title='bbox 1653 1248 1702 1304; x_wconf 83' lang='lat' dir='ltr'><strong>illa</strong></span> <span class='ocrx_word' id='word_1_64' title='bbox 1728 1261 1778 1302; x_wconf 88' lang='lat' dir='ltr'><strong>ron</strong></span> <span class='ocrx_word' id='word_1_65' title='bbox 1794 1245 1872 1314; x_wconf 88' lang='lat' dir='ltr'><strong>poterit</strong></span> 
     </span>
     <span class='ocr_line' id='line_1_7' title="bbox 540 1323 1045 1397; baseline 0.002 -19"><span class='ocrx_word' id='word_1_66' title='bbox 540 1335 603 1378; x_wconf 86' lang='lat' dir='ltr'><strong>esse</strong></span> <span class='ocrx_word' id='word_1_67' title='bbox 619 1323 710 1377; x_wconf 89' lang='lat' dir='ltr'><strong>minor</strong></span> <span class='ocrx_word' id='word_1_68' title='bbox 728 1339 809 1394; x_wconf 87' lang='lat' dir='ltr'><strong>quam</strong></span> <span class='ocrx_word' id='word_1_69' title='bbox 826 1325 901 1394; x_wconf 58' lang='lat' dir='ltr'><strong>”tm</strong></span> <span class='ocrx_word' id='word_1_70' title='bbox 918 1323 962 1379; x_wconf 89' lang='lat' dir='ltr'><strong>rel</strong></span> <span class='ocrx_word' id='word_1_71' title='bbox 981 1325 1045 1397; x_wconf 65' lang='lat' dir='ltr'><strong>&#39;&#39;irs-</strong></span> 
     </span>
     <span class='ocr_line' id='line_1_8' title="bbox 474 1404 1873 1486; baseline -0.001 -22"><span class='ocrx_word' id='word_1_72' title='bbox 474 1472 478 1478; x_wconf 47' lang='grc'><strong><em>,</em></strong></span> <span class='ocrx_word' id='word_1_73' title='bbox 627 1404 780 1468; x_wconf 86' lang='lat' dir='ltr'><strong>Hactenus</strong></span> <span class='ocrx_word' id='word_1_74' title='bbox 801 1410 892 1484; x_wconf 78' lang='lat' dir='ltr'><strong>igitur</strong></span> <span class='ocrx_word' id='word_1_75' title='bbox 913 1409 1049 1468; x_wconf 86' lang='lat' dir='ltr'><strong>omuibus</strong></span> <span class='ocrx_word' id='word_1_76' title='bbox 1072 1407 1194 1483; x_wconf 85' lang='lat' dir='ltr'><strong>reliquis</strong></span> <span class='ocrx_word' id='word_1_77' title='bbox 1210 1407 1392 1486; x_wconf 86' lang='lat' dir='ltr'><strong>planetarum</strong></span> <span class='ocrx_word' id='word_1_78' title='bbox 1416 1409 1493 1486; x_wconf 75' lang='lat' dir='ltr'><strong>bigis</strong></span> <span class='ocrx_word' id='word_1_79' title='bbox 1510 1409 1698 1470; x_wconf 80' lang='lat' dir='ltr'><strong>obvenerunt</strong></span> <span class='ocrx_word' id='word_1_80' title='bbox 1720 1423 1788 1467; x_wconf 86' lang='lat' dir='ltr'><strong>suae</strong></span> <span class='ocrx_word' id='word_1_81' title='bbox 1807 1408 1873 1464; x_wconf 85' lang='lat' dir='ltr'><strong>binae</strong></span> 
     </span>
     <span class='ocr_line' id='line_1_9' title="bbox 540 1489 1874 1574; baseline -0.001 -23"><span class='ocrx_word' id='word_1_82' title='bbox 540 1493 711 1554; x_wconf 89' lang='lat' dir='ltr'><strong>harmoniae</strong></span> <span class='ocrx_word' id='word_1_83' title='bbox 743 1489 909 1554; x_wconf 88' lang='lat' dir='ltr'><strong>rationibus</strong></span> <span class='ocrx_word' id='word_1_84' title='bbox 936 1497 1129 1570; x_wconf 78' lang='lat' dir='ltr'><strong>necessariis3</strong></span> <span class='ocrx_word' id='word_1_85' title='bbox 1163 1493 1228 1554; x_wconf 88' lang='lat' dir='ltr'><strong>sola</strong></span> <span class='ocrx_word' id='word_1_86' title='bbox 1242 1501 1246 1514; x_wconf 83' lang='grc'><strong>”</strong></span> <span class='ocrx_word' id='word_1_87' title='bbox 1262 1497 1333 1574; x_wconf 77' lang='lat' dir='ltr'><strong>biga</strong></span> <span class='ocrx_word' id='word_1_88' title='bbox 1362 1494 1490 1554; x_wconf 79' lang='lat' dir='ltr'>Telluris</span> <span class='ocrx_word' id='word_1_89' title='bbox 1520 1503 1550 1555; x_wconf 90' lang='lat' dir='ltr'><strong>ct</strong></span> <span class='ocrx_word' id='word_1_90' title='bbox 1578 1496 1707 1556; x_wconf 87' lang='lat' dir='ltr'><strong>Veneris</strong></span> <span class='ocrx_word' id='word_1_91' title='bbox 1735 1493 1874 1554; x_wconf 73' lang='lat' dir='ltr'>adhucdum</span> 
     </span>
     <span class='ocr_line' id='line_1_10' title="bbox 536 1579 1873 1666; baseline -0.003 -26"><span class='ocrx_word' id='word_1_92' title='bbox 536 1598 630 1640; x_wconf 69' lang='lat' dir='ltr'><strong>,uuam</strong></span> <span class='ocrx_word' id='word_1_93' title='bbox 658 1581 755 1666; x_wconf 82' lang='lat' dir='ltr'><strong>solam</strong></span> <span class='ocrx_word' id='word_1_94' title='bbox 785 1581 968 1640; x_wconf 75' lang='lat' dir='ltr'><strong>harmoniam</strong></span> <span class='ocrx_word' id='word_1_95' title='bbox 991 1579 1031 1664; x_wconf 69' lang='lat'><strong>⁶3</strong></span> <span class='ocrx_word' id='word_1_96' title='bbox 1058 1599 1112 1658; x_wconf 91' lang='lat' dir='ltr'><strong>per</strong></span> <span class='ocrx_word' id='word_1_97' title='bbox 1142 1585 1291 1642; x_wconf 79' lang='lat' dir='ltr'><strong>axiomata</strong></span> <span class='ocrx_word' id='word_1_98' title='bbox 1321 1582 1379 1642; x_wconf 92' lang='lat' dir='ltr'><strong>hnc</strong></span> <span class='ocrx_word' id='word_1_99' title='bbox 1410 1599 1505 1660; x_wconf 86' lang='lat' dir='ltr'><strong>usque</strong></span> <span class='ocrx_word' id='word_1_100' title='bbox 1535 1591 1679 1660; x_wconf 91' lang='lat' dir='ltr'><strong>usurpata</strong></span> <span class='ocrx_word' id='word_1_101' title='bbox 1710 1585 1809 1641; x_wconf 87' lang='lat' dir='ltr'><strong>sortita</strong></span> <span class='ocrx_word' id='word_1_102' title='bbox 1827 1581 1873 1638; x_wconf 89' lang='lat' dir='ltr'><strong>luit</strong></span> 
     </span>
     <span class='ocr_line' id='line_1_11' title="bbox 538 1667 1873 1748; baseline -0.001 -20"><span class='ocrx_word' id='word_1_103' title='bbox 538 1667 696 1746; x_wconf 78' lang='lat' dir='ltr'><strong>Reliquam</strong></span> <span class='ocrx_word' id='word_1_104' title='bbox 719 1671 807 1746; x_wconf 78' lang='lat' dir='ltr'><strong>igitur</strong></span> <span class='ocrx_word' id='word_1_105' title='bbox 829 1669 893 1748; x_wconf 74' lang='lat' dir='ltr'><strong>eius</strong></span> <span class='ocrx_word' id='word_1_106' title='bbox 910 1669 1102 1741; x_wconf 84' lang='lat' dir='ltr'><strong>harmoniam,</strong></span> <span class='ocrx_word' id='word_1_107' title='bbox 1127 1669 1268 1744; x_wconf 87' lang='lat' dir='ltr'><strong>majorem</strong></span> <span class='ocrx_word' id='word_1_108' title='bbox 1295 1687 1337 1732; x_wconf 84' lang='lat' dir='ltr'><strong>sc.</strong></span> <span class='ocrx_word' id='word_1_109' title='bbox 1360 1681 1413 1730; x_wconf 87' lang='lat' dir='ltr'><strong>seu</strong></span> <span class='ocrx_word' id='word_1_110' title='bbox 1437 1677 1569 1730; x_wconf 90' lang='lat' dir='ltr'><strong>motuum</strong></span> <span class='ocrx_word' id='word_1_111' title='bbox 1593 1669 1812 1746; x_wconf 85' lang='lat' dir='ltr'><strong>divergeutium,</strong></span> <span class='ocrx_word' id='word_1_112' title='bbox 1829 1669 1873 1742; x_wconf 88' lang='lat' dir='ltr'><strong>jau</strong></span> 
     </span>
     <span class='ocr_line' id='line_1_12' title="bbox 538 1755 1221 1834; baseline 0.001 -19"><span class='ocrx_word' id='word_1_113' title='bbox 538 1773 626 1832; x_wconf 86' lang='lat' dir='ltr'><strong>porro</strong></span> <span class='ocrx_word' id='word_1_114' title='bbox 649 1773 729 1816; x_wconf 85' lang='lat' dir='ltr'><strong>noso</strong></span> <span class='ocrx_word' id='word_1_115' title='bbox 753 1757 837 1816; x_wconf 88' lang='lat' dir='ltr'><strong>initio</strong></span> <span class='ocrx_word' id='word_1_116' title='bbox 860 1755 939 1831; x_wconf 82' lang='lat' dir='ltr'><strong>lacto</strong></span> <span class='ocrx_word' id='word_1_117' title='bbox 960 1757 1172 1834; x_wconf 81' lang='lat' dir='ltr'><strong>perquiremus.</strong></span> <span class='ocrx_word' id='word_1_118' title='bbox 1219 1769 1221 1776; x_wconf 85' lang='lat'>·</span> 
     </span>
    </p>
   </div>
   <div class='ocr_carea' id='block_1_3' title="bbox 978 1911 1490 2004">
    <p class='ocr_par' dir='ltr' id='par_1_3' title="bbox 978 1911 1490 2004">
     <span class='ocr_line' id='line_1_13' title="bbox 978 1911 1490 2004; baseline 0 -32"><span class='ocrx_word' id='word_1_119' title='bbox 978 1911 1222 1975; x_wconf 72' lang='lat' dir='ltr'><strong>Posteriores</strong></span> <span class='ocrx_word' id='word_1_120' title='bbox 1244 1911 1459 1976; x_wconf 85' lang='lat' dir='ltr'><strong>Rationes.</strong></span> <span class='ocrx_word' id='word_1_121' title='bbox 1485 1995 1490 2004; x_wconf 30' lang='grc' dir='ltr'>ι</span> 
     </span>
    </p>
   </div>
   <div class='ocr_carea' id='block_1_4' title="bbox 540 2005 1875 2280">
    <p class='ocr_par' dir='ltr' id='par_1_4' title="bbox 540 2005 1875 2280">
     <span class='ocr_line' id='line_1_14' title="bbox 628 2005 1875 2112; baseline -0.002 -19"><span class='ocrx_word' id='word_1_122' title='bbox 628 2034 786 2093; x_wconf 82' lang='lat' dir='ltr'><strong>Axioma</strong></span> <span class='ocrx_word' id='word_1_123' title='bbox 808 2005 928 2092; x_wconf 78' lang='lat' dir='ltr'><strong>xviii,</strong></span> <span class='ocrx_word' id='word_1_124' title='bbox 974 2031 1156 2094; x_wconf 80' lang='lat' dir='ltr'><strong>Harmoniae</strong></span> <span class='ocrx_word' id='word_1_125' title='bbox 1178 2041 1311 2095; x_wconf 87' lang='lat' dir='ltr'><strong>motuum</strong></span> <span class='ocrx_word' id='word_1_126' title='bbox 1334 2035 1517 2096; x_wconf 87' lang='lat' dir='ltr'><strong>universales</strong></span> <span class='ocrx_word' id='word_1_127' title='bbox 1540 2037 1809 2112; x_wconf 80' lang='lat' dir='ltr'><strong>contemperatione</strong></span> <span class='ocrx_word' id='word_1_128' title='bbox 1828 2051 1875 2091; x_wconf 90' lang='lat' dir='ltr'><strong>mo·</strong></span> 
     </span>
     <span class='ocr_line' id='line_1_15' title="bbox 540 2119 1652 2202; baseline 0.004 -23"><span class='ocrx_word' id='word_1_129' title='bbox 540 2125 624 2179; x_wconf 89' lang='lat' dir='ltr'><strong>tuum</strong></span> <span class='ocrx_word' id='word_1_130' title='bbox 646 2139 699 2198; x_wconf 81' lang='lat' dir='ltr'><strong>sex</strong></span> <span class='ocrx_word' id='word_1_131' title='bbox 722 2119 944 2180; x_wconf 69' lang='lat' dir='ltr'><strong>constituendae</strong></span> <span class='ocrx_word' id='word_1_132' title='bbox 966 2121 1093 2195; x_wconf 88' lang='lat' dir='ltr'><strong>inerunt,</strong></span> <span class='ocrx_word' id='word_1_133' title='bbox 1116 2124 1276 2199; x_wconf 90' lang='lat' dir='ltr'><strong>praecipuo</strong></span> <span class='ocrx_word' id='word_1_134' title='bbox 1299 2141 1352 2202; x_wconf 89' lang='lat' dir='ltr'><strong>per</strong></span> <span class='ocrx_word' id='word_1_135' title='bbox 1374 2133 1521 2184; x_wconf 88' lang='lat' dir='ltr'><strong>extremos</strong></span> <span class='ocrx_word' id='word_1_136' title='bbox 1543 2131 1652 2184; x_wconf 88' lang='lat' dir='ltr'><strong>motus.</strong></span> 
     </span>
     <span class='ocr_line' id='line_1_16' title="bbox 627 2207 1193 2280; baseline 0.002 -16"><span class='ocrx_word' id='word_1_137' title='bbox 627 2209 764 2268; x_wconf 80' lang='lat' dir='ltr'><strong>Probatur</strong></span> <span class='ocrx_word' id='word_1_138' title='bbox 781 2225 831 2280; x_wconf 89' lang='lat' dir='ltr'><strong>per</strong></span> <span class='ocrx_word' id='word_1_139' title='bbox 848 2210 957 2266; x_wconf 86' lang='lat' dir='ltr'><strong>axioma</strong></span> <span class='ocrx_word' id='word_1_140' title='bbox 977 2213 1002 2265; x_wconf 91' lang='lat' dir='ltr'><strong>l.</strong></span> <span class='ocrx_word' id='word_1_141' title='bbox 1191 2207 1193 2212; x_wconf 74' lang='grc'><em>’</em></span> 
     </span>
    </p>
   </div>
   <div class='ocr_carea' id='block_1_5' title="bbox 540 2289 1878 2470">
    <p class='ocr_par' dir='ltr' id='par_1_5' title="bbox 540 2289 1878 2470">
     <span class='ocr_line' id='line_1_17' title="bbox 628 2289 1878 2381; baseline -0.002 -19"><span class='ocrx_word' id='word_1_142' title='bbox 628 2305 787 2364; x_wconf 81' lang='lat' dir='ltr'><strong>Axiuma</strong></span> <span class='ocrx_word' id='word_1_143' title='bbox 809 2301 900 2362; x_wconf 77' lang='lat' dir='ltr'>XIX.</span> <span class='ocrx_word' id='word_1_144' title='bbox 944 2301 1126 2363; x_wconf 88' lang='lat' dir='ltr'><strong>Harmoniae</strong></span> <span class='ocrx_word' id='word_1_145' title='bbox 1143 2289 1324 2366; x_wconf 77' lang='lat' dir='ltr'><strong>uuive‘rsales</strong></span> <span class='ocrx_word' id='word_1_146' title='bbox 1347 2323 1398 2381; x_wconf 90' lang='lat' dir='ltr'><strong>per</strong></span> <span class='ocrx_word' id='word_1_147' title='bbox 1414 2295 1545 2381; x_wconf 83' lang='lat' dir='ltr'><strong>aliqiram</strong></span> <span class='ocrx_word' id='word_1_148' title='bbox 1560 2312 1693 2364; x_wconf 89' lang='lat' dir='ltr'><strong>motuum</strong></span> <span class='ocrx_word' id='word_1_149' title='bbox 1718 2303 1878 2364; x_wconf 83' lang='lat' dir='ltr'><strong>latitudinem</strong></span> 
     </span>
     <span class='ocr_line' id='line_1_18' title="bbox 540 2389 1707 2470; baseline 0 -19"><span class='ocrx_word' id='word_1_150' title='bbox 540 2389 662 2452; x_wconf 88' lang='lat' dir='ltr'><strong>eaedem</strong></span> <span class='ocrx_word' id='word_1_151' title='bbox 684 2394 851 2470; x_wconf 70' lang='lat' dir='ltr'><strong>contingere</strong></span> <span class='ocrx_word' id='word_1_152' title='bbox 875 2390 1056 2461; x_wconf 72' lang='lat' dir='ltr'><strong>debueruutr</strong></span> <span class='ocrx_word' id='word_1_153' title='bbox 1080 2391 1193 2452; x_wconf 87' lang='lat' dir='ltr'><strong>seilicet</strong></span> <span class='ocrx_word' id='word_1_154' title='bbox 1216 2401 1249 2450; x_wconf 93' lang='lat' dir='ltr'><strong>ut</strong></span> <span class='ocrx_word' id='word_1_155' title='bbox 1272 2401 1354 2452; x_wconf 87' lang='lat' dir='ltr'><strong>tauto</strong></span> <span class='ocrx_word' id='word_1_156' title='bbox 1378 2393 1507 2452; x_wconf 86' lang='lat' dir='ltr'><strong>crebrius</strong></span> <span class='ocrx_word' id='word_1_157' title='bbox 1529 2391 1707 2458; x_wconf 83' lang='lat' dir='ltr'><strong>acciderent,</strong></span> 
     </span>
    </p>
   </div>
   <div class='ocr_carea' id='block_1_6' title="bbox 539 2481 1878 2640">
    <p class='ocr_par' dir='ltr' id='par_1_6' title="bbox 539 2481 1878 2640">
     <span class='ocr_line' id='line_1_19' title="bbox 570 2481 1878 2554; baseline -0.003 -16"><span class='ocrx_word' id='word_1_158' title='bbox 570 2518 573 2524; x_wconf 75' lang='lat'><strong>,</strong></span> <span class='ocrx_word' id='word_1_159' title='bbox 627 2481 699 2538; x_wconf 85' lang='lat' dir='ltr'><strong>Nam</strong></span> <span class='ocrx_word' id='word_1_160' title='bbox 718 2481 741 2538; x_wconf 87' lang='lat' dir='ltr'><strong>si</strong></span> <span class='ocrx_word' id='word_1_161' title='bbox 759 2481 794 2536; x_wconf 91' lang='lat' dir='ltr'><strong>ad</strong></span> <span class='ocrx_word' id='word_1_162' title='bbox 812 2481 952 2537; x_wconf 80' lang='lat' dir='ltr'><strong>individua</strong></span> <span class='ocrx_word' id='word_1_163' title='bbox 977 2488 1083 2550; x_wconf 89' lang='lat' dir='ltr'><strong>puncta</strong></span> <span class='ocrx_word' id='word_1_164' title='bbox 1099 2489 1222 2538; x_wconf 87' lang='lat' dir='ltr'><strong>motuum</strong></span> <span class='ocrx_word' id='word_1_165' title='bbox 1241 2481 1359 2546; x_wconf 78' lang='lat' dir='ltr'><strong>luissent</strong></span> <span class='ocrx_word' id='word_1_166' title='bbox 1382 2481 1594 2551; x_wconf 85' lang='lat' dir='ltr'><strong>determinatae,</strong></span> <span class='ocrx_word' id='word_1_167' title='bbox 1621 2481 1682 2538; x_wconf 84' lang='lat' dir='ltr'><strong>heri</strong></span> <span class='ocrx_word' id='word_1_168' title='bbox 1700 2484 1840 2554; x_wconf 81' lang='lat' dir='ltr'><strong>potuisset,</strong></span> <span class='ocrx_word' id='word_1_169' title='bbox 1860 2489 1878 2534; x_wconf 91' lang='lat' dir='ltr'><strong>nt</strong></span> 
     </span>
     <span class='ocr_line' id='line_1_20' title="bbox 539 2560 1207 2640; baseline 0.004 -25"><span class='ocrx_word' id='word_1_170' title='bbox 539 2575 680 2640; x_wconf 83' lang='lat' dir='ltr'><strong>uunquam</strong></span> <span class='ocrx_word' id='word_1_171' title='bbox 696 2560 887 2630; x_wconf 71' lang='lat' dir='ltr'><strong>confingerent</strong></span> <span class='ocrx_word' id='word_1_172' title='bbox 904 2569 953 2617; x_wconf 84' lang='lat' dir='ltr'><strong>aut</strong></span> <span class='ocrx_word' id='word_1_173' title='bbox 968 2571 1044 2618; x_wconf 88' lang='lat' dir='ltr'><strong>certe</strong></span> <span class='ocrx_word' id='word_1_174' title='bbox 1061 2563 1207 2618; x_wconf 78' lang='lat' dir='ltr'><strong>rarissime.</strong></span> 
     </span>
    </p>
   </div>
   <div class='ocr_carea' id='block_1_7' title="bbox 539 2651 1879 3236">
    <p class='ocr_par' dir='ltr' id='par_1_7' title="bbox 539 2651 1877 2906">
     <span class='ocr_line' id='line_1_21' title="bbox 543 2651 1876 2732; baseline 0.001 -21"><span class='ocrx_word' id='word_1_175' title='bbox 543 2673 547 2676; x_wconf 90' lang='grc'><em>·</em></span> <span class='ocrx_word' id='word_1_176' title='bbox 630 2653 785 2711; x_wconf 78' lang='lat' dir='ltr'><strong>Axlcma</strong></span> <span class='ocrx_word' id='word_1_177' title='bbox 804 2651 883 2720; x_wconf 80' lang='lat' dir='ltr'><strong>XX.</strong></span> <span class='ocrx_word' id='word_1_178' title='bbox 928 2651 969 2713; x_wconf 93' lang='lat' dir='ltr'><strong>Ut</strong></span> <span class='ocrx_word' id='word_1_179' title='bbox 991 2662 1037 2713; x_wconf 90' lang='lat' dir='ltr'><strong>est</strong></span> <span class='ocrx_word' id='word_1_180' title='bbox 1057 2655 1277 2714; x_wconf 87' lang='lat' dir='ltr'><strong>naturalissima</strong></span> <span class='ocrx_word' id='word_1_181' title='bbox 1292 2655 1442 2714; x_wconf 87' lang='lat' dir='ltr'><strong>distinctio</strong></span> <span class='ocrx_word' id='word_1_182' title='bbox 1465 2673 1605 2732; x_wconf 73' lang='lat' dir='ltr'><strong>generum</strong></span> <span class='ocrx_word' id='word_1_183' title='bbox 1623 2654 1840 2715; x_wconf 81' lang='lat' dir='ltr'><strong>harmoniarum</strong></span> <span class='ocrx_word' id='word_1_184' title='bbox 1858 2653 1876 2706; x_wconf 79' lang='lat' dir='ltr'><strong>it</strong></span> 
     </span>
     <span class='ocr_line' id='line_1_22' title="bbox 541 2738 1877 2819; baseline -0.002 -21"><span class='ocrx_word' id='word_1_185' title='bbox 541 2738 645 2799; x_wconf 89' lang='lat' dir='ltr'><strong>durum</strong></span> <span class='ocrx_word' id='word_1_186' title='bbox 667 2749 698 2799; x_wconf 90' lang='lat' dir='ltr'><strong>et</strong></span> <span class='ocrx_word' id='word_1_187' title='bbox 719 2739 818 2812; x_wconf 87' lang='lat' dir='ltr'><strong>molle,</strong></span> <span class='ocrx_word' id='word_1_188' title='bbox 842 2748 875 2798; x_wconf 89' lang='lat' dir='ltr'><strong>ut</strong></span> <span class='ocrx_word' id='word_1_189' title='bbox 895 2739 972 2800; x_wconf 90' lang='lat' dir='ltr'><strong>libro</strong></span> <span class='ocrx_word' id='word_1_190' title='bbox 987 2741 1041 2803; x_wconf 90' lang='lat'>111.</span> <span class='ocrx_word' id='word_1_191' title='bbox 1066 2743 1231 2819; x_wconf 88' lang='lat' dir='ltr'><strong>probatum,</strong></span> <span class='ocrx_word' id='word_1_192' title='bbox 1255 2743 1298 2802; x_wconf 88' lang='lat' dir='ltr'><strong>sic</strong></span> <span class='ocrx_word' id='word_1_193' title='bbox 1321 2745 1473 2818; x_wconf 86' lang='lat' dir='ltr'><strong>utriusque</strong></span> <span class='ocrx_word' id='word_1_194' title='bbox 1497 2745 1613 2818; x_wconf 84' lang='lat' dir='ltr'><strong>generis</strong></span> <span class='ocrx_word' id='word_1_195' title='bbox 1636 2741 1810 2800; x_wconf 75' lang='lat' dir='ltr'><strong>hmmuniae</strong></span> <span class='ocrx_word' id='word_1_196' title='bbox 1829 2739 1877 2796; x_wconf 87' lang='lat' dir='ltr'><strong>uni·</strong></span> 
     </span>
     <span class='ocr_line' id='line_1_23' title="bbox 539 2826 1635 2906; baseline 0.001 -21"><span class='ocrx_word' id='word_1_197' title='bbox 539 2826 671 2888; x_wconf 69' lang='lat' dir='ltr'><strong>veredes</strong></span> <span class='ocrx_word' id='word_1_198' title='bbox 692 2826 893 2904; x_wconf 85' lang='lat' dir='ltr'><strong>procurandae</strong></span> <span class='ocrx_word' id='word_1_199' title='bbox 915 2828 1032 2888; x_wconf 80' lang='lat' dir='ltr'><strong>luerunt</strong></span> <span class='ocrx_word' id='word_1_200' title='bbox 1055 2831 1130 2888; x_wconf 87' lang='lat' dir='ltr'><strong>inter</strong></span> <span class='ocrx_word' id='word_1_201' title='bbox 1151 2829 1336 2906; x_wconf 88' lang='lat' dir='ltr'><strong>planetarum</strong></span> <span class='ocrx_word' id='word_1_202' title='bbox 1361 2837 1506 2889; x_wconf 88' lang='lat' dir='ltr'><strong>extremos</strong></span> <span class='ocrx_word' id='word_1_203' title='bbox 1529 2839 1635 2888; x_wconf 85' lang='lat' dir='ltr'><strong>motus.</strong></span> 
     </span>
    </p>

    <p class='ocr_par' dir='ltr' id='par_1_8' title="bbox 539 2913 1879 3170">
     <span class='ocr_line' id='line_1_24' title="bbox 627 2913 1879 2994; baseline -0.005 -21"><span class='ocrx_word' id='word_1_204' title='bbox 627 2914 787 2974; x_wconf 81' lang='lat' dir='ltr'><strong>Axioma</strong></span> <span class='ocrx_word' id='word_1_205' title='bbox 808 2913 899 2973; x_wconf 86' lang='lat' dir='ltr'>XXI.</span> <span class='ocrx_word' id='word_1_206' title='bbox 944 2915 1174 2974; x_wconf 78' lang='lat' dir='ltr'><strong>Hermoniacum</strong></span> <span class='ocrx_word' id='word_1_207' title='bbox 1197 2919 1349 2994; x_wconf 88' lang='lat' dir='ltr'><strong>utriusque</strong></span> <span class='ocrx_word' id='word_1_208' title='bbox 1378 2919 1494 2992; x_wconf 81' lang='lat' dir='ltr'><strong>generis</strong></span> <span class='ocrx_word' id='word_1_209' title='bbox 1518 2915 1653 2975; x_wconf 87' lang='lat' dir='ltr'><strong>diversae</strong></span> <span class='ocrx_word' id='word_1_210' title='bbox 1675 2916 1793 2992; x_wconf 88' lang='lat' dir='ltr'><strong>species</strong></span> <span class='ocrx_word' id='word_1_211' title='bbox 1815 2913 1879 2970; x_wconf 88' lang='lat' dir='ltr'><strong>irsti·</strong></span> 
     </span>
     <span class='ocr_line' id='line_1_25' title="bbox 539 2997 1879 3081; baseline -0.005 -19"><span class='ocrx_word' id='word_1_212' title='bbox 539 2997 805 3081; x_wconf 75' lang='lat' dir='ltr'><strong>tuendaeiudrunt,</strong></span> <span class='ocrx_word' id='word_1_213' title='bbox 830 3010 863 3060; x_wconf 90' lang='lat' dir='ltr'><strong>ut</strong></span> <span class='ocrx_word' id='word_1_214' title='bbox 876 3000 1064 3078; x_wconf 83' lang='lat' dir='ltr'><strong>pulchritudo</strong></span> <span class='ocrx_word' id='word_1_215' title='bbox 1088 3001 1187 3064; x_wconf 91' lang='lat' dir='ltr'><strong>mundi</strong></span> <span class='ocrx_word' id='word_1_216' title='bbox 1204 3022 1239 3063; x_wconf 88' lang='lat' dir='ltr'><strong>ex</strong></span> <span class='ocrx_word' id='word_1_217' title='bbox 1255 3005 1391 3063; x_wconf 90' lang='lat' dir='ltr'><strong>omnibus</strong></span> <span class='ocrx_word' id='word_1_218' title='bbox 1414 3003 1606 3080; x_wconf 88' lang='lat' dir='ltr'><strong>possibilibus</strong></span> <span class='ocrx_word' id='word_1_219' title='bbox 1629 3001 1786 3062; x_wconf 76' lang='lat' dir='ltr'><strong>varietatis</strong></span> <span class='ocrx_word' id='word_1_220' title='bbox 1807 3015 1879 3058; x_wconf 87' lang='lat' dir='ltr'><strong>mem·</strong></span> 
     </span>
     <span class='ocr_line' id='line_1_26' title="bbox 539 3087 1629 3170; baseline -0.002 -20"><span class='ocrx_word' id='word_1_221' title='bbox 539 3091 600 3150; x_wconf 84' lang='lat' dir='ltr'><strong>bris</strong></span> <span class='ocrx_word' id='word_1_222' title='bbox 622 3091 861 3164; x_wconf 82' lang='lat' dir='ltr'><strong>concinnaretur;</strong></span> <span class='ocrx_word' id='word_1_223' title='bbox 883 3087 973 3165; x_wconf 91' lang='lat' dir='ltr'><strong>idque</strong></span> <span class='ocrx_word' id='word_1_224' title='bbox 995 3108 1048 3169; x_wconf 89' lang='lat' dir='ltr'><strong>per</strong></span> <span class='ocrx_word' id='word_1_225' title='bbox 1070 3099 1215 3152; x_wconf 87' lang='lat' dir='ltr'><strong>extremos</strong></span> <span class='ocrx_word' id='word_1_226' title='bbox 1238 3099 1351 3166; x_wconf 86' lang='lat' dir='ltr'><strong>motus,</strong></span> <span class='ocrx_word' id='word_1_227' title='bbox 1374 3090 1479 3151; x_wconf 89' lang='lat' dir='ltr'><strong>saltem</strong></span> <span class='ocrx_word' id='word_1_228' title='bbox 1502 3091 1629 3170; x_wconf 85' lang='lat' dir='ltr'><strong>aliquos.</strong></span> 
     </span>
    </p>

    <p class='ocr_par' dir='ltr' id='par_1_9' title="bbox 627 3181 850 3236">
     <span class='ocr_line' id='line_1_27' title="bbox 627 3181 850 3236; baseline -0.009 -1"><span class='ocrx_word' id='word_1_229' title='bbox 627 3181 681 3236; x_wconf 86' lang='lat' dir='ltr'><strong>Por</strong></span> <span class='ocrx_word' id='word_1_230' title='bbox 698 3181 807 3236; x_wconf 78' lang='lat' dir='ltr'><strong>axiotm</strong></span> <span class='ocrx_word' id='word_1_231' title='bbox 828 3183 850 3234; x_wconf 90' lang='lat' dir='ltr'><strong>t.</strong></span> 
     </span>
    </p>
   </div>
   <div class='ocr_carea' id='block_1_8' title="bbox 544 3269 1880 3437">
    <p class='ocr_par' dir='ltr' id='par_1_10' title="bbox 544 3269 1880 3437">
     <span class='ocr_line' id='line_1_28' title="bbox 587 3269 1880 3350; baseline -0.002 -22"><span class='ocrx_word' id='word_1_232' title='bbox 587 3322 590 3328; x_wconf 91' lang='grc'><em>,</em></span> <span class='ocrx_word' id='word_1_233' title='bbox 627 3274 856 3350; x_wconf 88' lang='lat' dir='ltr'><strong>Propositio</strong></span> <span class='ocrx_word' id='word_1_234' title='bbox 878 3271 984 3332; x_wconf 78' lang='lat' dir='ltr'><strong>xxm</strong></span> <span class='ocrx_word' id='word_1_235' title='bbox 1030 3273 1158 3332; x_wconf 83' lang='lat' dir='ltr'><strong>Extremi</strong></span> <span class='ocrx_word' id='word_1_236' title='bbox 1182 3271 1366 3350; x_wconf 74' lang='lat' dir='ltr'><strong>planetarum</strong></span> <span class='ocrx_word' id='word_1_237' title='bbox 1390 3280 1488 3332; x_wconf 88' lang='lat' dir='ltr'><strong>motus</strong></span> <span class='ocrx_word' id='word_1_238' title='bbox 1510 3275 1627 3350; x_wconf 79' lang='lat' dir='ltr'><strong>signare</strong></span> <span class='ocrx_word' id='word_1_239' title='bbox 1648 3271 1813 3334; x_wconf 82' lang='lat' dir='ltr'><strong>debuerunt</strong></span> <span class='ocrx_word' id='word_1_240' title='bbox 1831 3269 1880 3326; x_wconf 85' lang='lat' dir='ltr'><strong>loct</strong></span> 
     </span>
     <span class='ocr_line' id='line_1_29' title="bbox 544 3357 1596 3437; baseline 0.001 -18"><span class='ocrx_word' id='word_1_241' title='bbox 544 3375 599 3419; x_wconf 88' lang='lat' dir='ltr'><strong>sau</strong></span> <span class='ocrx_word' id='word_1_242' title='bbox 620 3360 745 3421; x_wconf 88' lang='lat' dir='ltr'><strong>chordas</strong></span> <span class='ocrx_word' id='word_1_243' title='bbox 768 3361 939 3437; x_wconf 84' lang='lat' dir='ltr'><strong>systematis</strong></span> <span class='ocrx_word' id='word_1_244' title='bbox 962 3357 1117 3435; x_wconf 90' lang='lat' dir='ltr'><strong>diapason,</strong></span> <span class='ocrx_word' id='word_1_245' title='bbox 1142 3358 1189 3418; x_wconf 87' lang='lat' dir='ltr'><strong>vel</strong></span> <span class='ocrx_word' id='word_1_246' title='bbox 1212 3359 1312 3422; x_wconf 82' lang='lat' dir='ltr'><strong>clares</strong></span> <span class='ocrx_word' id='word_1_247' title='bbox 1334 3360 1433 3422; x_wconf 82' lang='lat' dir='ltr'><strong>scaltm</strong></span> <span class='ocrx_word' id='word_1_248' title='bbox 1455 3363 1596 3420; x_wconf 88' lang='lat' dir='ltr'><strong>musicae.</strong></span> 
     </span>
    </p>
   </div>
   <div class='ocr_carea' id='block_1_9' title="bbox 540 3447 1880 3834">
    <p class='ocr_par' dir='ltr' id='par_1_11' title="bbox 540 3447 1880 3834">
     <span class='ocr_line' id='line_1_30' title="bbox 628 3447 1879 3522; baseline 0.002 -16"><span class='ocrx_word' id='word_1_249' title='bbox 628 3453 699 3507; x_wconf 81' lang='lat' dir='ltr'><strong>iiam</strong></span> <span class='ocrx_word' id='word_1_250' title='bbox 725 3457 802 3506; x_wconf 92' lang='lat' dir='ltr'><strong>ortus</strong></span> <span class='ocrx_word' id='word_1_251' title='bbox 829 3456 857 3504; x_wconf 90' lang='lat' dir='ltr'><strong>et</strong></span> <span class='ocrx_word' id='word_1_252' title='bbox 875 3449 1042 3518; x_wconf 83' lang='lat' dir='ltr'><strong>comparatio</strong></span> <span class='ocrx_word' id='word_1_253' title='bbox 1060 3449 1279 3522; x_wconf 85' lang='lat' dir='ltr'><strong>harmoniarum,</strong></span> <span class='ocrx_word' id='word_1_254' title='bbox 1306 3453 1474 3521; x_wconf 85' lang='lat' dir='ltr'><strong>incepturum</strong></span> <span class='ocrx_word' id='word_1_255' title='bbox 1493 3451 1528 3506; x_wconf 86' lang='lat' dir='ltr'><strong>ah</strong></span> <span class='ocrx_word' id='word_1_256' title='bbox 1547 3467 1601 3506; x_wconf 90' lang='lat' dir='ltr'><strong>uuo</strong></span> <span class='ocrx_word' id='word_1_257' title='bbox 1619 3452 1758 3506; x_wconf 89' lang='lat' dir='ltr'><strong>communi</strong></span> <span class='ocrx_word' id='word_1_258' title='bbox 1776 3447 1879 3507; x_wconf 83' lang='lat' dir='ltr'><strong>termino</strong></span> 
     </span>
     <span class='ocr_line' id='line_1_31' title="bbox 541 3525 1879 3604; baseline -0.006 -18"><span class='ocrx_word' id='word_1_259' title='bbox 541 3533 636 3604; x_wconf 72' lang='lat' dir='ltr'><strong>genuit</strong></span> <span class='ocrx_word' id='word_1_260' title='bbox 654 3527 755 3586; x_wconf 86' lang='lat' dir='ltr'><strong>scalam</strong></span> <span class='ocrx_word' id='word_1_261' title='bbox 773 3529 916 3597; x_wconf 88' lang='lat' dir='ltr'><strong>musicam,</strong></span> <span class='ocrx_word' id='word_1_262' title='bbox 939 3541 988 3582; x_wconf 86' lang='lat' dir='ltr'><strong>seu</strong></span> <span class='ocrx_word' id='word_1_263' title='bbox 1006 3528 1166 3583; x_wconf 79' lang='lat' dir='ltr'><strong>divisionem</strong></span> <span class='ocrx_word' id='word_1_264' title='bbox 1184 3529 1317 3598; x_wconf 85' lang='lat' dir='ltr'><strong>diapason</strong></span> <span class='ocrx_word' id='word_1_265' title='bbox 1335 3531 1363 3584; x_wconf 84' lang='lat' dir='ltr'><strong>iu</strong></span> <span class='ocrx_word' id='word_1_266' title='bbox 1382 3545 1432 3584; x_wconf 89' lang='lat' dir='ltr'><strong>sua</strong></span> <span class='ocrx_word' id='word_1_267' title='bbox 1450 3530 1510 3584; x_wconf 91' lang='lat' dir='ltr'><strong>loca</strong></span> <span class='ocrx_word' id='word_1_268' title='bbox 1527 3529 1570 3584; x_wconf 85' lang='lat' dir='ltr'><strong>sel</strong></span> <span class='ocrx_word' id='word_1_269' title='bbox 1588 3541 1684 3598; x_wconf 88' lang='lat' dir='ltr'><strong>sonos,</strong></span> <span class='ocrx_word' id='word_1_270' title='bbox 1711 3537 1743 3584; x_wconf 83' lang='lat' dir='ltr'><strong>at</strong></span> <span class='ocrx_word' id='word_1_271' title='bbox 1762 3529 1828 3584; x_wconf 92' lang='lat' dir='ltr'><strong>lihro</strong></span> <span class='ocrx_word' id='word_1_272' title='bbox 1844 3525 1879 3580; x_wconf 93' lang='lat' dir='ltr'><strong>lll.</strong></span> 
     </span>
     <span class='ocr_line' id='line_1_32' title="bbox 540 3607 1880 3680; baseline -0.005 -17"><span class='ocrx_word' id='word_1_273' title='bbox 540 3611 694 3680; x_wconf 85' lang='lat' dir='ltr'><strong>probatum.</strong></span> <span class='ocrx_word' id='word_1_274' title='bbox 732 3607 800 3677; x_wconf 86' lang='lat' dir='ltr'><strong>Cum</strong></span> <span class='ocrx_word' id='word_1_275' title='bbox 817 3607 900 3675; x_wconf 75' lang='lat' dir='ltr'><strong>igitur</strong></span> <span class='ocrx_word' id='word_1_276' title='bbox 916 3607 1093 3675; x_wconf 75' lang='lat' dir='ltr'><strong>requirantur</strong></span> <span class='ocrx_word' id='word_1_277' title='bbox 1110 3607 1267 3664; x_wconf 86' lang='lat' dir='ltr'><strong>harmoniae</strong></span> <span class='ocrx_word' id='word_1_278' title='bbox 1285 3609 1357 3662; x_wconf 90' lang='lat' dir='ltr'><strong>iuter</strong></span> <span class='ocrx_word' id='word_1_279' title='bbox 1374 3615 1496 3662; x_wconf 85' lang='lat' dir='ltr'><strong>motuum</strong></span> <span class='ocrx_word' id='word_1_280' title='bbox 1514 3607 1761 3674; x_wconf 71' lang='lat' dir='ltr'><strong>extremumue,</strong></span> <span class='ocrx_word' id='word_1_281' title='bbox 1787 3622 1833 3676; x_wconf 88' lang='lat' dir='ltr'><strong>per</strong></span> <span class='ocrx_word' id='word_1_282' title='bbox 1848 3619 1880 3656; x_wconf 87' lang='lat' dir='ltr'><strong>tx.</strong></span> 
     </span>
     <span class='ocr_line' id='line_1_33' title="bbox 541 3683 1880 3758; baseline -0.006 -14"><span class='ocrx_word' id='word_1_283' title='bbox 541 3691 557 3744; x_wconf 94' lang='lat'>1</span> <span class='ocrx_word' id='word_1_284' title='bbox 577 3697 605 3744; x_wconf 91' lang='lat' dir='ltr'><strong>et</strong></span> <span class='ocrx_word' id='word_1_285' title='bbox 621 3689 656 3744; x_wconf 88' lang='grc'><strong>20</strong></span> <span class='ocrx_word' id='word_1_286' title='bbox 674 3695 702 3743; x_wconf 88' lang='lat' dir='ltr'><strong>et</strong></span> <span class='ocrx_word' id='word_1_287' title='bbox 719 3687 768 3742; x_wconf 78' lang='lat'><strong>21:</strong></span> <span class='ocrx_word' id='word_1_288' title='bbox 796 3701 881 3756; x_wconf 91' lang='lat' dir='ltr'><strong>quare</strong></span> <span class='ocrx_word' id='word_1_289' title='bbox 898 3684 1047 3754; x_wconf 84' lang='lat' dir='ltr'><strong>requiritur</strong></span> <span class='ocrx_word' id='word_1_290' title='bbox 1074 3687 1229 3758; x_wconf 65' lang='lat' dir='ltr'><strong>systematis</strong></span> <span class='ocrx_word' id='word_1_291' title='bbox 1256 3688 1371 3756; x_wconf 86' lang='lat' dir='ltr'><strong>alicujus</strong></span> <span class='ocrx_word' id='word_1_292' title='bbox 1398 3687 1526 3742; x_wconf 88' lang='lat' dir='ltr'><strong>coelestis</strong></span> <span class='ocrx_word' id='word_1_293' title='bbox 1545 3700 1595 3741; x_wconf 84' lang='lat' dir='ltr'><strong>reu</strong></span> <span class='ocrx_word' id='word_1_294' title='bbox 1613 3686 1705 3742; x_wconf 71' lang='lat' dir='ltr'><strong>scalm</strong></span> <span class='ocrx_word' id='word_1_295' title='bbox 1724 3683 1880 3741; x_wconf 85' lang='lat' dir='ltr'><strong>harmonicae</strong></span> 
     </span>
     <span class='ocr_line' id='line_1_34' title="bbox 540 3765 1135 3834; baseline -0.002 -12"><span class='ocrx_word' id='word_1_296' title='bbox 540 3766 623 3822; x_wconf 84' lang='lat' dir='ltr'><strong>realis</strong></span> <span class='ocrx_word' id='word_1_297' title='bbox 641 3765 779 3821; x_wconf 85' lang='lat' dir='ltr'><strong>distinctio</strong></span> <span class='ocrx_word' id='word_1_298' title='bbox 796 3778 847 3834; x_wconf 88' lang='lat' dir='ltr'><strong>por</strong></span> <span class='ocrx_word' id='word_1_299' title='bbox 864 3772 987 3818; x_wconf 83' lang='lat' dir='ltr'><strong>extrema</strong></span> <span class='ocrx_word' id='word_1_300' title='bbox 1002 3773 1135 3822; x_wconf 76' lang='lat' dir='ltr'><strong>mensum.</strong></span> 
     </span>
    </p>
   </div>
   <div class='ocr_carea' id='block_1_10' title="bbox 527 3855 1882 5296">
    <p class='ocr_par' dir='ltr' id='par_1_12' title="bbox 541 3855 1882 4116">
     <span class='ocr_line' id='line_1_35' title="bbox 627 3855 1882 3941; baseline -0.007 -22"><span class='ocrx_word' id='word_1_301' title='bbox 627 3858 846 3934; x_wconf 89' lang='lat' dir='ltr'><strong>Propositio</strong></span> <span class='ocrx_word' id='word_1_302' title='bbox 875 3855 998 3917; x_wconf 84' lang='lat' dir='ltr'><strong>xxm.</strong></span> <span class='ocrx_word' id='word_1_303' title='bbox 1056 3855 1194 3935; x_wconf 88' lang='lat' dir='ltr'><strong>Oportuit</strong></span> <span class='ocrx_word' id='word_1_304' title='bbox 1226 3876 1291 3920; x_wconf 88' lang='lat' dir='ltr'><strong>esse</strong></span> <span class='ocrx_word' id='word_1_305' title='bbox 1321 3876 1409 3938; x_wconf 83' lang='lat' dir='ltr'><strong>unam</strong></span> <span class='ocrx_word' id='word_1_306' title='bbox 1439 3859 1539 3936; x_wconf 78' lang='lat' dir='ltr'><strong>bigam</strong></span> <span class='ocrx_word' id='word_1_307' title='bbox 1579 3856 1782 3941; x_wconf 83' lang='lat' dir='ltr'><strong>planetarum,</strong></span> <span class='ocrx_word' id='word_1_308' title='bbox 1823 3855 1882 3910; x_wconf 83' lang='lat' dir='ltr'><strong>iuter</strong></span> 
     </span>
     <span class='ocr_line' id='line_1_36' title="bbox 541 3941 1880 4028; baseline -0.007 -22"><span class='ocrx_word' id='word_1_309' title='bbox 541 3947 626 4024; x_wconf 89' lang='lat' dir='ltr'><strong>cujus</strong></span> <span class='ocrx_word' id='word_1_310' title='bbox 648 3955 746 4008; x_wconf 89' lang='lat' dir='ltr'><strong>metus</strong></span> <span class='ocrx_word' id='word_1_311' title='bbox 768 3943 868 4004; x_wconf 91' lang='lat' dir='ltr'><strong>nullae</strong></span> <span class='ocrx_word' id='word_1_312' title='bbox 892 3950 1012 4024; x_wconf 88' lang='lat' dir='ltr'><strong>possent</strong></span> <span class='ocrx_word' id='word_1_313' title='bbox 1034 3947 1170 4006; x_wconf 80' lang='lat' dir='ltr'><strong>existere</strong></span> <span class='ocrx_word' id='word_1_314' title='bbox 1183 3945 1368 4022; x_wconf 85' lang='lat' dir='ltr'><strong>harmoniae,</strong></span> <span class='ocrx_word' id='word_1_315' title='bbox 1391 3955 1507 4024; x_wconf 89' lang='lat' dir='ltr'><strong>practer</strong></span> <span class='ocrx_word' id='word_1_316' title='bbox 1530 3943 1610 4028; x_wconf 68' lang='lat' dir='ltr'><strong>duas</strong></span> <span class='ocrx_word' id='word_1_317' title='bbox 1622 3949 1735 4022; x_wconf 64' lang='lat' dir='ltr'><strong>&#39;sextas</strong></span> <span class='ocrx_word' id='word_1_318' title='bbox 1758 3941 1880 4018; x_wconf 87' lang='lat' dir='ltr'><strong>majorem</strong></span> 
     </span>
     <span class='ocr_line' id='line_1_37' title="bbox 543 4027 867 4116; baseline -0.022 -20"><span class='ocrx_word' id='word_1_319' title='bbox 543 4029 581 4116; x_wconf 65' lang='lat'><strong>³1,</strong></span> <span class='ocrx_word' id='word_1_320' title='bbox 603 4042 634 4096; x_wconf 90' lang='lat' dir='ltr'><strong>et</strong></span> <span class='ocrx_word' id='word_1_321' title='bbox 655 4036 797 4094; x_wconf 89' lang='lat' dir='ltr'><strong>minorem</strong></span> <span class='ocrx_word' id='word_1_322' title='bbox 818 4027 867 4113; x_wconf 64' lang='grc' dir='ltr'><strong>ὁ1,.</strong></span> 
     </span>
    </p>

    <p class='ocr_par' dir='ltr' id='par_1_13' title="bbox 527 4119 1881 5296">
     <span class='ocr_line' id='line_1_38' title="bbox 629 4119 1879 4194; baseline -0.005 -14"><span class='ocrx_word' id='word_1_323' title='bbox 629 4125 698 4182; x_wconf 81' lang='lat' dir='ltr'><strong>dum</strong></span> <span class='ocrx_word' id='word_1_324' title='bbox 724 4124 795 4180; x_wconf 90' lang='lat' dir='ltr'><strong>euim</strong></span> <span class='ocrx_word' id='word_1_325' title='bbox 822 4130 897 4178; x_wconf 89' lang='lat' dir='ltr'><strong>esset</strong></span> <span class='ocrx_word' id='word_1_326' title='bbox 922 4121 1077 4186; x_wconf 85' lang='lat' dir='ltr'><strong>necessaria</strong></span> <span class='ocrx_word' id='word_1_327' title='bbox 1105 4121 1242 4180; x_wconf 85' lang='lat' dir='ltr'><strong>distinctio</strong></span> <span class='ocrx_word' id='word_1_328' title='bbox 1271 4139 1400 4194; x_wconf 77' lang='lat' dir='ltr'><strong>genuum</strong></span> <span class='ocrx_word' id='word_1_329' title='bbox 1418 4121 1634 4188; x_wconf 69' lang='lat' dir='ltr'><strong>harmoniarum,</strong></span> <span class='ocrx_word' id='word_1_330' title='bbox 1660 4137 1713 4194; x_wconf 92' lang='lat' dir='ltr'><strong>per</strong></span> <span class='ocrx_word' id='word_1_331' title='bbox 1729 4123 1833 4180; x_wconf 83' lang='lat' dir='ltr'><strong>axioma</strong></span> <span class='ocrx_word' id='word_1_332' title='bbox 1848 4119 1879 4175; x_wconf 74' lang='lat' dir='ltr'><strong>iti</strong></span> 
     </span>
     <span class='ocr_line' id='line_1_39' title="bbox 539 4197 1880 4274; baseline -0.005 -15"><span class='ocrx_word' id='word_1_333' title='bbox 539 4197 622 4274; x_wconf 80' lang='lat' dir='ltr'><strong>idque</strong></span> <span class='ocrx_word' id='word_1_334' title='bbox 639 4221 690 4274; x_wconf 89' lang='lat' dir='ltr'><strong>per</strong></span> <span class='ocrx_word' id='word_1_335' title='bbox 706 4211 829 4258; x_wconf 89' lang='lat' dir='ltr'><strong>motuum</strong></span> <span class='ocrx_word' id='word_1_336' title='bbox 847 4210 970 4256; x_wconf 88' lang='lat' dir='ltr'><strong>extrema</strong></span> <span class='ocrx_word' id='word_1_337' title='bbox 987 4201 1015 4254; x_wconf 91' lang='lat' dir='ltr'><strong>iu</strong></span> <span class='ocrx_word' id='word_1_338' title='bbox 1034 4199 1182 4271; x_wconf 84' lang='lat' dir='ltr'><strong>apsidibus,</strong></span> <span class='ocrx_word' id='word_1_339' title='bbox 1210 4218 1260 4270; x_wconf 86' lang='lat' dir='ltr'><strong>per</strong></span> <span class='ocrx_word' id='word_1_340' title='bbox 1277 4201 1320 4270; x_wconf 83' lang='lat'><strong>22,</strong></span> <span class='ocrx_word' id='word_1_341' title='bbox 1348 4203 1412 4272; x_wconf 82' lang='lat' dir='ltr'><strong>quia</strong></span> <span class='ocrx_word' id='word_1_342' title='bbox 1431 4201 1491 4258; x_wconf 86' lang='lat' dir='ltr'><strong>sola</strong></span> <span class='ocrx_word' id='word_1_343' title='bbox 1509 4209 1639 4266; x_wconf 81' lang='lat' dir='ltr'><strong>extrema,</strong></span> <span class='ocrx_word' id='word_1_344' title='bbox 1656 4201 1827 4259; x_wconf 83' lang='lat' dir='ltr'><strong>tardissimus</strong></span> <span class='ocrx_word' id='word_1_345' title='bbox 1843 4197 1880 4254; x_wconf 82' lang='lat' dir='ltr'><strong>sci·</strong></span> 
     </span>
     <span class='ocr_line' id='line_1_40' title="bbox 539 4279 1880 4351; baseline -0.007 -13"><span class='ocrx_word' id='word_1_346' title='bbox 539 4284 606 4340; x_wconf 87' lang='lat' dir='ltr'><strong>licat</strong></span> <span class='ocrx_word' id='word_1_347' title='bbox 616 4288 645 4338; x_wconf 93' lang='lat' dir='ltr'><strong>et</strong></span> <span class='ocrx_word' id='word_1_348' title='bbox 655 4281 850 4348; x_wconf 84' lang='lat' dir='ltr'><strong>velocissimus,</strong></span> <span class='ocrx_word' id='word_1_349' title='bbox 867 4279 991 4350; x_wconf 77' lang='lat' dir='ltr'><strong>indigent</strong></span> <span class='ocrx_word' id='word_1_350' title='bbox 1008 4279 1164 4336; x_wconf 86' lang='lat' dir='ltr'><strong>delinitione</strong></span> <span class='ocrx_word' id='word_1_351' title='bbox 1176 4281 1349 4350; x_wconf 85' lang='lat' dir='ltr'><strong>procurantis</strong></span> <span class='ocrx_word' id='word_1_352' title='bbox 1362 4287 1390 4336; x_wconf 92' lang='lat' dir='ltr'><strong>et</strong></span> <span class='ocrx_word' id='word_1_353' title='bbox 1402 4280 1561 4351; x_wconf 88' lang='lat' dir='ltr'><strong>ordinantis,</strong></span> <span class='ocrx_word' id='word_1_354' title='bbox 1574 4281 1750 4348; x_wconf 85' lang='lat' dir='ltr'><strong>intermediae</strong></span> <span class='ocrx_word' id='word_1_355' title='bbox 1762 4279 1880 4338; x_wconf 85' lang='lat' dir='ltr'><strong>tensiones</strong></span> 
     </span>
     <span class='ocr_line' id='line_1_41' title="bbox 541 4357 1880 4432; baseline -0.001 -16"><span class='ocrx_word' id='word_1_356' title='bbox 541 4361 706 4432; x_wconf 85' lang='lat' dir='ltr'><strong>proveniunt</strong></span> <span class='ocrx_word' id='word_1_357' title='bbox 722 4359 795 4414; x_wconf 90' lang='lat' dir='ltr'><strong>ultro</strong></span> <span class='ocrx_word' id='word_1_358' title='bbox 813 4375 875 4413; x_wconf 92' lang='lat' dir='ltr'><strong>cum</strong></span> <span class='ocrx_word' id='word_1_359' title='bbox 891 4359 952 4428; x_wconf 92' lang='lat' dir='ltr'><strong>ipso</strong></span> <span class='ocrx_word' id='word_1_360' title='bbox 972 4359 1088 4413; x_wconf 80' lang='lat' dir='ltr'><strong>hausitu</strong></span> <span class='ocrx_word' id='word_1_361' title='bbox 1106 4359 1232 4428; x_wconf 85' lang='lat' dir='ltr'><strong>planetae</strong></span> <span class='ocrx_word' id='word_1_362' title='bbox 1259 4375 1276 4418; x_wconf 85' lang='lat' dir='ltr'><strong>t</strong></span> <span class='ocrx_word' id='word_1_363' title='bbox 1293 4359 1447 4415; x_wconf 87' lang='lat' dir='ltr'><strong>tardissimo</strong></span> <span class='ocrx_word' id='word_1_364' title='bbox 1471 4369 1548 4420; x_wconf 91' lang='lat' dir='ltr'><strong>motu</strong></span> <span class='ocrx_word' id='word_1_365' title='bbox 1566 4359 1601 4416; x_wconf 89' lang='lat' dir='ltr'><strong>ad</strong></span> <span class='ocrx_word' id='word_1_366' title='bbox 1619 4357 1817 4416; x_wconf 82' lang='lat' dir='ltr'><strong>velocissimum</strong></span> <span class='ocrx_word' id='word_1_367' title='bbox 1835 4357 1880 4414; x_wconf 83' lang='lat' dir='ltr'><strong>sint</strong></span> 
     </span>
     <span class='ocr_line' id='line_1_42' title="bbox 541 4435 1880 4512; baseline -0.004 -16"><span class='ocrx_word' id='word_1_368' title='bbox 541 4439 673 4510; x_wconf 84' lang='lat' dir='ltr'><strong>peculiari</strong></span> <span class='ocrx_word' id='word_1_369' title='bbox 691 4452 768 4494; x_wconf 84' lang='lat' dir='ltr'><strong>cura:</strong></span> <span class='ocrx_word' id='word_1_370' title='bbox 794 4437 864 4490; x_wconf 87' lang='lat' dir='ltr'><strong>haec</strong></span> <span class='ocrx_word' id='word_1_371' title='bbox 888 4436 971 4506; x_wconf 72' lang='lat' dir='ltr'><strong>igitur</strong></span> <span class='ocrx_word' id='word_1_372' title='bbox 990 4437 1124 4492; x_wconf 83' lang='lat' dir='ltr'><strong>ordinatio</strong></span> <span class='ocrx_word' id='word_1_373' title='bbox 1138 4435 1222 4493; x_wconf 87' lang='lat' dir='ltr'><strong>&#39;aliter</strong></span> <span class='ocrx_word' id='word_1_374' title='bbox 1240 4437 1298 4494; x_wconf 85' lang='lat' dir='ltr'><strong>deri</strong></span> <span class='ocrx_word' id='word_1_375' title='bbox 1323 4455 1378 4494; x_wconf 89' lang='lat' dir='ltr'><strong>uon</strong></span> <span class='ocrx_word' id='word_1_376' title='bbox 1400 4437 1505 4510; x_wconf 89' lang='lat' dir='ltr'><strong>potuit,</strong></span> <span class='ocrx_word' id='word_1_377' title='bbox 1533 4441 1599 4512; x_wconf 88' lang='lat' dir='ltr'><strong>quin</strong></span> <span class='ocrx_word' id='word_1_378' title='bbox 1617 4437 1746 4494; x_wconf 89' lang='lat' dir='ltr'><strong>extremis</strong></span> <span class='ocrx_word' id='word_1_379' title='bbox 1773 4437 1880 4494; x_wconf 82' lang='lat' dir='ltr'><strong>binorum</strong></span> 
     </span>
     <span class='ocr_line' id='line_1_43' title="bbox 541 4509 1880 4590; baseline -0.002 -16"><span class='ocrx_word' id='word_1_380' title='bbox 541 4526 665 4574; x_wconf 90' lang='lat' dir='ltr'><strong>motuum</strong></span> <span class='ocrx_word' id='word_1_381' title='bbox 690 4515 901 4586; x_wconf 86' lang='lat' dir='ltr'><strong>planetariorum</strong></span> <span class='ocrx_word' id='word_1_382' title='bbox 920 4515 1003 4571; x_wconf 88' lang='lat' dir='ltr'><strong>diesis</strong></span> <span class='ocrx_word' id='word_1_383' title='bbox 1030 4533 1080 4571; x_wconf 89' lang='lat' dir='ltr'><strong>seu</strong></span> <span class='ocrx_word' id='word_1_384' title='bbox 1099 4517 1154 4588; x_wconf 59' lang='lat' dir='ltr'><strong>’‘l„</strong></span> <span class='ocrx_word' id='word_1_385' title='bbox 1174 4509 1379 4586; x_wconf 73' lang='lat' dir='ltr'><strong>designaretur,</strong></span> <span class='ocrx_word' id='word_1_386' title='bbox 1406 4533 1439 4573; x_wconf 91' lang='lat' dir='ltr'><strong>co</strong></span> <span class='ocrx_word' id='word_1_387' title='bbox 1466 4519 1540 4589; x_wconf 87' lang='lat' dir='ltr'><strong>quod</strong></span> <span class='ocrx_word' id='word_1_388' title='bbox 1567 4533 1670 4590; x_wconf 79' lang='lat' dir='ltr'><strong>genera</strong></span> <span class='ocrx_word' id='word_1_389' title='bbox 1695 4517 1880 4573; x_wconf 73' lang='lat' dir='ltr'><strong>harmoniarum</strong></span> 
     </span>
     <span class='ocr_line' id='line_1_44' title="bbox 527 4589 1881 4670; baseline -0.006 -18"><span class='ocrx_word' id='word_1_390' title='bbox 527 4596 612 4652; x_wconf 85' lang='lat' dir='ltr'><strong>diesi</strong></span> <span class='ocrx_word' id='word_1_391' title='bbox 629 4596 838 4665; x_wconf 71' lang='lat' dir='ltr'><strong>disdnguautur,</strong></span> <span class='ocrx_word' id='word_1_392' title='bbox 853 4609 903 4662; x_wconf 92' lang='lat' dir='ltr'><strong>per</strong></span> <span class='ocrx_word' id='word_1_393' title='bbox 921 4609 962 4664; x_wconf 88' lang='lat' dir='ltr'><strong>ea,</strong></span> <span class='ocrx_word' id='word_1_394' title='bbox 981 4609 1051 4664; x_wconf 88' lang='lat' dir='ltr'><strong>quae</strong></span> <span class='ocrx_word' id='word_1_395' title='bbox 1069 4595 1137 4650; x_wconf 89' lang='lat' dir='ltr'><strong>libro</strong></span> <span class='ocrx_word' id='word_1_396' title='bbox 1156 4595 1206 4650; x_wconf 89' lang='lat'>111.</span> <span class='ocrx_word' id='word_1_397' title='bbox 1224 4601 1288 4649; x_wconf 87' lang='lat' dir='ltr'><strong>sunt</strong></span> <span class='ocrx_word' id='word_1_398' title='bbox 1307 4595 1452 4666; x_wconf 87' lang='lat' dir='ltr'><strong>explicata.</strong></span> <span class='ocrx_word' id='word_1_399' title='bbox 1482 4597 1566 4666; x_wconf 80' lang='lat' dir='ltr'><strong>Atqui</strong></span> <span class='ocrx_word' id='word_1_400' title='bbox 1585 4597 1667 4652; x_wconf 89' lang='lat' dir='ltr'><strong>diesis</strong></span> <span class='ocrx_word' id='word_1_401' title='bbox 1685 4603 1728 4650; x_wconf 87' lang='lat' dir='ltr'><strong>est</strong></span> <span class='ocrx_word' id='word_1_402' title='bbox 1747 4589 1881 4670; x_wconf 79' lang='lat' dir='ltr'><strong>differentis</strong></span> 
     </span>
     <span class='ocr_line' id='line_1_45' title="bbox 541 4670 1879 4745; baseline -0.005 -15"><span class='ocrx_word' id='word_1_403' title='bbox 541 4675 585 4730; x_wconf 85' lang='lat' dir='ltr'><strong>sel</strong></span> <span class='ocrx_word' id='word_1_404' title='bbox 604 4675 718 4730; x_wconf 88' lang='lat' dir='ltr'><strong>duarum</strong></span> <span class='ocrx_word' id='word_1_405' title='bbox 735 4671 886 4740; x_wconf 80' lang='lat' dir='ltr'><strong>tertiarum,</strong></span> <span class='ocrx_word' id='word_1_406' title='bbox 904 4670 937 4740; x_wconf 65' lang='lat'><strong>⁴),</strong></span> <span class='ocrx_word' id='word_1_407' title='bbox 955 4679 983 4726; x_wconf 88' lang='lat' dir='ltr'><strong>et</strong></span> <span class='ocrx_word' id='word_1_408' title='bbox 1002 4671 1049 4745; x_wconf 70' lang='lat'><strong>⁵1„</strong></span> <span class='ocrx_word' id='word_1_409' title='bbox 1069 4671 1110 4726; x_wconf 87' lang='lat' dir='ltr'><strong>rel</strong></span> <span class='ocrx_word' id='word_1_410' title='bbox 1131 4671 1244 4728; x_wconf 90' lang='lat' dir='ltr'><strong>duarum</strong></span> <span class='ocrx_word' id='word_1_411' title='bbox 1263 4679 1401 4728; x_wconf 77' lang='lat' dir='ltr'><strong>tertarum</strong></span> <span class='ocrx_word' id='word_1_412' title='bbox 1419 4672 1453 4741; x_wconf 71' lang='lat' dir='ltr'><strong>il„</strong></span> <span class='ocrx_word' id='word_1_413' title='bbox 1471 4681 1499 4728; x_wconf 90' lang='lat' dir='ltr'><strong>et</strong></span> <span class='ocrx_word' id='word_1_414' title='bbox 1518 4675 1563 4744; x_wconf 64' lang='lat' dir='ltr'><strong>il„</strong></span> <span class='ocrx_word' id='word_1_415' title='bbox 1587 4673 1631 4728; x_wconf 85' lang='lat' dir='ltr'><strong>vel</strong></span> <span class='ocrx_word' id='word_1_416' title='bbox 1649 4675 1794 4730; x_wconf 88' lang='lat' dir='ltr'><strong>earundem</strong></span> <span class='ocrx_word' id='word_1_417' title='bbox 1811 4673 1879 4726; x_wconf 87' lang='lat' dir='ltr'><strong>ahm-</strong></span> 
     </span>
     <span class='ocr_line' id='line_1_46' title="bbox 543 4749 1879 4824; baseline -0.007 -14"><span class='ocrx_word' id='word_1_418' title='bbox 543 4755 664 4810; x_wconf 87' lang='lat' dir='ltr'><strong>dantium</strong></span> <span class='ocrx_word' id='word_1_419' title='bbox 682 4769 737 4808; x_wconf 89' lang='lat' dir='ltr'><strong>uno</strong></span> <span class='ocrx_word' id='word_1_420' title='bbox 755 4752 798 4806; x_wconf 88' lang='lat' dir='ltr'><strong>vel</strong></span> <span class='ocrx_word' id='word_1_421' title='bbox 815 4749 938 4822; x_wconf 89' lang='lat' dir='ltr'><strong>pluribus</strong></span> <span class='ocrx_word' id='word_1_422' title='bbox 957 4751 1090 4819; x_wconf 86' lang='lat' dir='ltr'><strong>diapason</strong></span> <span class='ocrx_word' id='word_1_423' title='bbox 1107 4751 1264 4808; x_wconf 83' lang='lat' dir='ltr'><strong>intervallis.</strong></span> <span class='ocrx_word' id='word_1_424' title='bbox 1297 4751 1375 4805; x_wconf 81' lang='lat' dir='ltr'><strong>Duae</strong></span> <span class='ocrx_word' id='word_1_425' title='bbox 1393 4765 1457 4807; x_wconf 86' lang='lat' dir='ltr'><strong>vero</strong></span> <span class='ocrx_word' id='word_1_426' title='bbox 1475 4753 1573 4808; x_wconf 84' lang='lat' dir='ltr'><strong>tertiae</strong></span> <span class='ocrx_word' id='word_1_427' title='bbox 1591 4753 1624 4822; x_wconf 66' lang='grc' dir='ltr'><strong>Ἰ,</strong></span> <span class='ocrx_word' id='word_1_428' title='bbox 1643 4761 1671 4807; x_wconf 91' lang='lat' dir='ltr'><strong>et</strong></span> <span class='ocrx_word' id='word_1_429' title='bbox 1690 4755 1723 4824; x_wconf 69' lang='lat'><strong>⁵1,</strong></span> <span class='ocrx_word' id='word_1_430' title='bbox 1741 4769 1793 4808; x_wconf 92' lang='lat' dir='ltr'><strong>nou</strong></span> <span class='ocrx_word' id='word_1_431' title='bbox 1811 4749 1879 4804; x_wconf 89' lang='lat' dir='ltr'><strong>hahu-</strong></span> 
     </span>
     <span class='ocr_line' id='line_1_47' title="bbox 543 4827 1879 4900; baseline -0.006 -12"><span class='ocrx_word' id='word_1_432' title='bbox 543 4839 623 4888; x_wconf 89' lang='lat' dir='ltr'><strong>erunt</strong></span> <span class='ocrx_word' id='word_1_433' title='bbox 639 4833 728 4888; x_wconf 90' lang='lat' dir='ltr'><strong>locum</strong></span> <span class='ocrx_word' id='word_1_434' title='bbox 746 4831 818 4886; x_wconf 89' lang='lat' dir='ltr'><strong>inter</strong></span> <span class='ocrx_word' id='word_1_435' title='bbox 834 4828 913 4886; x_wconf 86' lang='lat' dir='ltr'><strong>binos</strong></span> <span class='ocrx_word' id='word_1_436' title='bbox 931 4827 1066 4898; x_wconf 85' lang='lat' dir='ltr'><strong>planetas,</strong></span> <span class='ocrx_word' id='word_1_437' title='bbox 1083 4845 1133 4898; x_wconf 91' lang='lat' dir='ltr'><strong>per</strong></span> <span class='ocrx_word' id='word_1_438' title='bbox 1145 4847 1221 4900; x_wconf 92' lang='lat' dir='ltr'><strong>prop.</strong></span> <span class='ocrx_word' id='word_1_439' title='bbox 1238 4831 1262 4895; x_wconf 86' lang='grc'><strong>6,</strong></span> <span class='ocrx_word' id='word_1_440' title='bbox 1281 4831 1329 4889; x_wconf 86' lang='lat' dir='ltr'><strong>ssd</strong></span> <span class='ocrx_word' id='word_1_441' title='bbox 1342 4845 1431 4900; x_wconf 90' lang='lat' dir='ltr'><strong>neque</strong></span> <span class='ocrx_word' id='word_1_442' title='bbox 1448 4831 1546 4886; x_wconf 84' lang='lat' dir='ltr'><strong>tertiae</strong></span> <span class='ocrx_word' id='word_1_443' title='bbox 1558 4832 1601 4888; x_wconf 87' lang='lat' dir='ltr'><strong>rel</strong></span> <span class='ocrx_word' id='word_1_444' title='bbox 1619 4839 1715 4888; x_wconf 87' lang='lat' dir='ltr'><strong>sextae</strong></span> <span class='ocrx_word' id='word_1_445' title='bbox 1727 4829 1879 4888; x_wconf 84' lang='lat' dir='ltr'><strong>abundantes</strong></span> 
     </span>
     <span class='ocr_line' id='line_1_48' title="bbox 542 4904 1878 4985; baseline 0.001 -18"><span class='ocrx_word' id='word_1_446' title='bbox 542 4911 685 4968; x_wconf 85' lang='lat' dir='ltr'><strong>iuterraho</strong></span> <span class='ocrx_word' id='word_1_447' title='bbox 704 4910 837 4985; x_wconf 85' lang='lat' dir='ltr'><strong>diapason</strong></span> <span class='ocrx_word' id='word_1_448' title='bbox 854 4908 960 4977; x_wconf 86' lang='lat' dir='ltr'><strong>uspiam</strong></span> <span class='ocrx_word' id='word_1_449' title='bbox 978 4909 1106 4965; x_wconf 82' lang='lat' dir='ltr'><strong>mseutae</strong></span> <span class='ocrx_word' id='word_1_450' title='bbox 1124 4917 1195 4978; x_wconf 71' lang='lat' dir='ltr'><strong>sunt</strong></span> <span class='ocrx_word' id='word_1_451' title='bbox 1214 4915 1404 4980; x_wconf 83' lang='lat' dir='ltr'><strong>praeterquam</strong></span> <span class='ocrx_word' id='word_1_452' title='bbox 1423 4907 1470 4978; x_wconf 63' lang='lat' dir='ltr'><strong>il„</strong></span> <span class='ocrx_word' id='word_1_453' title='bbox 1486 4911 1514 4966; x_wconf 90' lang='lat' dir='ltr'><strong>in</strong></span> <span class='ocrx_word' id='word_1_454' title='bbox 1532 4913 1595 4981; x_wconf 77' lang='lat' dir='ltr'><strong>biga</strong></span> <span class='ocrx_word' id='word_1_455' title='bbox 1612 4905 1709 4968; x_wconf 81' lang='lat' dir='ltr'><strong>Mortis</strong></span> <span class='ocrx_word' id='word_1_456' title='bbox 1727 4917 1756 4966; x_wconf 88' lang='lat' dir='ltr'><strong>et</strong></span> <span class='ocrx_word' id='word_1_457' title='bbox 1767 4904 1878 4968; x_wconf 72' lang='lat' dir='ltr'><strong>Telluris</strong></span> 
     </span>
     <span class='ocr_line' id='line_1_49' title="bbox 541 4981 1879 5059; baseline -0.001 -13"><span class='ocrx_word' id='word_1_458' title='bbox 541 4999 740 5059; x_wconf 77' lang='lat' dir='ltr'><strong>nequeuntem</strong></span> <span class='ocrx_word' id='word_1_459' title='bbox 757 4989 805 5043; x_wconf 90' lang='lat' dir='ltr'><strong>illa</strong></span> <span class='ocrx_word' id='word_1_460' title='bbox 823 4987 916 5054; x_wconf 87' lang='lat' dir='ltr'><strong>aliter,</strong></span> <span class='ocrx_word' id='word_1_461' title='bbox 943 4988 997 5043; x_wconf 93' lang='lat' dir='ltr'><strong>uisi</strong></span> <span class='ocrx_word' id='word_1_462' title='bbox 1014 5005 1075 5044; x_wconf 90' lang='lat' dir='ltr'><strong>cum</strong></span> <span class='ocrx_word' id='word_1_463' title='bbox 1094 4989 1168 5043; x_wconf 85' lang='lat' dir='ltr'><strong>socia</strong></span> <span class='ocrx_word' id='word_1_464' title='bbox 1188 4989 1232 5058; x_wconf 67' lang='lat' dir='ltr'><strong>ll„</strong></span> <span class='ocrx_word' id='word_1_465' title='bbox 1260 4989 1352 5057; x_wconf 88' lang='lat' dir='ltr'><strong>itaque</strong></span> <span class='ocrx_word' id='word_1_466' title='bbox 1371 4987 1453 5042; x_wconf 91' lang='lat' dir='ltr'><strong>etiam</strong></span> <span class='ocrx_word' id='word_1_467' title='bbox 1475 4987 1651 5046; x_wconf 88' lang='lat' dir='ltr'><strong>intermediae</strong></span> <span class='ocrx_word' id='word_1_468' title='bbox 1670 4985 1703 5056; x_wconf 62' lang='lat' dir='ltr'><strong>ll,</strong></span> <span class='ocrx_word' id='word_1_469' title='bbox 1722 4997 1750 5044; x_wconf 88' lang='lat' dir='ltr'><strong>et</strong></span> <span class='ocrx_word' id='word_1_470' title='bbox 1769 4985 1798 5056; x_wconf 68' lang='grc' dir='ltr'><strong>Ἰ,</strong></span> <span class='ocrx_word' id='word_1_471' title='bbox 1816 4991 1840 5038; x_wconf 75' lang='lat' dir='ltr'><strong>ei</strong></span> <span class='ocrx_word' id='word_1_472' title='bbox 1857 4981 1879 5044; x_wconf 66' lang='lat' dir='ltr'><strong>¹l¹2</strong></span> 
     </span>
     <span class='ocr_line' id='line_1_50' title="bbox 541 5061 1877 5138; baseline 0 -15"><span class='ocrx_word' id='word_1_473' title='bbox 541 5067 621 5136; x_wconf 85' lang='lat' dir='ltr'><strong>juxta</strong></span> <span class='ocrx_word' id='word_1_474' title='bbox 638 5067 857 5126; x_wconf 82' lang='lat' dir='ltr'><strong>admittebantur.</strong></span> <span class='ocrx_word' id='word_1_475' title='bbox 894 5068 971 5138; x_wconf 75' lang='lat' dir='ltr'><strong>Ergo</strong></span> <span class='ocrx_word' id='word_1_476' title='bbox 990 5067 1164 5138; x_wconf 87' lang='lat' dir='ltr'><strong>relinquitur,</strong></span> <span class='ocrx_word' id='word_1_477' title='bbox 1183 5074 1213 5122; x_wconf 90' lang='lat' dir='ltr'><strong>ut</strong></span> <span class='ocrx_word' id='word_1_478' title='bbox 1231 5067 1337 5122; x_wconf 89' lang='lat' dir='ltr'><strong>dandae</strong></span> <span class='ocrx_word' id='word_1_479' title='bbox 1354 5065 1457 5137; x_wconf 82' lang='lat' dir='ltr'><strong>luerint¹</strong></span> <span class='ocrx_word' id='word_1_480' title='bbox 1475 5067 1521 5121; x_wconf 91' lang='lat' dir='ltr'><strong>uui</strong></span> <span class='ocrx_word' id='word_1_481' title='bbox 1539 5065 1712 5138; x_wconf 88' lang='lat' dir='ltr'><strong>planetarum</strong></span> <span class='ocrx_word' id='word_1_482' title='bbox 1729 5065 1806 5135; x_wconf 69' lang='lat' dir='ltr'><strong>bigae</strong></span> <span class='ocrx_word' id='word_1_483' title='bbox 1822 5061 1877 5116; x_wconf 63' lang='lat' dir='ltr'><strong>dlii</strong></span> 
     </span>
     <span class='ocr_line' id='line_1_51' title="bbox 544 5138 1876 5216; baseline -0.001 -15"><span class='ocrx_word' id='word_1_484' title='bbox 544 5152 648 5216; x_wconf 87' lang='lat' dir='ltr'><strong>sextae,</strong></span> <span class='ocrx_word' id='word_1_485' title='bbox 667 5147 700 5216; x_wconf 66' lang='grc' dir='ltr'><strong>Ἰὓ</strong></span> <span class='ocrx_word' id='word_1_486' title='bbox 719 5151 746 5200; x_wconf 90' lang='lat' dir='ltr'><strong>et</strong></span> <span class='ocrx_word' id='word_1_487' title='bbox 765 5146 809 5214; x_wconf 63' lang='lat' dir='ltr'><strong>il,</strong></span> <span class='ocrx_word' id='word_1_488' title='bbox 828 5145 884 5201; x_wconf 79' lang='lat' dir='ltr'><strong>Sed</strong></span> <span class='ocrx_word' id='word_1_489' title='bbox 902 5154 930 5202; x_wconf 88' lang='lat' dir='ltr'><strong>et</strong></span> <span class='ocrx_word' id='word_1_490' title='bbox 948 5138 1024 5202; x_wconf 76' lang='lat' dir='ltr'><strong>solue</strong></span> <span class='ocrx_word' id='word_1_491' title='bbox 1037 5155 1132 5202; x_wconf 87' lang='lat' dir='ltr'><strong>sextae</strong></span> <span class='ocrx_word' id='word_1_492' title='bbox 1143 5145 1285 5202; x_wconf 76' lang='lat' dir='ltr'><strong>namatioul</strong></span> <span class='ocrx_word' id='word_1_493' title='bbox 1304 5153 1426 5200; x_wconf 87' lang='lat' dir='ltr'><strong>motuum</strong></span> <span class='ocrx_word' id='word_1_494' title='bbox 1444 5145 1553 5202; x_wconf 87' lang='lat' dir='ltr'><strong>illorum</strong></span> <span class='ocrx_word' id='word_1_495' title='bbox 1571 5147 1760 5204; x_wconf 84' lang='lat' dir='ltr'><strong>concedendae</strong></span> <span class='ocrx_word' id='word_1_496' title='bbox 1777 5141 1876 5200; x_wconf 80' lang='lat' dir='ltr'><strong>ruerunt</strong></span> 
     </span>
     <span class='ocr_line' id='line_1_52' title="bbox 544 5220 1876 5296; baseline -0.002 -18"><span class='ocrx_word' id='word_1_497' title='bbox 544 5223 585 5278; x_wconf 87' lang='lat' dir='ltr'><strong>sic</strong></span> <span class='ocrx_word' id='word_1_498' title='bbox 602 5230 633 5280; x_wconf 89' lang='lat' dir='ltr'><strong>ut</strong></span> <span class='ocrx_word' id='word_1_499' title='bbox 649 5239 738 5295; x_wconf 86' lang='lat' dir='ltr'><strong>usque</strong></span> <span class='ocrx_word' id='word_1_500' title='bbox 754 5225 888 5281; x_wconf 83' lang='lat' dir='ltr'><strong>terminos</strong></span> <span class='ocrx_word' id='word_1_501' title='bbox 906 5222 1026 5282; x_wconf 76' lang='lat' dir='ltr'><strong>suos&#39;ad</strong></span> <span class='ocrx_word' id='word_1_502' title='bbox 1044 5223 1314 5295; x_wconf 81' lang='lat' dir='ltr'><strong>comprehensionem</strong></span> <span class='ocrx_word' id='word_1_503' title='bbox 1331 5223 1467 5282; x_wconf 81' lang='lat' dir='ltr'><strong>intervalli</strong></span> <span class='ocrx_word' id='word_1_504' title='bbox 1487 5225 1612 5296; x_wconf 84' lang='lat' dir='ltr'><strong>proxime</strong></span> <span class='ocrx_word' id='word_1_505' title='bbox 1628 5224 1739 5295; x_wconf 75' lang='lat' dir='ltr'><strong>maioris</strong></span> <span class='ocrx_word' id='word_1_506' title='bbox 1755 5220 1828 5278; x_wconf 85' lang='lat' dir='ltr'><strong>unlus</strong></span> <span class='ocrx_word' id='word_1_507' title='bbox 1842 5229 1876 5269; x_wconf 69' lang='lat' dir='ltr'><strong>tt</strong></span> 
     </span>
    </p>
   </div>
   <div class='ocr_carea' id='block_1_11' title="bbox 0 0 2126 6384">
    <p class='ocr_par' dir='ltr' id='par_1_14' title="bbox 0 0 2126 6384">
     <span class='ocr_line' id='line_1_53' title="bbox 0 0 2126 6384; baseline 0 0"><span class='ocrx_word' id='word_1_508' title='bbox 0 0 2126 6384; x_wconf 95' lang='lat' dir='ltr'><strong> </strong></span> 
     </span>
    </p>
   </div>
  </div>
 </body>
</html>
