4242 6384
516 756 577 820 tte
890 757 922 813 In
940 756 1159 813 Stereomemiam
1169 754 1310 812 Dolicrum
1326 717 1479 825 Appendia¹

510 928 586 985 nulla
603 928 656 985 alia
674 928 806 998 aequitum
834 936 882 985 aut
899 944 953 985 nou
973 928 1045 985 ultra
1062 930 1095 999 V,
1114 930 1178 999 qnia
1196 937 1260 1000 post
1275 929 1347 983 banc
1363 928 1461 983 iterum
1477 927 1612 998 incipiunt
1634 925 1670 980 ab
1685 926 1717 992 1,
1737 922 1828 990 dmiqnt

511 1024 543 1064 ac
561 1010 584 1065 ai
602 1010 663 1078 quis
681 1009 790 1074 diceret,
809 1010 946 1065 Teutonas
965 1010 999 1065 ad
1012 1008 1154 1065 duodecim
1165 1024 1251 1077 usque
1263 1007 1398 1079 progredi,
1418 1006 1549 1077 deceptas
1561 1004 1664 1061 voculis
1677 1002 1740 1066 eills,
1750 997 1827 1056 aridi.

598 1088 701 1156 Quodsi
720 1088 775 1141 ulla
799 1088 869 1142 sitae
897 1088 1082 1143 studiornmre
1108 1088 1257 1143 necomitas
1280 1088 1372 1157 potuit
1388 1087 1469 1148 aliam
1495 1087 1634 1155 imponere
1659 1080 1830 1153 progressionis

511 1164 624 1220 formam
641 1167 759 1221 humano
779 1168 878 1237 captui,
898 1168 987 1239 potuit
1005 1166 1032 1221 id
1050 1167 1223 1235 astronomia,
1241 1168 1276 1222 ob
1288 1176 1410 1222 motuum
1422 1165 1630 1239 perpetuitatem
1642 1160 1829 1217 amandatum

512 1250 626 1299 naturae
644 1244 754 1299 ductum
774 1244 808 1300 ad
827 1246 1043 1316 progressionem
1062 1245 1263 1315 duodenariam,
1281 1246 1452 1301 tricenariam
1459 1270 1471 1312 ,·
1491 1252 1539 1299 aut
1559 1244 1642 1297 etiam
1658 1237 1832 1295 commoditatis

512 1336 595 1377 causa
613 1324 640 1377 in
659 1325 841 1391 sexagenaria.
861 1325 944 1393 Atqui
964 1324 1093 1391 ridemus,
1111 1324 1163 1381 etsi
1181 1326 1385 1392 sexagenariam
1402 1322 1556 1379 nemenio
1573 1320 1694 1391 amplexi
1704 1319 1754 1373 sint
1766 1323 1833 1369 rouo

511 1400 592 1467 nomi,
612 1401 681 1456 hanc
699 1410 789 1457 tamen
809 1403 938 1473 explicari
957 1404 1010 1458 illis
1029 1420 1078 1475 per
1095 1403 1221 1459 usitatam
1245 1404 1398 1473 denariam,
1426 1402 1549 1457 Arabicis
1575 1396 1770 1455 characteribus
1789 1393 1834 1460 iffi

509 1478 606 1533 eximie
632 1479 786 1535 stabilitam.
823 1480 899 1537 Idem
923 1482 1004 1551 igitur
1021 1482 1178 1537 faciundum
1195 1484 1224 1538 ia
1242 1484 1395 1551 ocwuaria,
1420 1482 1443 1536 si
1459 1482 1576 1536 maxime
1593 1478 1741 1534 necessitas
1756 1472 1833 1540 aliqua

509 1556 636 1613 suaderet
653 1558 724 1614 bano
741 1558 920 1616 introducere.
955 1560 1041 1615 Plane
1059 1559 1148 1616 aliena
1170 1570 1213 1617 est
1240 1570 1372 1632 perpetua
1395 1560 1509 1617 bisemio
1532 1556 1679 1623 acbcmo,
1697 1568 1772 1623 qnam
1787 1551 1833 1603 ste

508 1638 586 1691 vinus
604 1636 662 1691 vult
679 1640 715 1701 qiu
734 1638 804 1705 512).
841 1638 974 1693 Denariae
993 1639 1190 1709 progressionis
1207 1640 1336 1697 nobilitas
1353 1643 1381 1695 in
1400 1642 1454 1696 boo
1471 1638 1607 1705 consistit,
1632 1632 1709 1704 quod
1724 1626 1834 1684 mirtbflss

508 1713 555 1771 illa
573 1718 796 1785 geometricorum
821 1718 924 1773 entium
947 1719 1006 1773 Deo
1033 1726 1239 1775 coaeternorum
1265 1721 1361 1791 politia
1386 1717 1531 1776 methodos
1556 1723 1697 1787 separatas
1722 1706 1835 1795 dividendi

510 1796 604 1854 circuli
622 1796 649 1851 iu
669 1796 799 1851 divisione
818 1796 928 1853 denaria
946 1798 1080 1853 terminat.
1116 1800 1206 1868 Prima
1228 1800 1297 1854 enim
1321 1804 1365 1854 eat
1389 1796 1561 1861 bisentionis,
1590 1810 1662 1865 quae
1684 1807 1733 1863 per
1749 1785 1834 1874 tutin·

508 1876 656 1929 rectionem
675 1882 702 1929 et
721 1875 930 1930 octosectionem
948 1876 976 1931 in
995 1876 1128 1932 infinitum
1146 1878 1284 1949 pervadit,
1311 1878 1399 1933 altera
1416 1876 1539 1932 senariae
1555 1883 1584 1928 et
1601 1890 1635 1927 ox
1653 1873 1707 1926 bac
1723 1876 1835 1950 arnardo

509 1955 645 2017 sectionis,
660 1954 745 2009 tertia
763 1952 897 2019 denariae,
917 1970 987 2024 quae
1005 1970 1054 2026 per
1077 1958 1298 2026 compositionem
1323 1968 1351 2013 et
1376 1956 1525 2029 quinariam
1557 1950 1710 2024 progignitr
1734 1960 1763 1999 ὅθ
1784 1944 1835 2012 iifl!

508 2032 631 2101 singulae
649 2032 788 2097 subnixae,
809 2032 931 2101 singulae
949 2050 1048 2087 novum
1067 2045 1236 2092 assumentes
1254 2038 1430 2107 principium,
1453 2036 1539 2107 prima
1555 2032 1642 2087 utitur
1658 2036 1835 2083 commem·

508 2114 582 2167 tione
600 2113 738 2183 potentiae
761 2111 876 2165 laterum
902 2112 929 2167 in
955 2113 1132 2181 morangulo,
1158 2116 1279 2171 secunda
1305 2116 1568 2171 commensuratione
1594 2112 1723 2182 ipsorum
1741 2104 1837 2157 Imm

506 2190 535 2245 i'n
547 2191 654 2261 trigono
673 2190 848 2259 aequilatero,
867 2192 949 2246 tertia
966 2194 1227 2248 commensuratione
1246 2195 1401 2265 potentialis
1414 2191 1598 2247 diminutionis
1617 2194 1644 2245 et
1662 2182 1776 2240 mirabili
1790 2194 1835 2248 ill

507 2269 641 2339 portione,
659 2270 749 2324 divina
766 2268 908 2339 appellata
945 2270 1023 2337 (Nam
1042 2271 1170 2339 trianguli
1188 2270 1409 2344 perpendiculum
1431 2277 1475 2327 est
1497 2267 1619 2336 effabile,
1638 2259 1772 2330 burgani
1787 2271 1835 2309 ¹⁸2⁰

507 2346 581 2403 latus
599 2356 627 2402 et
645 2347 813 2417 dodecagoni
831 2350 912 2415 area.)
1602 2370 1606 2377 ·
1829 2412 1834 2422 ¹

595 2426 730 2497 Equidem
748 2434 776 2481 et
793 2426 860 2481 alias
878 2442 976 2496 magna
993 2442 1053 2482 cunr
1068 2427 1240 2497 jucunditate
1257 2444 1351 2485 versor
1372 2430 1401 2485 in
1423 2428 1475 2483 bac
1492 2424 1587 2481 cabala
1604 2420 1778 2493 geometrice
1800 2412 1836 2502 ¹¹⁵}

506 2520 553 2560 res
571 2506 749 2575 geometricae
768 2512 895 2560 aeternae
914 2512 1066 2561 creatorum
1084 2514 1112 2561 et
1130 2506 1293 2562 caducorum
1310 2506 1549 2576 finnt-archetypa
1567 2510 1596 2559 et
1610 2503 1705 2557 iuboc
1721 2499 1835 2585 pneeat

506 2585 616 2653 negotio
635 2593 677 2647 (ne
697 2584 783 2639 sclam
802 2584 968 2639 Sobonarum
986 2584 1014 2637 iu
1033 2585 1144 2655 politica
1167 2586 1219 2642 hac
1242 2589 1401 2656 quaestione
1424 2584 1612 2658 philosophari
1633 2578 1739 2652 ρῑῒίῑῐ)
1762 2572 1836 2627 ”40⁰¹

509 2678 544 2717 ex
562 2665 614 2719 bac
632 2664 692 2735 ipsa
710 2664 858 2731 geometria
875 2663 941 2733 quid
958 2664 1017 2719 fieri
1036 2664 1135 2719 debeat
1152 2666 1338 2722 demonstrare
1356 2680 1445 2739 posse.
1770 2732 1777 2743 Ι
1812 2726 1818 2738 ,

593 2746 619 2813 1)
638 2740 786 2811 sexanguli
804 2742 942 2811 inscriptio
960 2742 988 2795 in
1007 2742 1138 2797 circulum
1154 2753 1344 2815 repraesentat
1360 2745 1438 2804 nobis
1451 2742 1653 2815 proportionem
1673 2734 1834 2807 aeqttlllfflb

506 2820 570 2893 quid
588 2823 660 2878 latus
678 2822 822 2891 sexanguli
840 2822 960 2891 aequalis
979 2828 1021 2877 est
1038 2822 1132 2891 radio,
1159 2826 1284 2892 etquis,
1304 2832 1335 2879 ut
1357 2823 1531 2893 aequalitatis
1548 2819 1691 2892 proportio
1708 2817 1776 2870 inm
1790 2819 1835 2861 stit

505 2902 645 2971 subsistit,
671 2916 721 2957 nec
744 2902 814 2955 enim
832 2909 937 2956 sermm
956 2900 1050 2957 circuli
1068 2920 1176 2958 rursum
1193 2905 1221 2959 iu
1238 2907 1254 2961 a
1273 2905 1437 2974 geometrice
1454 2902 1591 2967 diviseris,
1610 2895 1702 2967 nequ'e
1719 2897 1779 2965 port
1792 2901 1834 2970 ¹⁶¹?

504 2981 620 3050 iactam,
639 2981 711 3037 latus
729 2982 809 3037 ddtac
831 2980 915 3050 partie
940 2980 1032 3035 circuli
1056 2984 1298 3037 commensurabile
1316 2974 1358 3037 est
1377 2983 1410 3036 ad
1429 2983 1503 3037 latus
1522 2986 1617 3035 sertae
1634 2976 1693 3033 ullo
1711 2979 1793 3043 pacto·
1811 2965 1834 3020 2Ι

505 3060 641 3129 Biseotic,
669 3058 867 3128 quadrimoda,
888 3058 1060 3115 octaviseotio
1084 3060 1178 3115 circuli
1196 3062 1282 3131 gignit
1300 3063 1501 3133 proportionem
1518 3056 1682 3114 rationalem
1700 3051 1834 3107 conanum

504 3136 614 3208 duplam
641 3152 670 3191 re
689 3138 748 3208 ipsa
766 3146 794 3193 et
811 3138 839 3192 in
857 3139 989 3207 imagine,
1017 3154 1080 3193 nam
1107 3155 1177 3208 quae
1203 3150 1279 3195 recta
1305 3142 1435 3195 circulum
1461 3140 1548 3211 primo
1564 3137 1687 3196 biseoat,
1713 3128 1790 3198 dupla
1803 3127 1835 3175 0⁵²

507 3218 584 3283 radii,
605 3224 632 3271 et
650 3234 719 3287 qnae
739 3216 917 3285 quadriseoat,
936 3218 996 3285 ejus
1015 3220 1136 3289 potentia
1154 3219 1289 3290 subdupla
1315 3229 1357 3275 est
1383 3218 1522 3288 potentiae
1544 3212 1701 3272 biseoamia
1733 3208 1835 3269 cumque

504 3296 640 3352 dividatur
657 3296 773 3350 circulus
800 3310 848 3365 per
876 3296 946 3351 bano
971 3295 998 3350 in
1023 3296 1158 3352 inlinitum
1187 3298 1281 3353 eadem
1301 3298 1463 3365 geometrica
1482 3292 1729 3354 demonstratione,
1753 3286 1835 3373 ”2¹⁰

504 3390 555 3429 nos
573 3375 676 3429 moueri
694 3381 769 3445 puto,
795 3382 826 3429 at
842 3374 968 3441 vulgares
986 3382 1094 3431 nostras
1113 3377 1231 3431 unitates
1249 3376 1387 3442 [circulum
1406 3376 1476 3430 anim
1494 3374 1530 3429 ob
1548 3374 1616 3428 alias
1628 3384 1727 3425 murra
1739 3362 1835 3448 excell

504 3454 634 3507 continua
649 3453 800 3517 bisentione
818 3452 967 3507 dividamus
986 3462 1014 3508 et
1032 3454 1092 3524 ipsi,
1111 3470 1165 3523 qua
1183 3456 1212 3511 in
1229 3471 1259 3511 re
1277 3456 1416 3510 consentio
1429 3455 1550 3510 Sterinu
1586 3454 1611 3520 3)
1629 3448 1750 3509 bonade
1765 3450 1834 3497 “⁰¹¹⁰

503 3532 614 3587 inchoat
630 3532 737 3601 quidem
755 3532 957 3602 proportionem
976 3532 1113 3589 denariam
1137 3543 1165 3589 et
1188 3535 1356 3604 quinariam,
1383 3535 1540 3598 constitutis
1565 3530 1658 3587 circuli
1677 3525 1796 3610 parabus
1811 3521 1835 3573 ¹⁰

505 3618 533 3665 et
550 3614 576 3676 5,
595 3611 730 3680 etiamque
748 3611 775 3665 in
793 3610 918 3679 imagine,
938 3611 1046 3679 quando
1065 3614 1203 3681 potentiae
1219 3614 1334 3671 laterum
1353 3613 1450 3667 borum
1464 3613 1578 3681 junmae
1595 3609 1670 3663 varie
1690 3622 1740 3677 per
1756 3612 1833 3669 timu*

505 3690 574 3745 rium
592 3704 733 3744 numerum
753 3688 931 3759 explicantur.
967 3690 1005 3745 At
1023 3706 1078 3745 non
1097 3692 1184 3761 per'git
1202 3693 1321 3748 dividere
1339 3690 1468 3747 cuculum
1487 3690 1582 3747 eadem
1599 3684 1834 3759 proportionata

503 3770 573 3827 erilm
602 3768 763 3838 geometrice
781 3766 904 3822 didacus
923 3766 1052 3823 decimam
1071 3770 1099 3825 in
1117 3772 1185 3827 alias
1205 3775 1238 3829 10
1255 3780 1355 3843 partes.
1392 3772 1487 3841 ltaque
1512 3770 1541 3824 in
1565 3759 1781 3823 divisionensis
1796 3767 1832 3809 ⁵⁸¹¹

501 3848 614 3903 unitatis
632 3845 827 3915 repudiandam
846 3844 954 3901 Steriuo
973 3849 1093 3904 concedo
1111 3851 1313 3919 proportionem
1327 3850 1476 3905 denariam.

590 3924 702 3980 iuterim
720 3926 800 3979 aliam
817 3924 912 3979 rubam
930 3926 1052 3995 possidet
1070 3929 1264 3997 proprietatem
1288 3929 1317 3983 iu
1342 3930 1421 3983 lineis
1446 3930 1515 3984 haec
1540 3926 1631 3980 dirina
1652 3922 1746 3977 sectio.
1778 3915 1833 3970 Nm

504 4006 527 4061 si
545 4006 672 4061 continue
692 4003 775 4058 addas
794 4010 899 4072 partem
925 4006 1056 4073 majorem
1082 4008 1149 4075 toti,
1176 4015 1207 4061 ut
1232 4007 1303 4062 latus
1329 4007 1461 4077 decagoni
1486 4006 1563 4061 radio
1589 4002 1693 4072 circuli,
1717 4006 1744 4054 et
1767 3994 1832 4050 aban

502 4088 608 4143 radium
627 4084 793 4153 compositae
811 4097 845 4136 ex
863 4090 980 4150 auoque
999 4092 1026 4139 et
1044 4086 1084 4140 sic
1102 4094 1246 4157 perpetuo,
1274 4099 1381 4156 semper
1396 4082 1601 4141 manot'eadenr
1618 4078 1763 4151 proportio.
1794 4073 1832 4125 Htc

503 4166 595 4235 itaque
627 4162 713 4216 oritur
739 4160 818 4215 nobis
845 4176 952 4215 rursum
979 4166 1110 4219 coudnua
1134 4167 1272 4236 proportio
1291 4175 1319 4220 et
1335 4164 1499 4219 madonalis
1516 4163 1633 4230 ideoque
1651 4159 1769 4219 infinita,
1790 4165 1832 4206 1¹0¹t

504 4242 653 4309 divisionis,
672 4240 720 4295 sed
739 4239 921 4307 collectionis;
949 4258 1011 4296 nam
1035 4243 1130 4297 circuli
1155 4254 1248 4313 partes
1265 4245 1398 4298 notabant
1415 4251 1444 4296 et
1461 4243 1537 4314 prius
1559 4242 1718 4310 -fragmenta
1743 4232 1831 4319 diddo

505 4336 578 4389 num,
597 4320 669 4375 linea
686 4334 750 4374 vero
768 4325 827 4377 tota
845 4318 937 4385 aliqua
954 4320 1011 4373 sive
1030 4337 1115 4377 asam.
1151 4323 1284 4377 Jubemur
1301 4322 1383 4389 igitur
1407 4322 1434 4374 in
1453 4321 1564 4377 deumia
1582 4320 1757 4390 proportione
1772 4311 1831 4369 colb·

505 4416 568 4470 gere
587 4414 662 4454 asses
682 4414 730 4452 seu
748 4406 807 4451 tota
825 4404 852 4453 at
870 4404 933 4466 post
950 4401 985 4456 10
1003 4400 1105 4454 assium
1131 4401 1267 4455 cumulum
1295 4403 1329 4455 ad
1356 4401 1488 4455 unitatem
1512 4398 1617 4459 rodim,
1635 4397 1669 4450 -ci
1687 4412 1725 4451 sc
1743 4387 1831 4447 miralo

502 4480 571 4535 assis
590 4492 689 4533 nornen
706 4477 782 4546 dare;
803 4484 833 4531 ut
852 4478 989 4532 nostruin
1008 4478 1132 4546 imagine,
1152 4494 1222 4548 quae
1235 4486 1294 4535 tota
1306 4488 1372 4543 erat,
1390 4484 1521 4550 perpetuo
1535 4476 1619 4547 partis
1631 4475 1741 4544 maioris
1751 4484 1831 4527 nonen

501 4560 530 4615 iu
549 4561 684 4613 subeunte
702 4556 905 4627 propagationis
923 4564 985 4609 notu
1003 4557 1173 4612 nanciscitur.

587 4636 713 4690 Etiamne
726 4636 815 4689 dicere
828 4634 997 4704 audebimus,
1016 4636 1103 4705 ipsam
1117 4636 1227 4691 humaui
1246 4636 1368 4707 corporis
1386 4636 1629 4692 conformationem
1647 4632 1682 4688 ad
1696 4628 1831 4699 exemplant

502 4716 554 4771 boo
572 4713 772 4783 geometricum,
790 4712 854 4782 quia
872 4712 1088 4782 immaterietum,
1108 4716 1167 4769 sola
1184 4716 1289 4771 ratione
1307 4716 1451 4770 subnixum
1468 4714 1593 4783 adeoque
1609 4719 1761 4775 adernam,
1784 4716 1831 4790 05⁸5

501 4792 674 4849 institutum?
696 4790 803 4857 Digitus
821 4808 848 4847 u.
860 4793 897 4847 tO
909 4790 987 4846 datos
1001 4792 1035 4845 ad
1053 4792 1248 4847 numerandum
1266 4801 1294 4847 et
1312 4793 1491 4861 colligandum
1509 4808 1557 4861 per
1577 4792 1617 4859 10,
1635 4796 1730 4859 utpote
1746 4787 1831 4866 bonito

504 4870 668 4937 geometriae
687 4884 813 4939 capacem
832 4869 938 4937 futur0;
959 4885 1053 4925 manua
1072 4885 1136 4923 vero
1153 4870 1240 4936 binas,
1267 4879 1295 4924 et
1311 4871 1340 4926 in
1358 4871 1409 4926 bas
1428 4871 1599 4941 dispertitum
1616 4868 1764 4937 aequaliter
1780 4861 1830 4944 diat·

501 4954 590 5003 torum
608 4964 749 5003 numerum
765 4946 801 5001 ad
819 4946 992 5003 dividendum
1010 4964 1059 5019 per
1077 4949 1101 5003 2.
1136 4950 1208 5003 Nam
1226 4957 1256 5005 ut
1278 4950 1307 5004 in
1329 4967 1411 5005 manu
1429 4940 1506 5019 digiti
1524 4956 1590 5004 sunt
1606 4946 1713 5002 collecti
1730 4953 1757 4997 et
1772 4938 1829 5025 colli·

502 5024 565 5091 goti,
584 5025 624 5079 sic
641 5026 669 5081 in
687 5041 801 5099 corpore
819 5040 915 5079 manus
935 5036 999 5082 suut
1018 5028 1128 5083 disbaa
1164 5030 1294 5085 Mannum
1321 5038 1349 5084 et
1373 5030 1545 5086 brachiorum
1567 5026 1636 5082 naui
1658 5022 1793 5081 discedunt
1808 5030 1828 5067 ¹¹

503 5104 651 5161 contrmim
670 5103 774 5175 plagas,
793 5104 936 5179 digitorum
954 5106 1096 5174 quinorum
1115 5114 1191 5161 ortus
1210 5123 1244 5162 ex
1261 5108 1355 5164 eadem
1373 5116 1416 5165 ast
1433 5108 1522 5181 plaga

591 5191 752 5259 Dictumde
764 5207 936 5251 numerorum
949 5195 1140 5269 progressione
1157 5196 1187 5255 in
1204 5213 1367 5270 quacunque
1384 5197 1509 5255 materia:
1528 5195 1672 5255 dbendum
1693 5200 1721 5251 et
1735 5188 1768 5249 dt
1781 5196 1829 5258 W
