4242 6384
536 778 601 837 eoa
967 774 1249 847 peramoenus
1265 774 1442 833 aemonae
1546 748 1549 755 ’

538 968 660 1029 quarum
685 969 752 1018 curn
778 955 827 1013 sit
846 955 987 1028 metae,
1015 953 1103 1014 nullia
1130 972 1257 1031 unquam
1287 955 1405 1032 legibue
1430 954 1499 1017 iliae
1521 954 1724 1032 odmptehendi
1746 966 1860 1033 possunt

537 1038 649 1099 uenae
670 1040 759 1117 igitur
778 1043 852 1100 ratio
873 1042 1049 1118 per-eeeoie
1064 1048 1161 1101 tuetur
1176 1042 1366 1118 reepublicee,
1389 1041 1442 1101 ted
1457 1042 1619 1124 miscendae
1642 1042 1727 1103 docet
1742 1043 1862 1115 Bodinoe,

537 1136 571 1186 ut
593 1137 623 1186 et
644 1126 724 1205 leges
746 1130 814 1201 eint,
836 1128 889 1188 sed
910 1146 1031 1206 paucae,
1054 1131 1126 1205 quia
1146 1129 1244 1205 legum
1265 1128 1422 1189 multitudo
1445 1146 1530 1207 seges
1552 1138 1598 1189 est
1619 1130 1763 1191 uberrima
1776 1131 1864 1199 litium,

538 1223 568 1274 et
589 1214 681 1287 rnnltu
708 1218 895 1292 magistratus
922 1218 1041 1276 arbitrio
1069 1223 1268 1289 reserventur,
1296 1234 1355 1276 non
1383 1218 1462 1277 iacta
1483 1222 1596 1277 tautum
1623 1217 1797 1294 singularia,
1825 1218 1866 1277 sed

539 1304 639 1362 atiem‘
656 1304 799 1379 integrae
817 1303 975 1364 nonnullae
1003 1304 1146 1363 lectorum
1173 1306 1286 1381 species
1314 1312 1468 1381 oniasque
1496 1304 1571 1364 eliae
1600 1304 1698 1381 legum
1730 1308 1866 1377 mutarim,

537 1390 678 1467 impdmie
703 1406 863 1467 poenamm
891 1392 1016 1453 mtensio
1044 1397 1075 1449 et
1101 1394 1232 1451 remieeio
1263 1390 1418 1468 legumque
1454 1393 1582 1468 ipsoram
1620 1393 1816 1469 interpretatio
1843 1398 1868 1450 et

538 1476 576 1537 ad
606 1478 675 1536 iant
704 1479 935 1538 circumstantiae
963 1478 1130 1555 applicatio.
1175 1477 1233 1539 Hic
1263 1494 1320 1536 non
1350 1479 1386 1538 de
1408 1478 1513 1554 tripiici
1534 1482 1607 1555 reip.
1630 1478 1741 1553 torma,
1770 1480 1818 1537 ted
1839 1479 1869 1537 de

536 1564 767 1641 uniuscnjusque
784 1564 964 1640 gubernandi
992 1566 1085 1625 iurene
1107 1565 1213 1643 triplici
1236 1568 1347 1643 egitur;
1375 1582 1455 1625 mera
1484 1567 1640 1641 aequitatis
1663 1568 1756 1639 ratio,
1786 1565 1872 1624 soluta

537 1651 663 1729 legibue,
687 1660 732 1711 eat
753 1654 954 1712 adamantina
975 1652 1157 1729 gubernandi
1178 1654 1261 1726 ratio,
1286 1654 1374 1713 etium
1393 1656 1423 1711 in
1436 1652 1570 1731 populari
1593 1655 1681 1729 inque
1696 1656 1780 1730 regio
1794 1662 1871 1712 etatu.

538 1738 651 1815 Ιωμιιι
673 1740 791 1801 nituerit
812 1739 1052 1817 gubernationem
1067 1739 1237 1817 popularem
1259 1740 1378 1815 leniunt,
1402 1742 1490 1800 etiam
1512 1742 1541 1797 in
1556 1742 1646 1817 regio.
1691 1742 1733 1801 At
1756 1742 1781 1799 ai
1804 1740 1872 1815 leges

540 1825 658 1901 quidem
680 1828 748 1899 sint,
771 1828 807 1886 iis
830 1844 900 1887 vero
923 1826 1077 1903 derogetur
1098 1828 1127 1884 in
1150 1827 1215 1887 loco
1239 1836 1268 1888 et
1290 1836 1418 1905 tompore
1447 1844 1500 1903 pro
1522 1827 1642 1886 arbitrio
1669 1829 1872 1903 gubernatoris,

538 1924 694 1973 asumma
714 1922 861 1991 potestate
883 1916 1050 1993 constituti,
1073 1915 1248 1993 gubernator
1270 1917 1340 1988 iste,
1363 1914 1433 1974 licet
1454 1932 1473 1973 a
1494 1912 1605 1990 populo
1629 1912 1728 1989 detur,
1753 1915 1874 1990 regulum

541 1999 688 2076 quendam
710 2003 780 2078 egit
825 2000 915 2061 Telos
936 2001 1107 2080 plerumque
1129 2002 1286 2079 praesides·
1299 2002 1524 2079 provinciarum.
1568 2001 1598 2059 Is
1620 2002 1708 2077 igitur
1731 2011 1784 2061 eut
1801 2000 1873 2076 leget

538 2087 692 2161 observat,
720 2097 830 2161 autea
852 2106 947 2165 aequo
968 2088 1094 2166 judicet,
1124 2096 1260 2163 eatenus,
1292 2088 1361 2147 dum
1382 2091 1454 2165 reip.
1478 2087 1558 2147 selue
1579 2090 1705 2165 patitur;
1738 2093 1764 2147 ei
1791 2104 1874 2157 rocus,

537 2190 596 2235 nou
619 2172 734 2234 dubitat
760 2176 933 2237 exorbitare.
979 2175 1019 2237 Ut
1045 2180 1071 2236 ei
1099 2179 1164 2252 quie
1196 2178 1416 2254 proportionum
1439 2178 1566 2253 species,
1597 2192 1672 2251 quae
1700 2176 1874 2235 hermonien

537 2262 657 2334 iaciunt,
680 2262 824 2336 admittet,
848 2271 881 2323 ut
904 2266 932 2337 t,
957 2266 986 2337 3,
1009 2267 1039 2336 4,
1060 2263 1110 2323 vel
1137 2266 1162 2337 l,
1187 2266 1217 2336 ἢ,
1241 2265 1269 2337 t,
1293 2280 1370 2339 quae
1393 2262 1622 2337 dissonantiam,
1645 2280 1694 2323 eae
1718 2265 1818 2323 turbet
1838 2266 1875 2319 in-

537 2364 595 2425 qua
616 2357 810 2410 consonantes
832 2358 998 2421 commutet,
1022 2357 1055 2409 nt
1081 2354 1112 2424 l,
1136 2352 1171 2422 3,
1197 2352 1216 2410 h
1239 2352 1268 2407 in
1294 2353 1325 2423 l,
1350 2353 1385 2422 u,
1410 2352 1428 2409 8
1452 2358 1482 2409 ot
1504 2351 1542 2422 3,
1567 2352 1602 2427 5,
1626 2353 1642 2407 i
1667 2352 1697 2407 in
1720 2353 1762 2423 3,
1796 2354 1829 2417 5,
1852 2350 1874 2405 8.

622 2434 664 2495 X.
688 2436 722 2495 In
746 2436 862 2513 legibue
884 2440 964 2514 ipeia
986 2454 1063 2514 quae
1083 2445 1155 2497 eunt
1176 2436 1212 2497 de
1235 2436 1350 2497 mulctis
1372 2440 1556 2513 pecuniariis,
1580 2436 1794 2513 utplurimum
1816 2438 1875 2512 qui-

537 2523 604 2583 dem
625 2523 807 2585 enttmottea
829 2532 962 2585 servatur
984 2523 1159 2601 aequalitae,
1182 2530 1215 2583 ut
1236 2524 1376 2585 mulctam
1397 2524 1512 2601 legibue
1534 2530 1674 2583 statutam
1696 2524 1800 2584 solvet
1821 2524 1877 2599 qui·

537 2626 652 2687 cunque
673 2610 810 2689 deliquit,
839 2614 902 2673 aire
924 2610 1009 2672 divee
1030 2613 1095 2671 eive
1116 2628 1236 2689 pauper.
1281 2612 1388 2671 Videre
1417 2620 1515 2671 umen
1538 2620 1596 2684 eet,
1628 2612 1677 2671 ubi
1708 2621 1738 2671 et
1768 2626 1876 2687 geome

537 2700 610 2758 trina
632 2699 792 2759 similitudo
815 2700 868 2771 eit,
899 2706 931 2758 ut
952 2701 978 2757 ei
1000 2697 1111 2759 mulcta
1133 2700 1240 2775 cuique
1261 2716 1313 2775 pro
1337 2700 1449 2757 ratione
1472 2714 1576 2759 oeneus
1598 2700 1756 2775 irrogetur,
1787 2706 1838 2757 eut
1856 2696 1875 2753 si

434 2795 438 2806 ’
535 2794 644 2846 umere
673 2786 793 2864 litigans
820 2786 981 2863 aliquotam
1008 2793 1122 2863 partem
1151 2788 1266 2845 emittet
1293 2788 1464 2847 aestimatae
1493 2786 1561 2843 litia.
1602 2784 1657 2845 Sin
1678 2792 1783 2846 ¹eutem
1814 2787 1876 2841 inter

536 2873 698 2950 locupletet
720 2891 821 2935 omues
843 2874 938 2951 major
958 2873 1059 2949 aliqua
1081 2873 1191 2933 mulcta
1213 2880 1408 2949 nuncupetur,
1432 2874 1506 2932 inter
1528 2879 1630 2932 tenuee
1653 2872 1766 2942 terior,
1792 2886 1876 2947 eaque

536 2960 699 3037 esiugulie
722 2962 865 3038 cnjneque
895 2960 1006 3023 ordinis
1027 2962 1162 3036 exigetur
1190 2961 1367 3037 aequaliter,
1395 2966 1655 3037 temperamentum
1684 2959 1713 3017 id
1739 2963 1796 3021 erit
1818 2975 1876 3034 pro·

535 3050 687 3125 portionis,
712 3044 829 3107 Bodino
849 3046 944 3109 dbtae
965 3047 1161 3108 harmonicae.
1204 3047 1270 3128 Non
1294 3054 1442 3106 mutantur
1456 3047 1505 3107 hic
1525 3048 1750 3123 proportionum
1766 3048 1877 3125 epeoies,

537 3134 591 3195 eed
614 3142 836 3211 componuntur,
858 3144 911 3195 aut
933 3134 1143 3197 distribuuntur
1164 3137 1263 3215 potius
1282 3136 1309 3193 in
1326 3134 1463 3195 diminute
1478 3134 1619 3209 subjecte,
1646 3133 1780 3195 ud'idom
1796 3143 1877 3193 totum

536 3223 719 3299 monne.

622 3307 814 3384 XI.·Leges·
828 3310 986 3368 tabariae
1014 3307 1169 3384 plurimum
1201 3308 1310 3367 hebent
1346 3308 1382 3368 de
1411 3310 1597 3385 proportione
1625 3310 1822 3385 geometrice,
1853 3313 1878 3361 ¹1¹

537 3403 649 3471 querito
670 3398 795 3471 quiaque
818 3395 914 3454 altiori
938 3395 1089 3472 dignitatis
1111 3394 1204 3471 gradu
1228 3397 1373 3469 consistit,
1402 3404 1484 3454 tento
1498 3398 1661 3472 'pretiosior
1683 3394 1710 3456 ei
1732 3396 1878 3472 permitte·

536 3490 584 3541 tar
602 3482 725 3542 ornatus
747 3484 890 3557 restium
911 3482 1075 3558 aequalitas
1097 3482 1280 3547 arithmetice
1301 3482 1493 3542 intolerabilis
1520 3482 1569 3543 hic
1592 3490 1644 3542 est.
1689 3481 1768 3558 Quin
1792 3490 1878 3540 umen

537 3574 632 3645 ueqm
653 3567 718 3630 sole
739 3572 867 3632 terim
889 3568 1022 3629 ordinum
1045 3572 1076 3627 in
1100 3570 1206 3629 veetltn
1230 3568 1445 3629 distinctionem
1471 3568 1616 3649 postulat,
1643 3569 1694 3629 sed
1717 3570 1819 3647 alique
1839 3567 1879 3624 hic

536 3658 612 3716 ratio
633 3656 771 3723 habende
791 3659 956 3733 ooplernm,
991 3656 1092 3733 ulique
1120 3659 1313 3731 meritorum,
1333 3674 1428 3733 neque
1451 3656 1537 3716 iacile
1567 3670 1666 3716 omnes
1689 3656 1808 3717 ordines
1831 3668 1879 3711 uere

536 3742 602 3820 lege
623 3752 748 3821 possunt
769 3742 937 3804 enunoiirie
957 3751 1217 3821 temperamentum
1240 3743 1358 3820 aliquod
1381 3745 1534 3820 utriusque
1562 3746 1757 3821 proportionis
1781 3742 1877 3821 pertin

536 3830 651 3907 legibue
678 3833 751 3907 ipsis
775 3834 863 3891 inseri
888 3830 979 3903 solet,
1012 3834 1116 3908 partim
1147 3832 1266 3891 arbitrio
1289 3830 1502 3891 moderatorum
1527 3833 1710 3908 permittitur.
1756 3832 1790 3889 ld
1813 3838 1879 3887 tem·

535 3926 735 3994 paramentum
757 3918 890 4006 Bodiaua
916 3918 1115 3978 harmonicum
1137 3926 1247 3993 censet,
1271 3920 1341 3994 quie
1356 3902 1523 3977 harmonias
1547 3918 1750 3994 conjunctione
1766 3918 1878 3977 duarum

536 4007 696 4082 specierum
717 4008 913 4084 proportionis
934 4005 1044 4065 delinit.
1090 4006 1162 4065 Mihi
1185 4006 1384 4066 harmonicum
1406 4022 1463 4064 nou
1479 4014 1534 4067 eet,
1558 4022 1624 4065 curn
1643 4004 1797 4065 effectetur
1818 4016 1878 4079 pro·

536 4095 632 4170 portio
653 4094 714 4152 elie
735 4101 766 4153 et
787 4097 996 4171 exprimeretur
1017 4094 1158 4170 perfecte,
1182 4095 1208 4153 ei
1229 4100 1338 4169 poeeet.

622 4179 696 4242 xri.
721 4180 802 4240 idern
823 4182 884 4241 iere
905 4180 943 4240 de
965 4183 1004 4238 ile
1026 4180 1141 4254 legibue
1164 4178 1333 4252 dicendam,
1357 4196 1433 4255 quae
1456 4196 1521 4239 cunr
1544 4179 1580 4239 de
1602 4180 1705 4255 poeuis
1727 4180 1796 4253 nint,
1821 4192 1878 4255 per·

538 4282 628 4326 eonas
649 4266 776 4328 illustres
798 4268 930 4344 periculo
953 4268 1066 4344 capitia,
1089 4266 1203 4326 nobiles
1226 4263 1386 4343 suspendio
1408 4269 1538 4326 eximunt
1559 4282 1778 4345 poenarumque
1794 4278 1878 4341 genus

537 4360 733 4427 eommeteot,
764 4371 843 4413 more
865 4372 884 4413 a
905 4354 1039 4431 plurlmie
1059 4354 1197 4429 gentibue
1219 4362 1346 4430 recepto.
1392 4352 1468 4413 Nam
1489 4371 1572 4427 reue,
1603 4352 1775 4429 dignitatem
1798 4364 1877 4428 quarn

539 4440 670 4500 habebat
690 4443 843 4514 emitterre,
872 4442 991 4516 gratim
1013 4440 1071 4499 hon
1093 4439 1235 4499 dedecore
1255 4443 1374 4517 punitur
1396 4436 1590 4522 (geometrica
1610 4440 1678 4516 lege
1704 4437 1876 4508 obseruate),

539 4529 690 4604 quamsi,
712 4529 764 4603 qni
784 4529 815 4585 in
838 4526 982 4604 dignitate
1002 4526 1085 4586 nelle
1107 4528 1178 4600 luit,
1202 4526 1293 4604 elegia
1315 4527 1454 4587 caedetur
1475 4528 1608 4605 publica3
1635 4529 1736 4603 ltaque
1758 4524 1877 4586 dissimi-

536 4614 608 4674 lium
630 4628 789 4692 poenarum
811 4613 974 4689 aequalitas
996 4612 1138 4690 quaedem
1151 4631 1225 4675 'esse
1248 4622 1345 4691 potest
1367 4622 1397 4674 et
1419 4614 1583 4674 distributio
1605 4614 1775 4679 harmonica
1797 4624 1876 4673 senen

538 4702 655 4775 Bodini,
678 4704 729 4779 qui
752 4701 801 4761 hic
823 4700 1010 4761 Aristotelem
1031 4701 1135 4776 rejicit,
1159 4704 1209 4777 qui
1232 4704 1261 4761 in
1284 4704 1420 4779 praemiis
1443 4702 1560 4778 quidem
1583 4704 1789 4778 geometricam
1815 4714 1875 4777 pro-

542 4791 718 4868 portionem,
740 4791 770 4847 in
791 4791 895 4867 poenie
918 4804 988 4847 reru
1010 4788 1222 4851 arithmeticam
1244 4788 1417 4849 servandam
1441 4789 1587 4849 docuerat.
1737 4824 1741 4835 ·

625 4876 713 4937 Xlll.
737 4876 790 4935 Est
817 4886 847 4936 et
871 4875 934 4936 ulia
959 4877 988 4932 iu
1021 4875 1138 4951 legibue
1168 4876 1342 4953 poenalibue
1373 4876 1566 4936 observabilis
1599 4878 1747 4953 proportio
1781 4872 1872 4935 codem

537 4970 782 5040 temperamento,
813 4982 889 5041 quae
910 4980 970 5022 non
994 4960 1209 5051 delinquentem
1232 4966 1353 5038 attinet,
1382 4962 1439 5023 ead
1458 4978 1602 5040 personae
1623 4964 1722 5023 laesae
1745 4963 1873 5022 honorem

538 5055 568 5110 ei
588 5050 758 5115 rindtomn.
803 5050 932 5112 Gravius
952 5050 1031 5110 enim
1052 5052 1185 5126 punitur,
1216 5054 1269 5128 qni·
1290 5053 1447 5127 principem
1469 5052 1614 5124 civitatis,
1646 5052 1734 5127 quire
1755 5058 1873 5109 unnmt

541 5134 665 5215 collegio
688 5138 847 5200 eleetomm
869 5138 988 5210 occidit,
1018 5154 1107 5213 quam
1130 5141 1181 5214 qui
1203 5138 1377 5215 agrteoletnq
1408 5141 1527 5215 gratim
1555 5140 1605 5214 qui
1628 5137 1767 5212 liberum,
1796 5146 1872 5214 quau

539 5226 591 5303 qni
613 5236 738 5287 mmnm.
782 5226 858 5288 iiam
885 5228 941 5287 etei
963 5224 1037 5285 haec
1059 5228 1188 5287 variatae
1215 5226 1253 5287 ad
1275 5227 1481 5303 geometricam
1510 5232 1556 5286 eet
1576 5224 1727 5286 referenda
1746 5224 1873 5287 similitu·
