4242 6384
286 693 290 704 1
395 695 399 708 Ι
453 739 496 802 60
830 731 972 804 upieeoiee
989 731 1102 804 Kepleri
1118 733 1288 804 odorumque
1304 737 1415 833 mutuus

451 911 532 964 tiendi
549 909 647 972 eliqnid
663 913 723 962 novi
741 911 917 975 impressorum
941 914 1042 962 tuorum
1059 925 1177 977 operum,
1201 913 1348 975 peseeertim
1363 907 1452 962 »iibm
1475 911 1570 976 primos
1585 909 1840 964 Hermotimum.

451 984 556 1032 heberet
575 981 739 1048 discipulum,
766 983 810 1044 qui
836 982 887 1029 tuis
905 984 1074 1032 monumentis
1096 984 1205 1032 mammo
1228 987 1329 1032 vaosrst
1352 983 1491 1046 borumque
1513 981 1629 1045 plurimis
1652 980 1841 1030 desidorium

417 1105 423 1112 ,
452 1052 609 1116 accenderet;
629 1057 654 1100 et
671 1053 810 1112 cuicunque
827 1050 987 1100 mendeverie
1004 1051 1196 1114 persolvendum
1214 1067 1281 1112 esee,
1299 1053 1368 1113 quod
1386 1053 1503 1118 debuero,
1525 1065 1610 1100 omnes
1627 1054 1725 1100 tumtur
1750 1062 1842 1098 oom-

452 1125 522 1172 tinuo
540 1119 679 1177 reddentur.
716 1119 764 1173 seu
782 1121 845 1170 mibi
863 1121 949 1170 videor
966 1123 1042 1170 nimis
1059 1121 1174 1184 prolixus
1197 1121 1276 1172 fuisse
1298 1127 1323 1172 et
1340 1124 1446 1172 temese
1464 1124 1539 1172 nimie
1563 1125 1692 1184 sppeteus.
1718 1116 1841 1182 P'nrce,

452 1195 566 1258 obsecro,
593 1194 697 1243 mesu.
733 1191 815 1240 Ardor
832 1191 898 1239 enim
921 1193 970 1240 mei
988 1205 1048 1254 erge
1065 1193 1101 1241 'le
1118 1189 1198 1242 enimi
1215 1191 1321 1242 ulterius
1344 1207 1385 1242 me
1401 1194 1499 1258 rapuit,
1525 1205 1601 1252 quem
1618 1203 1676 1238 oum
1697 1190 1841 1239 serium

452 1264 523 1325 coepi
541 1261 671 1324 opineber.
707 1261 736 1312 Si
753 1261 792 1310 vis
809 1261 879 1332 scire,
890 1261 994 1322 quinem
1011 1276 1056 1322 epo
1075 1264 1131 1326 eim,
1148 1264 1209 1324 jube
1226 1277 1268 1312 me
1278 1261 1377 1324 aliquid
1394 1264 1480 1322 messi
1496 1267 1543 1311 tua
1558 1273 1636 1312 ausa
1646 1259 1729 1309 obire:
1753 1271 1840 1307 mox

451 1335 484 1382 sb
503 1331 631 1383 eiiectibus
649 1332 817 1382 conditionem
835 1343 957 1392 sgnoeoss
975 1330 1161 1392 qualitatesque
1187 1346 1264 1387 meas.
1301 1329 1657 1387 roconismontem
1676 1317 1762 1383 iiiii.

538 1404 584 1452 llis
601 1397 682 1450 literis
700 1405 895 1464 supervenerunt
911 1399 979 1450 slise
997 1399 1104 1451 lilencbi
1121 1400 1211 1452 literae
1229 1401 1263 1468 (d.
1282 1400 1336 1452 usi
1348 1403 1438 1465 Febr),
1455 1404 1483 1451 in
1501 1403 1593 1464 qulbus
1610 1401 1683 1465 petit,
1700 1405 1731 1449 ut
1750 1397 1839 1447 libri

452 1471 554 1536 liepleri
571 1470 623 1519 sibl
639 1473 773 1520 mittuntur
789 1483 834 1532 per
850 1475 1012 1520 morosiorem
1030 1471 1107 1521 Andr.
1128 1471 1216 1536 Super.

537 1537 665 1601 Kepleri
682 1541 810 1604 responsio
822 1553 914 1601 meque
925 1554 956 1589 er
969 1545 1040 1604 perte
1057 1541 1217 1608 sstrolopice,
1236 1541 1341 1592 delicies
1355 1540 1474 1603 Blancbi,
1491 1543 1584 1590 tractu
1599 1543 1626 1589 et
1647 1539 1681 1589 ad
1692 1537 1837 1588 Harmo-

450 1621 520 1670 nism
537 1634 608 1672 eoam
631 1621 671 1668 uie
689 1619 792 1668 oeneit=
818 1609 981 1672 Ptolemaei
995 1610 1176 1674 Harmonice
1188 1631 1254 1674 cum
1271 1613 1454 1675 Aristoxeuie
1468 1611 1574 1686 babeo,
1589 1613 1732 1688 impresse
1742 1609 1837 1669 Ve-

450 1701 537 1760 netiie
555 1699 635 1778 epud
644 1697 831 1760 vincentium
842 1697 1023 1777 Velgrisium
1033 1717 1060 1760 s
1076 1701 1169 1775 lbet,
1185 1703 1341 1779 interprete
1355 1700 1424 1760 Aut
1435 1699 1601 1777 (lugarium.
1618 1698 1836 1776 ‚letuprets-

451 1789 560 1848 tionem
584 1805 620 1848 ex
634 1788 832 1864 mennscripio
855 1784 969 1848 Grecco
984 1803 1094 1848 novem
1107 1789 1171 1866 ipse
1186 1788 1273 1864 eddo,
1296 1790 1393 1848 minus
1413 1788 1489 1848 iorte
1508 1784 1654 1858 munem,
1676 1769 1729 1846 sed
1745 1803 1835 1844 ms-

450 1876 505 1953 pis,
528 1881 562 1934 ut
583 1891 688 1952 spero,
712 1875 915 1952 conspicuam,
937 1873 1071 1952 intellige
1092 1875 1150 1936 boc
1171 1875 1209 1938 de
1230 1883 1314 1954 perte
1335 1874 1410 1936 libri·
1425 1873 1498 1948 Ill,
1525 1875 1719 1950 quum'operi
1739 1887 1833 1932 meo

451 1951 616 2040 subiuugo.'
646 1959 759 2038 Quodsi
782 1977 858 2038 queo
880 1961 1009 2024 indicsvi
1023 1963 1091 2026 ioca
1105 1965 1201 2042 operis
1217 1978 1370 2025 censureru
1388 1979 1448 2024 nou
1462 1966 1597 2022 metuere
1606 1958 1723 2033 debent,
1743 1960 1831 2036 jnrn

453 2049 507 2110 ebs
537 2056 566 2110 te
595 2047 730 2127 judicete
759 2051 833 2110 reiio
862 2056 925 2124 est,
954 2066 1014 2127 que
1041 2067 1108 2110 cnm
1136 2050 1194 2112 boc
1222 2067 1312 2129 opus,
1335 2057 1398 2110 tum
1423 2041 1634 2127 lipbemeridss‘
1655 2047 1830 2122 Venetiae,

453 2142 564 2214 queutc
587 2153 690 2198 censes
712 2153 843 2212 numero,
866 2139 990 2200 mittem.
1036 2136 1112 2198 Nem
1139 2137 1220 2198 iliius
1242 2135 1415 2218 moratorie
1435 2135 1532 2214 Super
1553 2131 1703 2218 (Scboper
1727 2132 1827 2195 (ier-

452 2219 600 2307 msnice),
623 2224 707 2302 cujus
729 2225 759 2284 in
782 2225 993 2304 posterioribus
1014 2227 1187 2302 meministi,
1217 2235 1359 2304 petronus
1380 2243 1434 2286 seu
1455 2222 1629 2302 principalis
1650 2221 1829 2284 Jobeuuee

338 2377 341 2384 ,
452 2311 509 2373 Sec
530 2309 647 2372 habitet
667 2310 789 2373 Welses
811 2310 919 2390 oppido
942 2313 1028 2373 nobie
1050 2307 1165 2388 vicium
1192 2331 1279 2391 quem
1301 2312 1483 2390 Scbopmum
1504 2312 1531 2370 si
1549 2311 1658 2388 jubeas
1680 2311 1826 2371 scribere

452 2405 577 2478 petrono
601 2415 671 2476 suo,
699 2404 733 2458 ut
754 2401 780 2460 ie
801 2400 873 2460 mibi
895 2397 1040 2478 spondeat
1061 2415 1115 2478 pro
1137 2402 1232 2478 pretio
1253 2401 1409 2474 librorum,
1439 2401 1468 2461 ei
1490 2415 1547 2476 epe
1568 2390 1661 2458 libros
1682 2395 1825 2474 maden,

455 2503 530 2564 quos
551 2485 825 2564 mittetvepetias,
852 2486 1009 2549 linteorum
1032 2486 1240 2562 voluminibus,
1264 2487 1439 2564 quibuscum
1468 2487 1653 2564 negotietur,
1684 2487 1715 2545 in
1738 2501 1825 2545 eas·

454 2569 672 2636 demearciule
701 2581 878 2652 compactos.
923 2575 1020 2638 Video
1043 2592 1099 2636 voe
1121 2575 1299 2652 exprobrare
1319 2573 1393 2634 mibi
1413 2575 1559 2653 promisee
1580 2589 1670 2650 esepc
1692 2571 1744 2632 diu
1769 2575 1824 2631 ir-

452 2658 523 2722 rite:
554 2665 655 2740 iteque
684 2661 851 2740 exemplum
879 2665 963 2722 mitto
987 2680 1101 2737 eorum,
1132 2680 1210 2741 quse
1238 2662 1392 2740 bucusque
1419 2664 1450 2720 in
1472 2661 1659 2726 Hermonicir
1690 2678 1713 2722 s·
1730 2659 1822 2720 libro

452 2748 509 2812 111.
534 2755 604 2810 sunt
626 2765 743 2811 excuse.
788 2748 864 2810 lium
886 2767 953 2812 cum
983 2750 1021 2812 ed
1043 2749 1179 2813 Rhenum
1202 2749 1344 2813 excudere
1372 2751 1542 2810 stetuiseem
1564 2764 1653 2826 opus,
1684 2745 1820 2808 dimise·

453 2854 516 2896 rsm
539 2835 613 2898 duos
635 2839 744 2914 primos
765 2837 856 2899 libros
879 2835 898 2898 s
920 2855 982 2912 me,
1006 2839 1057 2916 qui
1075 2839 1157 2916 jem,
1179 2845 1337 2918 postquem
1359 2839 1526 2900 institutum
1547 2835 1675 2909 mutevi,
1697 2833 1818 2896 sdme

454 2925 569 2985 remissi
592 2931 669 2999 suut,
692 2925 775 2986 initio
795 2926 857 3002 jem
879 2925 958 2986 fecto
980 2943 1000 2986 e
1020 2925 1097 2986 libro
1119 2927 1174 2986 ΠΙ.
1213 2924 1298 3002 Ques
1319 2927 1407 3002 igitur
1428 2943 1466 2986 ex
1480 2922 1636 3000 multiplici
1658 2928 1711 2983 tus
1733 2921 1818 2984 doc-

453 3013 531 3071 trine
553 3009 590 3071 de
613 3014 785 3087 quaestione
807 3012 860 3072 ilie
881 3014 973 3072 mixte
995 3011 1119 3076 candide
1146 3019 1177 3074 et
1197 3029 1278 3074 more
1299 3012 1371 3073 mibi
1384 3015 1506 3096 usitato
1528 3024 1643 3072 mecum
1651 3040 1663 3051 *-
1671 3025 1815 3070 commu·

455 3099 575 3174 mered,
609 3098 717 3162 bouem
744 3099 817 3158 mibi
839 3115 922 3178 spem
943 3099 1100 3176 praebent:
1128 3117 1183 3162 nec
1206 3101 1284 3161 enim
1306 3091 1438 3178 eousque
1466 3115 1531 3159 eum
1552 3102 1725 3178 provectus,
1753 3096 1817 3158 sed

457 3185 538 3244 irrite
559 3186 654 3262 megis
676 3185 831 3264 theologos
854 3185 996 3264 quosdam
1019 3189 1049 3246 iu
1073 3186 1234 3258 Germanis*
1254 3185 1328 3271 (nou
1350 3203 1423 3249 esne
1444 3187 1634 3266 proecipuus,
1664 3181 1718 3248 sed
1738 3184 1815 3263 ple-

457 3271 541 3348 beios
562 3267 760 3354 plerumque),
784 3275 844 3350 qui,
867 3271 948 3334 nulls
971 3273 1123 3351 digniteiis
1145 3275 1232 3336 cilicii
1254 3275 1357 3336 bebits
1377 3276 1501 3345 rstione,
1522 3275 1712 3352 prognostica
1734 3275 1816 3336 ecri-

456 3359 531 3420 buni
547 3365 582 3419 et
604 3357 779 3421 Celenderis
800 3361 985 3440 ineptissime
1006 3368 1036 3420 ct
1057 3379 1181 3440 geneses
1203 3363 1433 3440 mperetitioees.
1469 3361 1594 3421 Videbis
1614 3367 1655 3434 et,
1678 3360 1705 3419 ei
1727 3358 1816 3437 quod

456 3445 617 3524 periculum
639 3453 669 3506 ei
692 3445 763 3530 quid
785 3457 919 3510 censores
942 3450 1057 3525 possint
1080 3465 1236 3527 opponere,
1259 3449 1517 3528 periculosissime
1537 3447 1690 3522 rescribes,
1715 3447 1817 3508 rebe-

457 3541 568 3595 menter
590 3549 652 3594 oro.
697 3533 743 3595 Dc
765 3543 849 3596 motu
870 3536 979 3608 Terrae
1000 3533 1096 3614 mejor
1118 3535 1290 3613 difficultas,
1320 3555 1387 3599 cnm
1407 3535 1543 3612 sideem,
1567 3551 1721 3596 cenenram
1743 3522 1816 3596 edl-

456 3630 518 3684 um
540 3627 569 3682 et
589 3619 771 3699 publicatum
793 3627 883 3683 etism
903 3643 923 3685 s
944 3630 974 3686 ie
996 3625 1061 3702 ipso
1083 3624 1245 3703 perhiberi,
1268 3643 1355 3702 quem
1376 3623 1450 3684 nibil
1470 3624 1574 3686 borum
1594 3622 1687 3683 latere
1701 3628 1816 3700 potest.

457 3709 550 3788 Atqui
571 3725 658 3769 secus
686 3725 741 3788 ego
765 3709 953 3786 credideram,
977 3710 1075 3772 sdbuc
1095 3711 1178 3772 illem
1200 3714 1230 3771 in
1246 3707 1456 3774 deliberatione
1469 3728 1535 3772 esee
1556 3708 1682 3779 necdum
1697 3709 1816 3770 Summi

458 3795 610 3857 Pontificie
633 3799 807 3860 auctoritem
836 3799 1013 3882 roboretum.
1057 3799 1164 3876 Itaque
1194 3799 1396 3878 suppeditavit
1421 3799 1648 3860 bsec‘meorum
1668 3795 1817 3859 librorum

455 3903 507 3964 per
527 3883 647 3945 Iteliem
675 3883 828 3947 celemites
861 3889 1044 3950 occasionem
1074 3885 1154 3947 lusui
1179 3888 1307 3965 ingenii:
1338 3885 1410 3965 quid
1437 3884 1664 3947 eiedvooatnm
1692 3902 1816 3962 egerem

463 3971 616 4051 Cuperuici
640 3971 679 4036 ed
701 3989 855 4052 censores,
885 3975 1064 4037 advocatum
1086 3977 1176 4036 etism
1198 3976 1263 4053 eine
1287 3973 1510 4055 discipulorum
1538 3975 1597 4034 non
1623 3986 1722 4032 meum
1745 3973 1818 4049 qui·

459 4059 526 4120 dem
548 4068 600 4119 eut
623 4057 843 4138 Germanorum,
867 4066 918 4142 qui
939 4063 1106 4124 Romeuem
1129 4061 1284 4124 ecclesiam
1305 4079 1363 4123 nou
1385 4067 1562 4140 sequuntur,
1584 4058 1638 4121 sed
1659 4057 1816 4135 Itsiom

457 4149 508 4225 qui
530 4146 581 4206 elii
603 4145 756 4209 Romanus
778 4150 925 4227 subsunt3
957 4149 1027 4228 quid
1049 4152 1076 4210 ei
1099 4152 1271 4228 exceptione
1293 4155 1360 4210 uter
1380 4167 1440 4210 uon
1463 4149 1594 4222 ectione,
1616 4161 1677 4207 uon
1700 4146 1818 4208 scilicet

457 4234 591 4295 criminer
621 4233 761 4309 injustam
787 4235 837 4297 vel
865 4237 1100 4314 impertinentem
1128 4253 1280 4298 censuram
1310 4235 1486 4298 usturelium
1516 4251 1536 4294 e
1563 4232 1726 4310 theologie,
1758 4251 1818 4295 noc

459 4319 554 4382 dicum
577 4334 637 4384 uos
658 4322 732 4380 eatis
751 4323 826 4398 ipsis
848 4339 914 4384 esee
936 4325 1084 4400 cognitum
1107 4339 1245 4398 oensem,
1269 4325 1430 4398 quesitus
1451 4319 1630 4399 negligentis
1652 4315 1726 4403 (etsi
1746 4339 1819 4384 moa

460 4406 678 4468 commentaria
700 4405 737 4468 de
759 4406 865 4468 biertis
887 4410 1016 4470 motibus
1044 4408 1105 4487 legi
1134 4411 1215 4488 prins
1237 4411 1404 4487 potuissent
1432 4414 1463 4470 ot
1489 4416 1577 4469 certe‘
1595 4407 1738 4487 perpendi
1760 4407 1818 4470 de-

457 4495 592 4556 buissent
619 4498 671 4552 eui
701 4492 806 4555 seitem
828 4509 929 4556 eorum
950 4499 1098 4556 sententis
1131 4493 1168 4556 de
1190 4495 1387 4574 possibilitate
1417 4493 1468 4556 vel
1489 4494 1728 4574 impossibilitate
1761 4513 1819 4556 ex-

458 4583 599 4660 spectari,
631 4579 739 4658 quibus
767 4581 917 4658 negotium
946 4577 1047 4643 dutum
1070 4581 1245 4644 emendandi
1267 4582 1460 4663 (iopemicum
1493 4599 1588 4658 coquo
1615 4587 1645 4643 et
1673 4581 1727 4642 ille
1748 4600 1819 4644 mes

460 4669 693 4745 Commentarie3
724 4669 930 4746 excerebrendi
960 4669 1073 4730 seilicet
1100 4669 1218 4732 edcmto
1248 4677 1330 4731 motu
1359 4664 1502 4751 Terree),
1534 4667 1588 4728 sed
1615 4668 1673 4729 boc
1703 4667 1816 4730 dicem:

460 4755 590 4816 nondum
612 4754 723 4832 liquere
745 4757 877 4835 potuisse
899 4755 985 4816 nobis
1009 4758 1095 4834 ipsis,
1125 4774 1202 4817 nuuc
1224 4756 1341 4818 demum
1362 4773 1441 4817 nova
1464 4755 1602 4829 inveniri,
1625 4772 1703 4831 quse
1726 4758 1819 4816 etiem

346 4869 350 4874 v
460 4844 520 4902 siut
541 4841 775 4904 considerando?
818 4842 863 4902 lln
885 4843 983 4906 lusum
1004 4845 1118 4921 ipsum,
1147 4845 1277 4922 eispcm
1299 4844 1372 4905 iscis
1399 4843 1608 4917 restitutionis,
1637 4839 1819 4920 subjungam

459 4928 520 4990 tale
539 4928 612 5006 quid
642 4931 776 4996 inculco
808 4929 892 5007 libri,
922 4938 974 4992 sni
1001 4929 1160 5008 epistolem
1187 4932 1309 5006 seorsim
1336 4927 1513 5008 imprimam,
1545 4930 1590 4989 ein
1617 4928 1820 4991 ldcoosultum

459 5022 557 5096 putas.
601 5013 753 5080 Hecieuue
775 5019 864 5098 igitur
893 5017 990 5081 lusum
1013 5025 1094 5079 esto:
1123 5025 1210 5079 exest
1237 5020 1327 5095 igitur
1350 5015 1535 5077 dissimuletur
1563 5033 1700 5091 censure,
1733 5017 1820 5077 reiut

462 5107 565 5182 ignaro
588 5103 652 5181 ciue
675 5115 805 5168 auctore.
851 5103 921 5169 Jeu'i
943 5113 1041 5168 entem
1058 5105 1145 5167 focile
1167 5104 1221 5166 tibi
1237 5107 1301 5179 erit,
1324 5103 1425 5164 sudite
1447 5104 1534 5164 unius
1547 5102 1730 5180 bibliopolae
1746 5121 1819 5165 een-

460 5195 564 5278 tentio¹
576 5192 718 5271 scribere,
749 5201 821 5273 quot
842 5193 1022 5276 exemplaris
1043 5193 1187 5256 Venetiae
1208 5190 1353 5253 mittendo
1378 5191 1447 5254 sint.
1491 5190 1602 5253 Verum
1624 5191 1716 5252 oritur
1736 5207 1820 5254 nors
