4242 6384
863 821 897 880 de
913 811 1082 880 Harmonia
1592 827 1635 888 29

297 1001 419 1062 chordae
440 1003 536 1061 nnius.
588 999 662 1062 cum
683 1002 782 1078 itaqua
804 1002 896 1062 sectio
919 999 969 1060 illa
990 1007 1036 1062 est
1056 1001 1087 1060 in
1108 998 1201 1061 altero
1223 1005 1351 1061 extremo
1374 998 1416 1076 A,
1439 998 1462 1061 c
1492 996 1560 1081 (hoc
1581 1007 1634 1078 est,

296 1107 359 1150 cum
387 1089 459 1150 tides
489 1091 602 1166 integra
632 1087 702 1164 est),
737 1096 805 1150 tunc
835 1095 880 1149 est
910 1088 1041 1165 eiusdem
1071 1085 1113 1147 ad
1139 1105 1172 1148 sc
1201 1089 1296 1166 ipsum
1322 1087 1407 1166 logos
1438 1088 1635 1164 aequalitatis,

295 1178 417 1237 referem
432 1179 597 1237 unisonum.
631 1174 674 1234 At
695 1192 760 1235 curn
782 1183 827 1237 est
837 1241 839 1249 ¹
848 1177 941 1236 sectio
962 1177 993 1234 in
1008 1175 1033 1234 B
1047 1174 1213 1248 medietate,
1236 1178 1384 1253 portiones
1399 1175 1473 1234 liunt
1485 1177 1634 1252 aequales.

296 1266 339 1324 Ab
359 1264 417 1324 hoc
440 1263 589 1342 punctuli
611 1265 641 1321 iu
663 1271 757 1324 utram
781 1257 852 1323 velis
874 1265 1099 1341 partem.sectio
1120 1263 1263 1337 ambulet,
1293 1279 1405 1341 semper
1426 1261 1519 1324 altera
1538 1267 1635 1341 portio

294 1355 386 1411 minor
412 1355 469 1411 erit
499 1351 671 1426 medietate,
694 1350 785 1410 altera
812 1350 914 1428 major.
958 1350 1008 1411 Sic
1036 1353 1135 1428 itaque
1163 1367 1277 1430 semper
1304 1367 1340 1410 ex
1368 1349 1460 1410 tribus
1489 1353 1519 1409 iu
1547 1352 1636 1431 plena

201 1509 205 1522 ¹
293 1439 475 1517 u'mplicibus
497 1439 657 1499 harmoniis
677 1449 737 1498 una
760 1447 804 1498 est
826 1440 900 1498 intra
922 1445 1067 1513 octavam,
1089 1453 1149 1497 una
1170 1447 1252 1499 extra
1273 1445 1419 1516 utsupra

397 1525 487 1602 Quod
507 1525 595 1586 Philo
618 1532 648 1585 et
667 1525 854 1586 Ptolemaeus
876 1533 1008 1602 quartam
1030 1525 1130 1585 dicant
1149 1521 1289 1604 promam,
1312 1524 1454 1586 Boethius
1474 1526 1632 1599 minimam,

292 1613 318 1672 id
341 1613 392 1674 rel
415 1613 484 1674 ideo
508 1613 555 1683 tit,
577 1615 647 1688 quia
669 1612 705 1673 de
727 1615 860 1692 perlectis
882 1613 1053 1689 loquuntur,
1076 1613 1124 1672 vel
1146 1617 1216 1690 quia
1237 1621 1367 1674 enarum
1386 1615 1418 1670 in
1439 1613 1634 1672 adstructione

292 1711 435 1760 tonorum
481 1699 592 1760 Vemm
623 1701 700 1762 eninr
729 1708 788 1772 cst,
823 1700 897 1760 dnos
925 1717 1048 1777 magnos
1078 1706 1164 1760 tonos
1185 1699 1207 1785 ξ
1228 1717 1287 1760 non
1308 1701 1403 1760 iacere
1424 1703 1553 1772 tertiam,
1582 1699 1634 1760 sed

290 1788 361 1866 plus.
402 1786 463 1848 Sed
487 1787 585 1857 rideo,
607 1787 659 1848 tibi
682 1787 869 1848 Ptolemaeus
890 1791 1016 1848 musices
1038 1803 1104 1847 esse
1125 1792 1248 1868 copiam.
1281 1787 1394 1864 Quodsi
1416 1787 1490 1849 liber
1509 1803 1567 1848 non
1591 1793 1636 1847 est

289 1894 413 1954 maguus
439 1881 469 1934 et
493 1891 634 1935 onerosus
655 1878 771 1948 nuncio,
794 1893 861 1935 eum
883 1875 981 1936 videre
1004 1878 1100 1953 cupio.

392 1963 520 2021 Aurium
537 1959 681 2038 judicium
704 1962 809 2041 duplex
833 1957 891 2034 est,
914 1963 1049 2038 generale
1079 1962 1115 2024 de
1143 1950 1406 2040 qualibuscunque
1424 1961 1583 2022 harmoniis
1605 1970 1636 2022 et

289 2049 417 2126 speciale
441 2067 508 2110 cum
530 2049 682 2128 volrtptate
705 2050 741 2110 de
764 2051 905 2110 suavibus
926 2051 1094 2110 harmoniis.
1121 2049 1162 2109 At
1184 2051 1250 2130 plus
1272 2051 1361 2110 distat
1382 2044 1507 2129 ‹ippona
1528 2053 1635 2128 imper-

289 2137 362 2196 iecta
384 2145 416 2198 et
439 2139 571 2196 insuavis
593 2139 631 2197 ab
654 2135 826 2216 drappoorqr
849 2140 1069 2198 concinnatione
1089 2155 1204 2212 vocum,
1226 2155 1315 2215 quam
1329 2133 1453 2218 cippario
1467 2139 1636 2218 imperfecta

288 2243 304 2282 a
322 2225 459 2303 perlecta
481 2231 510 2285 et
531 2227 626 2284 suari.
663 2225 761 2286 Voces
783 2228 860 2286 enirn
881 2243 938 2286 nou
962 2233 1099 2286 coeuntes
1122 2224 1242 2295 laedunt
1262 2243 1356 2287 aures
1400 2225 1439 2283 Et
1459 2227 1634 2305 memineris,

288 2331 330 2372 me
353 2312 441 2388 loqui
462 2329 522 2372 nou
545 2311 581 2373 de
604 2315 738 2391 practicis
759 2312 917 2375 harmoniis
948 2313 1035 2394 (quae
1058 2315 1138 2372 varie
1160 2310 1354 2394 disputantur)
1383 2311 1435 2373 aed
1457 2312 1494 2372 dc
1517 2310 1635 2373 theore·
1747 2385 1755 2398 Ι

288 2403 360 2459 licis,
406 2400 502 2460 Porro
530 2401 690 2462 seruauit
713 2399 826 2460 dulcius
848 2417 951 2462 sonare
974 2418 1063 2478 quam
1091 2403 1260 2479 septimam,
1291 2401 1321 2460 id
1344 2407 1444 2461 contra
1464 2417 1583 2460 sensum
1605 2407 1636 2461 ct

289 2487 569 2548 demonstrationem
592 2497 650 2558 est,
673 2496 706 2546 ut
727 2490 752 2547 si
775 2487 872 2559 dicas,
896 2491 971 2547 inter
991 2505 1110 2565 aegrum
1132 2496 1162 2548 et
1183 2498 1328 2548 mortuum
1350 2487 1422 2547 nihil
1443 2489 1590 2548 interesse.

390 2575 575 2652 Aspectuum
597 2575 743 2636 efficaciae
765 2575 851 2636 iidem
871 2577 966 2654 prima
987 2577 1125 2637 conciliat
1146 2578 1336 2654 experientia,
1360 2591 1436 2654 quae
1458 2575 1533 2635 adeo
1557 2575 1636 2635 clara

289 2660 342 2740 est',
374 2669 410 2721 ut
435 2679 501 2721 eam
523 2679 580 2721 uon
603 2664 696 2742 possit
725 2681 847 2740 negare,
877 2665 933 2722 nisi
964 2666 1013 2740 qui
1044 2660 1188 2742 αὑτοηιης
1217 2681 1275 2724 non
1297 2664 1360 2724 tuit.
1404 2662 1463 2723 Sed
1485 2663 1634 2739 distinguo

288 2751 359 2808 inter
382 2767 483 2826 agere,
506 2749 619 2810 fortiter
641 2767 727 2826 agere
750 2759 780 2812 et
801 2752 886 2811 aliter·
907 2768 1003 2827 agere.
1036 2753 1071 2812 In
1094 2751 1235 2828 qualitate
1250 2753 1373 2812 actionis
1387 2768 1495 2827 magna
1508 2752 1634 2810 varietas

289 2845 337 2908 est,
361 2855 417 2914 pro
433 2835 605 2898 habitudine
620 2838 755 2914 subiecti,
778 2840 807 2897 in
822 2841 985 2915 quantitate
999 2845 1030 2898 et
1044 2841 1166 2900 vertute
1187 2857 1294 2918 magua
1311 2837 1467 2898 certitudo.
1506 2836 1633 2912 Quaeso,

288 2924 479 2984 iortuitumue
506 2929 566 2998 esi,
597 2925 675 3000 quod
706 2925 799 3004 Aprili
830 2932 893 2986 toto
924 2925 1042 2986 insolita
1070 2928 1126 2986 luit
1155 2929 1283 3002 siccitas,
1310 2924 1372 2986 -Sol
1402 2925 1523 3000 rubeus,
1554 2923 1634 2984 calor

291 3011 404 3070 occulta
428 3010 585 3088 pollentior
606 3015 712 3072 virtute
736 3014 834 3073 omnia
864 3021 1077 3092 corrumpente,
1107 3031 1195 3093 quam
1226 3022 1345 3075 externa
1372 3012 1493 3092 speciei
1527 3011 1633 3071 Nonne

290 3098 468 3173 quadratura
489 3099 544 3157 luit
565 3096 681 3158 Saturni
704 3107 733 3159 et
754 3099 841 3160 Jovis
870 3099 1028 3160 diuturna?
1073 3103 1110 3161 lit
1131 3103 1201 3180 quid
1224 3109 1283 3178 est,
1314 3101 1395 3178 quod
1426 3101 1503 3160 circa
1527 3100 1633 3158 iestum

289 3184 394 3246 iacobi
418 3191 484 3244 tota
505 3186 564 3246 iere
588 3185 686 3264 Styria
709 3186 902 3265 dysenteriam
925 3192 1015 3248 sensit
1036 3189 1261 3250 creberrimam?
1284 3187 1361 3264 Quia
1375 3205 1479 3266 nempe
1492 3188 1633 3247 materiae

287 3273 344 3347 jam
367 3273 532 3350 dispositae
554 3283 790 3352 supervenerunt,
810 3277 905 3353 primo
926 3277 1057 3352 quintilis
1080 3277 1196 3341 Saturni
1220 3285 1249 3338 et
1263 3277 1359 3351 Jovia,
1381 3275 1449 3335 inde
1471 3274 1633 3355 triangulus

291 3357 405 3418 Saturni
439 3369 469 3420 et
495 3359 611 3420 Martis.
665 3361 738 3420 Cum
761 3369 858 3425 nutem
879 3373 1015 3441 aspectus
1038 3365 1077 3423 sit
1097 3364 1223 3440 schesis,
1253 3365 1364 3424 schesis
1385 3379 1456 3422 vero
1477 3361 1581 3422 relatio
1604 3368 1635 3420 ct

289 3448 461 3507 relationum
484 3447 702 3508 tundamentum
724 3453 919 3525 quantitatum
942 3467 1087 3527 excessus,
1106 3453 1172 3529 jure
1195 3455 1282 3530 igitur
1304 3453 1392 3512 etiam
1413 3452 1444 3509 iu
1465 3449 1633 3526 aspectibus

291 3533 316 3592 id
335 3543 445 3595 natura
466 3533 588 3596 habebit
610 3551 660 3614 pro
684 3538 805 3611 eximio,
829 3537 907 3613 quod
930 3539 959 3597 in
984 3541 1076 3621 loyca
1096 3542 1287 3617 geometricis.
1660 3596 1663 3602 ,
1686 3549 1689 3553 “

387 3621 543 3683 Hactenus
558 3623 754 3701 ⁵pugnandum
774 3623 845 3682 mihi
867 3625 935 3699 luit,
955 3626 1018 3701 iam
1041 3635 1125 3688 erunt
1146 3632 1234 3688 etiam
1257 3623 1415 3705 ejicienda,
1438 3641 1515 3702 quae
1536 3620 1630 3699 affers,

291 3709 407 3770 auxilia.
461 3708 532 3769 lam
553 3712 607 3770 tihi
631 3713 707 3792 loyor
729 3713 898 3788 geometrici
920 3713 1049 3776 iecerunt
1072 3717 1236 3792 opinionem
1259 3716 1295 3775 de
1317 3713 1433 3774 occulta
1453 3714 1633 3792 praestantia

291 3797 445 3874 septenarii
467 3799 682 3876 suspicarisque
705 3797 741 3858 de
764 3798 866 3858 eodem
888 3799 1069 3876 planetarum
1092 3819 1221 3866 numero.
1269 3802 1334 3878 Ego
1356 3817 1427 3860 sero
1450 3817 1487 3860 ex
1508 3803 1633 3878 mystica

290 3901 474 3945 nurneromm
502 3884 575 3944 nihil
605 3887 728 3962 probare
760 3885 844 3960 volo,
873 3904 928 3948 uec
955 3897 1025 3967 puto
1053 3907 1149 3967 posse.
1198 3889 1243 3950 Ex
1270 3890 1511 3967 geometricorum
1537 3903 1632 3946 rernm

289 3972 451 4049 aptitudine
488 3970 523 4033 de
555 3974 729 4052 ,corporibus
774 3973 900 4053 disputo.
964 3977 1002 4036 Et
1038 3979 1063 4036 si
1099 3978 1215 4052 quaeris
1251 3993 1402 4036 numemm
1437 3973 1629 4052 planetarum,

289 4077 378 4135 quare
399 4059 449 4120 hic
471 4061 518 4134 sit,
538 4077 600 4120 uon
620 4057 712 4134 alius,
729 4077 796 4121 eum
818 4061 997 4138 egozvidcor
1018 4065 1048 4128 in
1070 4062 1171 4124 libello
1191 4081 1258 4124 meo
1280 4062 1487 4141 perfectissime
1509 4060 1633 4120 demon·

289 4153 405 4222 strasse,
430 4153 464 4205 ot
485 4161 570 4206 nemo
592 4150 730 4226 ambigat,
754 4151 804 4226 qui
826 4165 884 4208 nou
908 4151 1030 4226 ambigit
1051 4149 1150 4211 Solem
1172 4157 1265 4227 stare,
1289 4139 1406 4209 Terram
1428 4149 1548 4207 moveri.
1584 4146 1631 4206 De

290 4233 349 4294 lixis
362 4250 446 4320 ¹vero
469 4233 549 4294 uliud
573 4233 667 4296 dicere
689 4251 748 4294 non
771 4253 898 4314 possum,
922 4255 1010 4314 quam
1032 4235 1161 4298 dixeram
1183 4256 1247 4318 cap.
1265 4239 1294 4298 3.
1317 4235 1408 4298 libelli
1424 4236 1490 4295 mei.
1519 4233 1630 4308 Forsan

291 4325 362 4381 enim
383 4325 470 4382 tanta
491 4321 576 4382 nobis
599 4319 693 4384 adhuc
716 4325 801 4404 copia
822 4332 954 4403 superest
975 4323 1232 4387 Archimedeoram
1258 4333 1288 4386 et
1309 4323 1545 4386 secundariorum
1566 4339 1632 4382 cor·

291 4427 398 4486 pomm,
423 4416 457 4470 ut
478 4411 589 4470 numeri
610 4413 752 4470 rationem
773 4413 846 4472 inire
868 4411 934 4486 iude
958 4417 1077 4490 possint,
1100 4415 1126 4473 si
1140 4417 1409 4492 priusnumeratae
1428 4418 1496 4472 auu
1517 4411 1631 4470 luerint.

293 4495 328 4555 ht
349 4495 491 4575 quamdiu
514 4519 548 4558 το
571 4491 616 4558 ὁτι
637 4498 717 4572 latet,
741 4520 775 4559 το
799 4505 870 4560 deon
891 4499 1011 4560 ridicule
1034 4503 1210 4578 quaerimus.

390 4583 485 4660 Quae,
508 4583 625 4660 malum,
648 4603 711 4645 sors
727 4583 850 4645 adversa
864 4589 975 4664 premit,
1000 4595 1031 4648 ut
1045 4589 1253 4668 promtitudine
1276 4595 1328 4649 tua
1350 4589 1379 4646 in
1397 4584 1536 4663 juvandis
1558 4584 1632 4643 meis

293 4669 392 4732 studiis
415 4673 459 4730 uti
481 4689 633 4748 nequeam.
678 4671 796 4748 Scribis,
809 4667 847 4732 ⁴te
870 4676 981 4736 mittere
1005 4677 1152 4754 exemplar
1174 4677 1322 4755 'lychonis
1343 4673 1549 4753 Epistularum
1590 4670 1639 4729 ht.

201 4783 202 4792 κ
293 4755 350 4819 loco
380 4757 449 4818 lihri
477 4768 606 4820 reserato
622 4767 797 4836 ,tegumento
820 4763 932 4840 accipio
955 4762 1050 4824 Clarii
1073 4764 1272 4826 Theodosium
1294 4770 1324 4824 et
1345 4757 1503 4836 uuogula,
1534 4758 1633 4834 Ctugii

201 4833 203 4868 l

201 5419 203 5428 s

293 4843 553 4922 Lacedaemonem,
589 4865 684 4908 mores
721 4850 851 4930 gendum
884 4849 1061 4912 Damasceni
1096 4859 1126 4914 et
1156 4850 1342 4912 Heraclidem
1373 4849 1543 4921 Ponticum3
1580 4845 1631 4904 diu

294 4931 461 5009 deliberari,
491 4951 530 4994 an
560 4936 659 4996 statim
684 4937 874 5011 remitterem,
906 4937 1051 5000 videbaris
1073 4939 1130 5000 hoc
1158 4939 1258 5000 libello
1280 4939 1411 5009 sinuum,
1441 4935 1631 5010 tangentium,

293 5023 449 5084 tecantirmr
471 5021 654 5084 incommodo
677 5039 782 5084 carere.
827 5023 869 5083 At
896 5033 1011 5102 contra,
1041 5044 1092 5087 cur
1118 5028 1224 5087 husus
1252 5032 1366 5106 paterer
1393 5028 1544 5083 oneratum
1565 5038 1631 5081 esse

294 5109 486 5184 tabellarium,
517 5112 601 5187 quin,
619 5111 718 5191 potius
750 5111 916 5172 evolverem
948 5110 1053 5176 librum
1086 5131 1145 5175 non
1180 5121 1267 5175 antea
1297 5111 1417 5171 visum?
1454 5107 1630 5169 Occasiones

293 5197 451 5258 moribundi
467 5198 600 5260 crebrae.
644 5199 749 5274 itaqua
772 5199 844 5260 vicit
865 5203 1023 5278 sententia,
1053 5210 1088 5262 ut
1109 5205 1261 5263 retinerem
1281 5194 1388 5259 librum
1408 5199 1534 5272 mures,
1561 5195 1631 5255 dum

294 5284 359 5346 redit
380 5287 517 5346 nmcius.
561 5284 597 5346 id
618 5288 644 5346 si
665 5285 820 5360 molestum
842 5287 896 5348 tihi
918 5297 978 5365 eat,
1001 5287 1255 5368 ignosco'ignaro.
