4242 6384
860 733 1000 808 Apologia.
1066 781 1069 799 ‚
1543 744 1607 823 app

263 913 389 972 naturali
411 919 441 972 ot
463 915 623 998 conspiqna
644 920 716 976 nota
738 912 906 993 dispungas,
929 910 980 975 sed
1004 913 1034 973 in
1049 913 1253 992 daqmgeodo
1267 932 1347 977 mere
1363 917 1455 980 ntads
1476 917 1606 992 arbitrio,

265 1001 328 1060 mibi
351 1009 450 1078 partes
471 1003 661 1063 terminorum
691 1003 817 1075 initurae
842 1009 1076 1078 comparatorum
1105 1020 1156 1080 per
1177 1020 1210 1062 se
1239 1003 1335 1078 ipsas,
1363 1006 1429 1070 siue
1451 997 1607 1068 arbitraria

262 1089 401 1148 divisione
423 1090 483 1146 sint
507 1091 691 1164 conspicuae.
738 1087 830 1164 igitur
853 1087 909 1148 boc
926 1090 976 1146 ils
1000 1096 1091 1158 textu,
1115 1089 1183 1146 drrm
1205 1087 1236 1146 id
1250 1093 1346 1168 ipsum
1368 1092 1476 1170 incipio
1499 1090 1607 1170 dicere,

260 1187 286 1234 tn
308 1175 503 1236 stomacharis
526 1176 619 1236 veluti
642 1194 729 1251 snper
751 1177 983 1252 importunitate
1005 1194 1087 1247 oneo,
1115 1179 1240 1252 capique
1262 1183 1289 1236 tu
1310 1181 1355 1236 ais
1378 1177 1422 1238 ad
1442 1177 1606 1255 daemom-

260 1263 326 1320 dom
350 1263 530 1337 matteum
554 1265 755 1338 quaternarii.
802 1261 865 1338 Epo
890 1279 975 1330 vero,
1008 1266 1063 1322 etsi
1086 1280 1144 1322 non
1167 1281 1287 1340 possum
1310 1265 1410 1340 aliter,
1440 1283 1528 1341 quam
1553 1284 1607 1327 ve·

260 1351 349 1408 aerari
374 1353 524 1427 mysteria,
548 1368 625 1426 qnae
649 1363 679 1410 tu
704 1349 751 1408 bie
774 1367 808 1408 ex
832 1347 1020 1426 philosophia
1036 1349 1237 1428 Pythagorica
1259 1355 1369 1430 promis
1391 1351 1607 1432 exquecabala

259 1437 471 1510 Hebraeorum,
505 1455 563 1496 non
588 1440 723 1499 existimo
747 1449 844 1496 tamen
868 1447 896 1494 te
920 1445 1052 1498 coactum
1076 1455 1096 1496 a
1117 1455 1164 1496 me
1188 1441 1300 1514 potius,
1329 1455 1418 1518 quam
1440 1441 1606 1512 invitatum,

257 1543 304 1582 nec
329 1527 449 1583 invenio
474 1525 643 1602 quidquam,
668 1523 746 1600 qnod
770 1525 982 1600 comparationi
1005 1524 1229 1593 meaaoiticiat.
1276 1525 1328 1584 list
1356 1528 1474 1586 omnino
1498 1545 1607 1602 magna

258 1614 432 1686 quaternarii
457 1611 601 1687 dignitas,
631 1623 662 1670 nt
684 1611 740 1672 bac
762 1628 820 1680 non
844 1612 981 1672 obstante
1008 1613 1097 1670 sitnm
1128 1620 1226 1675 tamen
1258 1613 1363 1672 intuo
1391 1613 1447 1672 tuit
1474 1614 1606 1693 arbitrio,

257 1698 382 1758 dividere
409 1698 587 1775 subjectum,
606 1697 727 1774 aliquod
757 1699 957 1761 harmonicum
992 1697 1038 1756 vel
1071 1701 1100 1759 in
1129 1707 1256 1774 quatuor
1287 1699 1334 1758 vel
1364 1702 1453 1759 etiam
1483 1703 1512 1758 in
1536 1703 1610 1762 tria·

259 1787 317 1844 Non
347 1787 427 1848 cuim
450 1789 540 1846 uteris
567 1787 678 1867 ubique
708 1786 852 1846 diuisione
881 1786 1083 1862 quaternaria,
1099 1783 1258 1855 interdum
1288 1787 1339 1846 tibi
1363 1785 1463 1864 plicet
1490 1797 1521 1848 ct
1543 1781 1604 1861 ter·

258 1879 343 1946 traria,
370 1883 403 1932 ut
424 1876 559 1948 sequqrrti
584 1882 664 1942 textu
689 1875 740 1934 22.
764 1872 870 1932 indico.
918 1869 996 1946 Quid
1019 1873 1124 1948 slago
1152 1881 1249 1936 tecum
1280 1892 1315 1931 cx
1339 1876 1397 1934 tuis
1418 1877 1518 1950 ,ipsius
1542 1875 1606 1934 dis-

258 1973 355 2036 putem
378 1961 549 2038 principiis?
595 1961 640 2018 An
666 1963 720 2020 erit
741 1959 811 2035 mibi
836 1957 952 2024 difficile
977 1959 1110 2038 probare,
1133 1967 1161 2019 te
1184 1959 1241 2018 bac
1263 1959 1383 2035 quidem
1406 1964 1470 2022 uico
1489 1978 1606 2039 nequa·
1669 1979 1674 1996 ³

255 2066 338 2122 quam
351 2051 517 2125 respexisse
532 2052 624 2125 primo
640 2047 678 2106 ad
698 2047 870 2124 dignitatem
888 2049 1074 2122 quaternarii,
1099 2045 1168 2108 dnm
1184 2056 1311 2124 quatuor
1325 2047 1434 2124 gradus
1450 2051 1607 2126 opacitatis
1626 2085 1632 2090 -

255 2135 381 2207 rubbes,
406 2135 461 2196 scd
482 2135 649 2198 immediate
672 2135 709 2195 ad
733 2123 892 2192 nnmerum
908 2125 1118 2209 olonnentoruu'r¹
1139 2134 1380 2213 quaternarium?
1422 2135 1499 2198 Nam
1516 2136 1605 2212 quid-

256 2223 318 2297 quid
349 2230 396 2284 est
424 2225 461 2280 in*
482 2241 604 2284 excessu
633 2224 788 2298 opacitatis
819 2231 913 2283 terrae
944 2239 1031 2297 snper
1054 2224 1231 2298 opacitatem
1249 2239 1370 2298 aquae,
1402 2222 1432 2281 id
1455 2231 1526 2302 puto
1550 2224 1604 2282 tibi

256 2328 314 2366 osso
338 2310 466 2384 madum
488 2320 636 2388 quartum,
659 2307 801 2386 quidquid
825 2307 900 2388 plus.
915 2311 942 2366 in
958 2327 1037 2384 aqua
1059 2325 1148 2384 quam
1165 2310 1195 2369 iu
1210 2312 1287 2378 abre,
1311 2310 1438 2382 tertium,
1461 2309 1607 2387 quidquid

256 2397 315 2472 plus
338 2399 371 2454 in
393 2401 461 2458 a‘e'ra
485 2415 573 2473 quam
596 2399 625 2456 in
646 2401 734 2474 igue,
756 2395 931 2468 secundum,
963 2398 1027 2472 ipsa
1049 2412 1120 2454 vero
1144 2396 1454 2470 ignistenebrositate
1481 2399 1606 2476 primum

255 2485 355 2542 debitis
377 2483 522 2560 gradum⁰¹
555 2483 638 2543 Haec
662 2483 797 2558 equidem
822 2482 969 2541 distinctio
992 2489 1114 2552 natiuae
1128 2484 1220 2558 ipsius
1242 2493 1296 2554 est,
1318 2485 1344 2540 si
1358 2485 1504 2560 ponimus,
1527 2501 1605 2560 qua·

256 2576 415 2633 ternionem
444 2572 526 2630 illum
557 2571 768 2632 elennentorum
797 2571 849 2628 niti
880 2581 1001 2628 naturae
1030 2569 1199 2648 principiis,
1235 2561 1287 2642 Sic
1308 2573 1384 2630 enim
1413 2573 1503 2640 etiam
1525 2571 1605 2648 apud

257 2677 297 2716 mo
323 2657 447 2722 diurnus
469 2659 608 2734 planetae
637 2668 734 2718 motus
757 2672 815 2716 non
839 2675 870 2718 se
894 2661 972 2733 ipso,
1004 2656 1058 2714 sod
1080 2658 1303 2734 comparatione
1329 2657 1367 2716 ad
1388 2667 1501 2720 motum
1528 2657 1605 2719 altc-

253 2749 307 2804 rius
331 2755 431 2824 partos
455 2749 574 2804 sortitur
596 2756 732 2822 quatuor,
756 2753 825 2809 tunc
848 2745 974 2816 scilicet,
1010 2761 1075 2820 cum
1098 2761 1237 2812 excessus
1260 2745 1346 2802 unius
1368 2762 1457 2822 super
1478 2743 1605 2820 alterum

255 2843 291 2890 ter
321 2835 488 2892 continetur
519 2835 549 2892 in
579 2834 670 2894 altero
702 2841 812 2894 exacte.
860 2834 899 2892 At
929 2832 1057 2890 vicissim
1082 2834 1171 2895 etiam
1200 2831 1332 2910 expende
1360 2834 1490 2893 rationes
1511 2847 1605 2906 meas,

254 2923 355 2993 quibus
385 2919 463 2980 banc
492 2920 717 2998 quaternitatem
747 2919 891 2996 meduane
919 2917 1057 2978 refellam.
1112 2917 1240 2993 Primum
1272 2916 1418 2986 elementa
1446 2935 1606 2998 corporum

254 3025 304 3064 non
328 3015 399 3068 sunt
424 3017 564 3083 quatuor,
596 3011 696 3072 uniatur
719 3023 856 3066 numerus
880 3009 935 3064 iste
959 3005 1115 3064 Platonica
1143 3007 1240 3083 polius
1266 3005 1533 3085 symbolisatione,
1557 3005 1606 3066 uel

255 3095 439 3154 aristotelica
462 3095 638 3170 qualitatum
669 3095 901 3165 combinatione,
933 3095 987 3152 nisi
1012 3091 1185 3168 quidaliud
1217 3094 1315 3168 wem
1337 3093 1484 3168 dicamus,
1515 3111 1605 3170 quam
1659 3118 1663 3124 ·
1739 3125 1746 3134 ›

257 3181 341 3256 illum,
367 3183 421 3258 qui
443 3181 611 3259 depascitur
633 3199 763 3262 corpora.
808 3181 871 3252 Nec
894 3198 960 3240 inca
981 3189 1026 3238 ost
1048 3182 1169 3241 novatio
1193 3181 1259 3250 ista,
1284 3183 1406 3254 negavit
1428 3179 1507 3239 idem
1529 3169 1605 3240 Gar·

255 3267 342 3330 danus
371 3276 441 3333 ante
472 3288 518 3330 mu
549 3269 691 3344 multique
713 3267 780 3332 alii.
834 3267 875 3326 Si,
897 3269 1140 3344 compositionem
1170 3267 1354 3343 respicimus,
1395 3284 1431 3328 ex
1468 3275 1606 3332 terrast

255 3373 327 3431 aqua
351 3363 490 3420 coartant
512 3357 676 3418 artificialia
704 3357 860 3432 pleraque,
890 3365 934 3412 est
956 3355 1005 3414 ubi
1029 3347 1119 3414 etiam
1142 3370 1178 3413 cx
1201 3357 1282 3425 aire,
1314 3373 1351 3413 ex
1372 3356 1440 3434 igne
1466 3354 1539 3414 nibil
1561 3353 1605 3432 fit,

257 3444 302 3502 sed
329 3446 409 3518 ignis
437 3448 535 3512 omnia
563 3445 716 3504 consumit.
763 3441 963 3522 Qtrueennquc
992 3444 1119 3515 vestigia
1141 3442 1207 3516 quis
1237 3443 1314 3516 ignis
1344 3450 1507 3502 monstrare
1535 3442 1607 3500 uelit

257 3533 281 3588 in
303 3529 503 3604 naturalibus,
535 3549 570 3592 ea
593 3533 703 3590 formae
726 3531 824 3606 potius
847 3535 898 3590 aut
921 3531 1036 3592 animae
1058 3537 1143 3600 sqnt,
1177 3545 1253 3605 qnae
1276 3521 1335 3588 no'n
1358 3538 1403 3596 est
1429 3527 1606 3589 elementum

259 3635 428 3696 corporeum
461 3619 507 3678 vel
536 3620 734 3683 materiatum,
768 3623 905 3688 utterra
934 3614 980 3677 vel
1009 3633 1099 3690 aqua.
1149 3613 1201 3674 Sin
1230 3633 1299 3675 vero
1330 3615 1368 3676 ad
1396 3616 1606 3694 resolutionem

258 3708 368 3766 venitur
397 3723 552 3781 corporum
575 3703 762 3774 naturalium,
782 3704 845 3780 jam
868 3701 976 3760 dudum
1002 3703 1125 3774 Arabes,
1149 3700 1346 3778 chymicorum
1370 3711 1485 3762 tuorum
1508 3703 1605 3778 majo-

256 3809 313 3866 res,
346 3795 405 3852 tria
428 3803 612 3868 agnoverunt
633 3793 790 3868 principia:
818 3789 879 3862 sal,
908 3785 1031 3868 sulphur
1054 3799 1084 3848 et
1105 3791 1296 3860 mercurium,
1324 3801 1410 3868 puto,
1427 3807 1551 3855 ,serrsum
1574 3792 1605 3846 in

259 3879 311 3938 boe
333 3889 454 3940 secutos
478 3882 653 3946 mercurium
675 3879 792 3948 dixisse,
817 3876 956 3953 quicquid
980 3876 1109 3941 exhalat,
1134 3874 1213 3950 qnod
1229 3876 1382 3936 odoratum
1404 3884 1518 3948 movet3
1540 3875 1605 3937 sul-r

257 3966 338 4042 phur,
364 3984 425 4041 quo
448 3970 577 4042 poscitur
592 3968 730 4040 ,flamma
754 3963 812 4038 sal,
841 3963 921 4039 qnod
943 3970 1012 4040 post
1035 3962 1294 4038 conflagrationem
1317 3962 1475 4022 residetis
1499 3965 1605 4028 cineri-

258 4053 315 4112 bus.
362 4053 419 4112 His
442 4057 530 4130 igitur
553 4055 721 4112 auctoribus
745 4053 821 4127 ignis
845 4057 976 4110 vastator
1000 4059 1052 4122 est,
1078 4049 1188 4108 divisor
1209 4058 1262 4122 est,
1286 4048 1444 4110 dissolutor
1460 4057 1511 4121 est,
1536 4068 1604 4127 pars

259 4143 383 4218 torporis
407 4141 487 4202 baud
510 4149 564 4202 ost.
611 4141 705 4200 Multa
729 4141 756 4196 in
781 4139 858 4210 banc
880 4139 1055 4200 sententiam
1079 4136 1221 4214 disputari
1243 4144 1377 4213 possent,
1407 4154 1483 4214 quae
1506 4145 1602 4194 tamen

259 4227 341 4303 liujus
364 4229 422 4288 loci
445 4242 504 4288 non
528 4237 571 4288 est
587 4229 729 4304 prolixius
745 4224 899 4302 explicare.
944 4223 1137 4300 Quaternario
1154 4224 1241 4298 igitur
1259 4225 1468 4284 elementorum
1483 4241 1604 4284 numero

260 4315 412 4392 dissipato,
443 4316 555 4377 deletur
585 4318 673 4374 etiam
704 4313 851 4374 distinctio
882 4313 940 4370 ista
972 4309 1147 4388 qualitatum
1176 4326 1415 4396 quarumcunque
1444 4310 1604 4390 ingratus

261 4415 392 4476 quatuor.
438 4397 552 4462 Deinde
575 4405 625 4478 qui
649 4400 758 4478 gradus
781 4400 907 4478 olienJ'us
929 4399 970 4458 rei
992 4405 1136 4470 numerat,
1161 4398 1187 4456 is
1209 4415 1267 4458 non
1292 4397 1380 4476 debet
1401 4399 1431 4456 in
1454 4415 1605 4458 numerum

263 4492 362 4549 reterre
395 4489 440 4550 vel
464 4493 658 4566 negationem.
679 4491 719 4548 rei
743 4493 860 4564 puram,
891 4485 939 4544 vel
967 4485 1112 4554 infinitum
1135 4486 1297 4562 quippiam:
1343 4486 1383 4544 At
1410 4487 1442 4544 in
1462 4485 1508 4544 his
1537 4487 1605 4558 inis,

262 4573 395 4648 liuberte,
427 4577 568 4653 gradibus
597 4577 683 4636 video
714 4577 742 4632 in
773 4581 850 4636 terre
871 4575 1058 4650 negationem
1084 4568 1160 4632 lucis
1182 4590 1303 4650 meram,
1337 4573 1523 4632 obscuritatis
1544 4575 1605 4646 vim

263 4663 397 4724 infinitam
430 4673 466 4726 et.
492 4663 678 4722 illimitatam.
729 4662 795 4726 Hoc
829 4659 946 4739 perinde
980 4669 1037 4732 est,
1067 4676 1104 4718 rso
1136 4661 1162 4718 si
1192 4663 1258 4736 qnia
1292 4659 1414 4730 diceret,
1449 4659 1606 4734 cujuslibet

263 4749 350 4812 lineas
374 4760 432 4812 mes
456 4769 521 4812 esse
544 4760 651 4828 partes,
676 4759 815 4826 punctum
839 4749 922 4822 initii,
946 4747 1053 4808 lineam
1078 4751 1172 4823 ipsam
1196 4755 1225 4805 ot
1246 4755 1386 4826 punctum
1409 4747 1504 4828 drinio.
1549 4747 1605 4804 At-

268 4855 317 4910 que
346 4839 436 4914 hujus
467 4839 597 4900 detectus
619 4839 831 4898 contessionem
861 4835 952 4898 veluti
976 4833 1125 4910 quandam
1152 4834 1295 4894 babemus
1325 4837 1354 4891 in
1378 4837 1442 4912 ipsa
1473 4835 1605 4909 oratiope

266 4933 325 5000 tun,
356 4945 421 4986 cum
445 4929 489 4986 ais
512 4933 627 4986 merom
651 4943 769 5001 purum
793 4925 840 4982 uel
861 4923 938 4982 nituit
959 4921 1069 4981 babere
1089 4922 1209 4999 [mame
1238 4939 1291 4980 ocu
1312 4922 1387 4980 lucio
1413 4922 1551 4996 vivificus
1571 4924 1605 4980 ia

266 5028 297 5069 sc.
341 5013 441 5072 'lertio
472 5017 497 5074 si
531 5014 690 5088 qualitates
722 5015 800 5090 ipsas
823 5027 989 5084 sumamus,
1022 5010 1139 5085 ineptae
1161 5007 1230 5068 illae
1254 5010 1438 5070 invenientur
1467 5007 1606 5068 adhunc

266 5103 484 5171 quaternarium.
530 5101 562 5158 Si
594 5100 688 5160 lucam
720 5102 882 5172 intuemur,
909 5096 991 5156 nulla
1013 5095 1063 5154 lux
1087 5103 1131 5154 est
1158 5097 1188 5152 in
1216 5099 1282 5155 ae're
1312 5098 1400 5156 insita
1427 5103 1457 5154 et
1478 5098 1604 5172 propria,

267 5185 338 5246 nulla
359 5189 387 5248 in
410 5206 507 5265 aqua,
536 5186 617 5246 nulla
640 5189 669 5245 in
692 5195 785 5262 terrm
815 5188 840 5246 si
864 5183 1110 5264 pelluciditatem,
1140 5199 1176 5244 ea
1207 5184 1237 5241 in
1260 5183 1377 5246 aethera
1400 5185 1528 5245 maxima
1550 5187 1603 5258 est,

1026 5473 1047 5543 i
