4242 6384
727 785 887 842 nnov
905 759 1056 855 copurrv.
1516 793 1578 854 aar

316 967 433 1039 Nullius
454 966 707 1046 igitnrxplanatne
723 969 821 1026 unius
841 961 998 1026 utendis
1024 971 1153 1026 extrema
1183 963 1221 1026 ad
1242 959 1413 1028 harmonias
1434 963 1578 1084 allpdunt,

246 1063 341 1132 praeter
361 1055 469 1116 Martis
491 1065 521 1116 et
541 1055 688 1121 Mercurii
702 1049 748 1135 ²¹)
1574 1093 1578 1102 -

316 1142 355 1200 At
376 1146 402 1202 si
427 1143 617 1202 diversorum
630 1141 814 1220 planetamm
835 1139 991 1200 intervalla
1019 1146 1149 1199 extrema
1171 1142 1245 1201 inter
1267 1158 1299 1201 ιι
1322 1157 1489 1217 compares,
1517 1141 1579 1217 jam

246 1229 366 1304 affugere
395 1233 501 1308 incipit
524 1230 630 1305 aliqua
656 1229 707 1287 lux
736 1227 928 1294 harmonicen.
972 1227 1047 1289 Nam
1079 1236 1208 1304 extrema
1235 1224 1255 1304 li
1286 1235 1315 1288 et
1344 1227 1581 1304 ildivergentia
1629 1241 1634 1248 ·

245 1316 338 1374 iaciunt
358 1317 450 1394 paulo
471 1318 540 1394 plus
561 1334 650 1393 quam
674 1315 826 1392 diapason,
850 1316 1055 1390 converguntia
1068 1314 1198 1377 medium
1221 1317 1414 1382 intersertas
1436 1315 1578 1391 majorem

245 1405 431 1463 eminerem.
475 1405 526 1465 Sic
547 1411 677 1464 extrema
698 1403 731 1476 ll
752 1409 783 1462 et
804 1401 1024 1479 &divergentia
1046 1402 1276 1478 complectuntur
1298 1402 1357 1463 lere
1380 1401 1578 1479 disdiapason,

245 1495 437 1566 mnrergentia
457 1492 517 1551 iere
539 1491 676 1566 diapante
699 1506 766 1548 cum
787 1490 938 1566 diapason.
970 1487 1095 1548 'l'ellaris
1118 1507 1188 1549 vero
1212 1499 1242 1549 et
1262 1497 1287 1558 ὁ
1310 1488 1491 1566 divergentia
1513 1491 1580 1568 plus

244 1577 379 1654 aliquanto
420 1587 490 1638 sunt
517 1577 669 1655 complexa
703 1595 792 1652 quarn
825 1583 937 1636 sertam
967 1577 1124 1651 majorem,
1160 1579 1368 1653 convargentia
1400 1577 1579 1636 diatessaron

245 1664 391 1730 mundans.
438 1665 473 1724 In
501 1667 635 1741 sequenti
664 1663 771 1742 copula
799 1663 925 1724 Telluris
954 1671 984 1723 et
1007 1660 1033 1742 Ω
1055 1679 1168 1722 rursum
1204 1667 1279 1724 inter
1305 1666 1513 1740 eonvergentia
1536 1673 1581 1725 est
1695 1666 1697 1674 ’

246 1750 307 1808 ilem
328 1745 514 1813 diatesseron
535 1743 705 1824 abundans,
739 1758 771 1810 at
802 1754 877 1810 inter
905 1751 1085 1826 divergentia
1114 1750 1297 1810 destituimur
1318 1751 1488 1832 harmonica
1509 1769 1579 1829 pro-

246 1842 377 1913 portione:
408 1843 503 1899 minor
534 1841 612 1899 enim
637 1847 685 1898 est
711 1855 799 1914 quam
832 1838 1060 1916 hemidiapsson
1082 1833 1122 1920 (si
1153 1841 1194 1898 ita
1216 1839 1285 1899 licet
1306 1833 1422 1942 inquil,
1451 1839 1508 1898 hnc
1537 1847 1581 1898 est

246 1928 321 1982 minor
342 1945 436 2003 qnam
457 1927 630 2004 semidupla
653 1923 799 2002 Denique
811 1927 886 1986 inter
908 1921 933 2005 ῼ
956 1935 986 1986 ιι
1008 1921 1035 2006 Q
1057 1925 1239 1999 divergentia
1261 1925 1350 2004 paulo
1372 1929 1467 1984 minus
1490 1927 1581 1986 inter·
1659 1932 1665 1948 ¹

246 2021 279 2071 ιιι
297 2017 462 2091 composita
483 2032 520 2074 ex
541 2014 684 2091 diapason
714 2019 744 2073 et
772 2015 859 2073 tertia
880 2016 1010 2088 minore;
1040 2015 1115 2072 inter
1142 2016 1350 2092 convergentia
1377 2023 1437 2076 ιιι
1438 2013 1580 2090 diapente

246 2100 393 2176 abundans,
416 2102 507 2178 paulo
529 2100 636 2178 plus

313 2189 377 2248 Etsi
399 2191 491 2265 igitur
505 2205 595 2246 unam
616 2185 801 2246 intervallum
824 2185 913 2262 paulo
935 2186 1051 2261 longius
1067 2187 1129 2245 abit
1145 2187 1182 2244 ab
1198 2186 1383 2256 harmonicis,
1405 2189 1461 2247 luit
1483 2195 1581 2249 tamen

245 2271 281 2331 lic
298 2291 453 2335 successus
474 2277 698 2335 invitamentum
720 2273 757 2334 ad
779 2267 1022 2350 progrediendum
1037 2274 1167 2332 ulterius.
1188 2273 1282 2332 Erant
1297 2275 1396 2334 tutem
1419 2274 1474 2334 hae
1497 2293 1580 2336 meae

246 2363 479 2423 allucinationes.
523 2363 653 2422 Primum
685 2361 839 2420 intervalla
867 2359 955 2435 baec,
972 2364 1015 2418 in
1039 2367 1180 2436 quantum
1202 2369 1270 2422 sunt
1293 2360 1491 2437 longitudines
1515 2366 1578 2422 sine

246 2457 325 2520 notu,
358 2469 420 2509 non
443 2459 511 2527 apte
533 2449 571 2508 ad
599 2451 772 2514 harmonica
794 2451 1007 2519 examinantur,
1040 2451 1110 2524 quia
1140 2449 1299 2507 harmoniis
1321 2451 1417 2528 magis
1438 2450 1580 2514 familiare

246 2535 393 2610 subiectum
417 2546 463 2598 est
484 2531 596 2613 motus,
626 2553 716 2596 causa
745 2535 899 2595 celeritatis
931 2544 961 2594 et
990 2535 1143 2610 tarditatis.
1189 2534 1303 2594 Deinde
1335 2538 1363 2594 in
1399 2534 1519 2609 iisdem,
1549 2539 1579 2596 in

246 2633 369 2694 quantum
392 2633 464 2684 sant
488 2625 621 2684 diametri
645 2625 766 2697 orbium,
790 2621 926 2686 credibile
949 2631 994 2683 est
1019 2624 1163 2699 potiorem
1195 2639 1259 2681 esse
1282 2621 1414 2682 habitam
1437 2627 1580 2684 rationem

247 2725 382 2785 corporum
406 2712 584 2788 regularium
608 2713 738 2788 quinque
760 2709 964 2786 annalogia,
989 2711 1058 2786 quia
1082 2725 1156 2785 quse
1180 2711 1254 2769 ratio
1271 2717 1316 2768 est
1331 2721 1484 2786 corporum
1506 2728 1581 2787 geo·-

247 2789 416 2858 netricorum
439 2800 599 2858 solidorum
621 2798 660 2857 ad
683 2797 824 2858 coelestes
845 2798 941 2869 orbes,
965 2795 1154 2873 undiquaque
1169 2797 1216 2856 vel
1233 2795 1348 2856 clausos
1371 2797 1491 2858 coelesti
1515 2816 1581 2858 nra-

248 2887 317 2958 teria,
350 2896 385 2945 ut
409 2887 474 2946 rnlt
495 2889 668 2963 antiquitas,
695 2885 743 2944 vel
773 2883 951 2944 claudendus
980 2887 1145 2947 successive
1174 2883 1362 2960 plurimarum
1394 2889 1581 2962 gyrationem

250 2971 498 3047 agglomeratione,
527 2975 629 3032 cadem
653 2979 698 3031 est
720 2979 751 3031 et
771 2971 924 3047 planarum
946 2970 1111 3047 figurarum,
1136 2971 1244 3030 circulo
1267 2971 1470 3048 inscriptilium
1493 2969 1581 3052 (quae

250 3053 340 3130 figurae
362 3061 532 3131 harmonias
555 3055 705 3142 gignunt),
729 3058 767 3116 ad
789 3057 910 3118 circulos
926 3060 1068 3118 coelestes
1089 3067 1222 3120 motuum
1245 3067 1399 3135 ceteraque
1422 3061 1527 3150 spatis,
1551 3063 1579 3118 in

250 3146 337 3216 quibus
359 3148 437 3206 liunt
459 3155 566 3208 motus.
604 3148 681 3223 Ergo
704 3147 729 3204 sl
752 3143 918 3220 quaerimus
932 3145 1108 3230 harmonias,
1132 3161 1307 3221 quaeramus
1330 3163 1380 3206 eas
1402 3142 1496 3205 noh·
1484 3163 1512 3204 ιιι
1536 3146 1581 3205 his

249 3231 407 3308 herradis,
440 3242 474 3293 ut
496 3241 565 3292 aunt
586 3233 794 3294 semidiametri
815 3233 943 3323 orbium,
971 3234 1053 3292 sed
1045 3251 1075 3290 ιιι
1099 3233 1171 3306 illis,
1192 3239 1227 3292 ot
1250 3241 1317 3292 sunt
1339 3249 1493 3294 mensurae
1515 3249 1581 3293 uro-

251 3322 323 3392 tmm,
344 3321 407 3381 boc
427 3329 472 3380 est
493 3323 523 3378 in
545 3323 618 3398 ipsis
639 3323 739 3400 potius
760 3312 897 3379 motibus.
942 3319 1021 3380 Sane
1043 3311 1199 3380 intervalla
1220 3337 1278 3380 non
1302 3321 1361 3380 alia
1382 3329 1507 3398 possunt
1529 3340 1581 3381 ac-

250 3405 292 3480 cipi
318 3425 369 3483 pro
399 3407 624 3470 semidiametris
652 3409 780 3481 orbium,
810 3425 898 3483 quam
925 3407 1099 3482 mediocria,
1133 3425 1195 3467 nos·
1210 3425 1280 3468 vero
1303 3407 1357 3467 ‘bic
1387 3407 1423 3469 da
1446 3411 1581 3469 extremis

251 3494 344 3565 ιιίιιιι
366 3494 541 3555 intervallis.
585 3495 652 3554 Non
674 3497 789 3571 agimus
811 3497 899 3570 igitur
921 3496 958 3556 de
979 3491 1142 3554 intervallis
1157 3501 1292 3572 respectu
1315 3513 1434 3556 suorum
1457 3498 1580 3572 orbium,

251 3578 289 3635 ot
307 3591 441 3658 respectu
462 3589 603 3642 motuum.

317 3666 371 3728 His
393 3672 484 3746 igitur
507 3669 543 3730 dc
565 3671 663 3729 musis
687 3687 751 3727 cum
775 3668 811 3727 ad
834 3671 966 3727 motuum
988 3671 1451 3747 extremorum‘comparationem
1473 3671 1582 3728 transl·

251 3753 356 3830 rissem,
389 3759 517 3833 primum
539 3765 709 3815 manserunt
730 3754 930 3832 magnitudine
953 3755 1073 3815 eaedem
1095 3763 1228 3815 motuum
1251 3759 1471 3836 proportiones,
1505 3759 1581 3833 quae

251 3841 313 3910 orius
333 3851 417 3902 erant
439 3844 678 3916 intervallorum,
702 3842 902 3905 tantummodo
925 3861 1063 3918 eversae3
1094 3861 1184 3920 quare
1207 3847 1300 3904 etism
1319 3847 1393 3902 inter
1414 3853 1511 3902 motus
1533 3847 1581 3901 in·

252 3935 337 3989 ventae
352 3937 423 4010 sunt
436 3934 640 4010 proportiones
653 3930 780 4010 aliquae,
803 3939 834 3989 nt
850 3932 948 4006 prius,
944 3932 1152 3990 inconcinnae
1176 3941 1205 3989 et
1220 3929 1258 3990 ab
1282 3931 1439 4012 harmoniis
1456 3931 1580 3991 alienae.

252 4009 276 4068 Id
293 4033 358 4076 vero
379 4035 496 4077 rursum
518 4025 600 4077 ratus
623 4035 687 4076 sum
709 4020 811 4080 merito
841 4017 911 4075 mihi
935 4019 1067 4091 evenire,
1102 4021 1210 4094 quippe
1238 4020 1288 4094 qui
1320 4007 1485 4095 comparem
1507 4019 1585 4078 inter

253 4113 275 4156 tt
291 4118 368 4164 urus
390 4108 555 4184 eocenuici,
577 4107 629 4182 qui
651 4121 745 4181 neque
766 4107 825 4164 sint
846 4107 974 4181 expressi
996 4112 1026 4164 et
1047 4105 1190 4164 numerati
1213 4121 1350 4164 mensura
1372 4103 1584 4182 magnitudinis

254 4185 378 4266 ejusdam,
408 4191 461 4252 sed
482 4200 668 4262 numerentur
690 4192 828 4269 gradibus
849 4200 879 4250 et
901 4195 1035 4265 minutis,
1068 4209 1144 4267 quae
1167 4201 1234 4252 sunt
1256 4195 1292 4250 in
1309 4191 1435 4268 planctis
1459 4191 1582 4252 diversis

254 4279 441 4350 mgniordinis
461 4279 608 4354 diversae,
629 4287 725 4355 nsque
738 4283 827 4339 etiarn
841 4280 951 4338 iaciant
966 4281 1166 4356 apparentiam
1189 4279 1273 4339 ullibi
1296 4286 1417 4367 tantrqn,
1441 4285 1582 4356 qnantum

255 4355 308 4419 licit
326 4382 468 4427 numerus
485 4368 636 4444 cujusque,
660 4370 715 4425 nisi
738 4374 850 4426 tanturn
872 4369 902 4424 iu
925 4375 1024 4427 centro
1046 4369 1199 4426 eccentrici
1222 4361 1373 4444 cujusque,
1398 4367 1475 4444 quod
1500 4367 1582 4425 nullo
1699 4387 1714 4395 ·

245 4460 352 4524 'wipere
373 4459 420 4514 ιιι
441 4454 601 4527 suffultum,
624 4471 660 4514 ac
680 4454 800 4529 proinde
824 4457 912 4513 etiam
929 4452 1105 4516 incredibile
1127 4462 1181 4528 est,
1205 4467 1322 4514 sensum
1345 4455 1393 4515 vel
1415 4456 1583 4514 instinctum

256 4540 425 4601 utmorem
417 4559 447 4599 ur
469 4541 522 4601 illo
542 4542 644 4600 mundi
660 4541 732 4599 loco
754 4541 846 4600 ullum
869 4557 950 4615 esse,
973 4543 1162 4617 apparentiae
1184 4517 1287 4618 hujus
1295 4559 1447 4619 capacem,
1472 4544 1530 4599 imo
1554 4547 1583 4601 et

257 4619 429 4702 inpoamile,
465 4629 609 4705 siquidem
639 4629 844 4704 comparabam
872 4629 1052 4687 diversorum
1086 4627 1268 4706 planetarum
1298 4647 1382 4689 arcus
1405 4631 1582 4689 eecentricos

259 4722 327 4770 ursa
346 4733 417 4775 suae
438 4717 629 4793 apparentiae
651 4719 679 4772 in
703 4719 808 4775 centris
831 4718 901 4788 sais,
925 4733 1004 4792 quae
1025 4709 1134 4776 diversi
1153 4717 1290 4784 obtinent
1305 4715 1439 4792 ditersaJ
1462 4731 1584 4793 compa·

258 4801 319 4856 otae
338 4819 408 4862 vero
430 4801 564 4862 diversae
586 4810 759 4881 apparentes
791 4801 1037 4879 magnitudines
1028 4821 1057 4861 ιιι
1080 4819 1139 4864 uno
1162 4803 1308 4863 debebant
1329 4804 1430 4863 mundi
1453 4803 1518 4863 loeo
1542 4805 1584 4862 sie

260 4894 382 4964 rapuere,
406 4899 440 4948 nt
460 4877 507 4963 id,
509 4891 609 4966 quod
631 4889 800 4950 facultatem
821 4889 913 4952 habet
932 4890 1120 4968 comparandi
1144 4890 1210 4962 illa,
1227 4892 1302 4949 Wsit
1294 4909 1323 4948 ιιι
1347 4889 1398 4949 illo
1422 4891 1583 4950 communis

260 4977 441 5044 termnum
438 4976 514 5037 loco
535 4995 683 5055 praesens.
728 4977 789 5037 hut
810 4979 900 5054 igitur
920 4977 1142 5038 removendam
1151 4991 1186 5036 ex
1209 4980 1307 5036 animo
1323 4980 1423 5038 censui
1437 4995 1583 5076 apparen-

262 5054 314 5116 firu
332 5063 431 5124 horum
453 5081 572 5125 usuam
595 5067 829 5140 eecentricorrrm,
852 5071 903 5124 ant
918 5063 1003 5125 aliter
1017 5063 1237 5126 informandam.
1276 5064 1389 5140 Quodsi
1404 5081 1583 5125 removerem

263 5155 436 5219 apparentiam
458 5159 489 5212 et
509 5159 634 5212 mentem
664 5150 703 5212 ad
730 5153 796 5230 ipsa
818 5152 922 5212 diurna
949 5153 1133 5256 plpnetamrir
1161 5153 1266 5212 itinera
1294 5151 1489 5226 attenderem,
1510 5149 1584 5212 ridi

264 5234 375 5299 ludum
396 5256 461 5302 ense
482 5247 639 5318 ιιιιιιριι
661 5239 724 5317 illo,
745 5240 826 5317 qnod
846 5234 990 5316 superiori
1012 5243 1108 5320 capite
1130 5255 1249 5301 numero
1266 5243 1294 5301 9.
1317 5239 1433 5300 tradidi.
1477 5238 1622 5300 arun·
