4242 6384
794 696 878 755 noe
893 698 940 754 ιι.
960 697 1123 769 mpsim
1534 777 1538 783 Ι
1570 706 1632 767 ιιι

263 879 402 955 stigarit
421 879 554 938 animum
575 874 614 939 ad
635 875 767 939 laborem
788 875 968 937 indefessum
982 878 1126 953 auxitque
1143 875 1320 938 desiderium
1334 876 1466 953 sciendi3
1487 878 1632 939 breviter:

263 981 344 1025 non
362 967 514 1042 inspiravit
534 966 681 1038 animum,
702 982 764 1025 uon
785 964 878 1024 ullam
899 963 1042 1023 dictarum
1064 964 1112 1025 bic
1133 963 1318 1038 facultatum,
1341 964 1395 1025 esd
1417 966 1534 1025 excivit.
1548 960 1588 1043 18)

366 1054 408 1111 lix
430 1069 491 1129 quo
513 1053 648 1130 exemplo
670 1052 757 1114 facile
780 1054 875 1117 enisis
896 1058 988 1129 patet,
1013 1068 1101 1129 quam
1124 1051 1225 1129 procul
1248 1052 1326 1113 absit
1347 1052 1439 1112 abeo
1462 1052 1631 1130 astrologia,

263 1148 309 1199 ut
338 1139 373 1200 ad
395 1142 495 1216 capita
514 1138 584 1213 illa,
612 1138 703 1218 vulgo
732 1141 857 1217 proponi
884 1137 986 1199 nubta:
1017 1138 1053 1198 de
1076 1138 1274 1214 Parentium,
1304 1138 1341 1199 de
1364 1138 1463 1212 Smne,
1492 1140 1528 1200 de
1551 1140 1633 1201 Sub·
1668 1154 1671 1171 ¹

259 1231 404 1302 aman,
434 1226 471 1287 de
491 1226 623 1302 Liberti,
650 1226 687 1287 de
707 1245 838 1307 numero
866 1225 1018 1299 Unoraea,
1048 1225 1085 1286 de
1111 1226 1285 1302 Relipione,
1315 1226 1352 1287 de
1375 1224 1564 1303 neposve,
1597 1228 1634 1289 de

264 1318 412 1386 Amicis,
435 1313 471 1373 de
495 1314 647 1387 fairnieis,
669 1314 706 1373 de
727 1312 987 1388 Hoeredttncioer,
1010 1312 1047 1373 de
1069 1312 1221 1386 Familia,
1244 1312 1280 1373 de
1301 1312 1504 1394 Repionibrrs,
1526 1314 1562 1375 de
1584 1317 1633 1374 in·

263 1401 459 1461 finitis‘aliis
481 1418 518 1461 ax
540 1418 601 1461 uno
622 1400 688 1461 solo
712 1400 841 1461 tbemate
862 1400 1048 1477 genethliaco
1071 1400 1248 1479 respondere
1269 1410 1371 1462 exacta
1393 1403 1496 1479 possit

361 1488 408 1548 De
429 1493 510 1549 vitae
532 1488 652 1565 quidem
674 1487 866 1565 longitudine,
891 1496 1035 1565 quatenus
1057 1487 1251 1567 pronunciare
1267 1491 1361 1565 possit
1374 1487 1551 1565 astrologus,
1573 1484 1630 1549 hoo

262 1584 328 1649 est,
352 1593 431 1679 quae
452 1578 493 1635 sit
514 1578 561 1637 sis
582 1575 784 1647 directionum,
807 1575 904 1635 dicam
925 1573 1014 1653 paulo
1037 1581 1114 1652 po'st.
1161 1575 1206 1634 De
1225 1575 1356 1635 Fortuna
1377 1592 1447 1637 vero
1470 1578 1531 1635 nati
1554 1592 1632 1637 nnnc

261 1666 397 1723 seorsim
418 1662 532 1739 aliquid
553 1662 709 1723 dicendum
732 1662 830 1737 rideo,
853 1672 1083 1724 consentaneum
1106 1680 1196 1740 supra
1218 1661 1312 1723 dictis.
1358 1662 1430 1722 Tria
1452 1670 1538 1739 sunt,
1562 1666 1631 1739 qui-

261 1754 328 1811 bus
351 1752 406 1809 niti
429 1750 545 1810 videtur
567 1751 693 1817 bominis
715 1751 841 1823 ιοιιιιι,
865 1748 964 1827 quoad
981 1750 1147 1813 naturalia:
1171 1751 1294 1823 animus,
1318 1750 1543 1837 physiognomia
1564 1768 1631 1811 cor-

261 1840 354 1915 poris
376 1846 408 1898 et
429 1838 534 1913 genius
555 1838 704 1913 tutelarie3
734 1855 859 1914 quorum
885 1837 923 1897 de
945 1840 1039 1913 primo
1067 1854 1153 1898 nemo
1177 1836 1308 1909 dubitat,
1340 1824 1469 1897 alterurn
1487 1836 1631 1901 occultior

261 1944 326 1988 nec
349 1926 393 1985 ιιι
414 1924 507 2001 ruho
528 1932 632 1985 notum
653 1932 714 2001 ιιι,
736 1924 773 2013 de
796 1926 882 1985 tertio
905 1924 978 1983 nibil
1000 1926 1057 1984 nisi
1079 1924 1263 2010 conjecturas
1286 1925 1388 1985 afferre
1410 1940 1539 2001 pessum.
1584 1924 1630 1985 De

262 2016 367 2089 primo
389 2012 533 2073 bactenus
554 2015 682 2089 agimus,
706 2010 743 2073 de
765 2014 865 2076 animo
888 2010 1016 2085 seilicet,
1040 2029 1076 2071 ex
1100 2029 1159 2091 quo
1182 2026 1277 2071 mores
1300 2011 1478 2089 dependent,
1502 2011 1538 2073 de
1561 2014 1629 2089 qui-

262 2103 327 2159 bus
351 2099 437 2175 vulgi
458 2100 646 2178 proverbium
668 2100 766 2159 tritum
789 2107 851 2172 ιιι,
881 2098 962 2175 quod
965 2097 1110 2206 quilibet
1130 2101 1170 2158 ιιι
1191 2100 1325 2160 fortunae
1347 2116 1423 2159 suae
1441 2100 1537 2174 faber,
1569 2102 1638 2176 quo'

263 2188 351 2247 dicto
380 2204 497 2247 summa
524 2191 614 2247 tetius
643 2186 732 2262 buius
760 2164 984 2264 pertorepbies
995 2188 1086 2262 partis
1109 2188 1283 2247 continetur.
1313 2187 1395 2273 Age
1424 2189 1630 2261 animorum

262 2293 365 2351 genna
388 2277 539 2333 amionem
559 2291 741 2349 morumque,
763 2276 845 2350 prius
868 2276 957 2333 etiem
979 2273 1114 2351 exemplo
1125 2274 1250 2333 femmae
1266 2262 1385 2348 ιιιιιιιι,
1409 2273 1479 2335 loco
1500 2276 1630 2335 omnium

263 2364 304 2421 ob
331 2362 437 2421 oculos
458 2369 635 2421 statuamus,
682 2361 732 2421 Sic
754 2363 832 2421 enim
855 2368 924 2419 sunt
945 2368 1135 2439 comparatae
1157 2379 1203 2421 res
1227 2360 1386 2433 humanas,
1410 2370 1444 2421 ut
1466 2379 1631 2427 crassorum

260 2460 292 2508 et
315 2448 502 2525 populariter
525 2450 702 2526 sapientium
726 2445 888 2521 bominum,
910 2464 970 2507 noo
992 2451 1023 2507 ιι
1040 2448 1132 2524 vulgo
1155 2456 1279 2522 tantum,
1303 2448 1461 2515 sedetiam
1483 2450 1514 2509 in
1534 2452 1632 2525 maqi-
1654 2513 1656 2521 ,

262 2538 412 2595 stratibus
434 2538 522 2613 inque
544 2553 628 2596 sacro
652 2535 762 2614 ordina,
785 2552 902 2613 semper
923 2553 1032 2610 magna
1053 2538 1143 2612 copia
1165 2538 1218 2604 sit,
1243 2537 1350 2613 quibus
1374 2536 1504 2609 discreti,
1528 2538 1630 2611 critici,

260 2624 475 2683 reformatores
498 2622 617 2683 molesti
639 2634 708 2683 sunt
724 2640 845 2700 proque
864 2622 1116 2701 vitilitigatoribus
1132 2622 1297 2701 habentur,
1332 2621 1371 2683 Ut
1385 2624 1473 2699 igitur
1491 2641 1632 2701 proeperq

264 2714 335 2787 quis
358 2718 463 2771 utatur
483 2711 615 2783 fortuna,
644 2726 681 2771 ea
704 2710 788 2784 dico,
820 2727 898 2786 quae
927 2717 974 2769 est
999 2728 1037 2770 ιι
1058 2710 1210 2769 bominum
1238 2711 1387 2784 coetibus,
1418 2709 1489 2771 buic
1520 2712 1575 2769 etei
1598 2718 1629 2771 ιι

261 2798 380 2873 judicio
404 2797 442 2857 de
465 2797 625 2857 moralibus
648 2807 728 2857 recto
751 2804 781 2859 et
802 2795 905 2857 labore
926 2796 1130 2881 industriaque
1154 2798 1184 2859 is
1206 2798 1295 2879 rebus
1317 2798 1463 2875 propriis,
1495 2815 1513 2857 a
1536 2796 1627 2873 vulgo

266 2888 407 2960 secretis,
431 2902 506 2962 opua
528 2887 648 2946 omnino
670 2893 732 2958 est,
755 2892 872 2961 oportet
893 2893 992 2945 tamen
1014 2885 1114 2953 animo
1136 2884 1322 2962 pinguedinis
1348 2884 1463 2961 aliquid
1485 2900 1550 2944 esse
1573 2884 1629 2943 ad-

266 2977 403 3047 mixtum,
428 2980 544 3049 oportet
564 2990 661 3033 mores
683 2974 710 3031 si
733 2972 892 3049 populares
914 2972 1093 3047 modumque
1109 2972 1217 3047 agendi
1240 2972 1331 3031 talem
1354 2988 1428 3045 esse,
1455 2974 1506 3048 qui
1529 2988 1628 3033 crasso

265 3060 382 3137 populo
405 3059 540 3137 placeat3
568 3060 658 3119 animi
687 3062 809 3119 nimium
831 3060 956 3120 subtiles
986 3069 1016 3119 et
1037 3061 1178 3135 inquieti,
1210 3062 1267 3119 nisi
1290 3077 1322 3119 se
1344 3061 1489 3136 recipiant
1514 3058 1543 3116 ιι
1567 3058 1626 3119 ali·
1690 3076 1695 3087 ·

267 3166 357 3224 qoem
379 3160 529 3208 ιιιιιιιιιι
550 3146 715 3207 studiorum
738 3146 810 3224 (boc
831 3148 898 3222 ipso
920 3146 1052 3224 despecti
1075 3154 1104 3206 et
1123 3149 1298 3221 contemti),
1327 3146 1506 3209 crearesibi
1528 3145 1627 3206 solent

268 3237 440 3294 infortunia.
485 3235 592 3310 Itaque
612 3236 639 3295 si
662 3237 729 3311 quis
752 3252 788 3294 ιι
811 3232 906 3309 figura
927 3233 1002 3294 coeli
1025 3234 1213 3310 genethliaca
1242 3234 1426 3316 conjecturas
1448 3228 1539 3293 babet
1561 3234 1626 3293 suf-

270 3322 405 3383 ficientes
433 3321 470 3381 de
492 3322 685 3399 qualitatibus
708 3323 812 3393 animi,
841 3321 1040 3397 conjecturam
1072 3324 1097 3380 ιι
1120 3325 1209 3383 etiam
1239 3320 1276 3382 de
1298 3321 1416 3381 fortuna
1446 3321 1573 3381 hominis
1595 3323 1626 3379 in
1748 3374 1757 3383 .

270 3427 379 3485 genere
402 3409 571 3469 facietnon
592 3412 732 3487 ineptam,
754 3406 808 3469 sed
830 3408 1029 3484 conjecturam
1051 3407 1144 3474 solam
1169 3416 1378 3488 praetereaque
1401 3407 1489 3483 nibil;
1515 3407 1628 3491 scilicet

269 3497 329 3556 falli
355 3499 446 3567 etiam
460 3496 512 3556 ille
527 3504 634 3574 potest,
656 3503 774 3573 propter
787 3498 983 3556 interventum
1004 3495 1131 3574 plurium
1152 3514 1315 3570 causarum,
1339 3503 1399 3556 tam
1415 3504 1626 3573 supernatura·

270 3584 359 3654 lium,
388 3602 479 3660 quam
500 3583 685 3643 naturalium.
730 3583 808 3642 Nam
834 3590 868 3642 ut
888 3583 1014 3643 altarum
1034 3583 1170 3645 fortunae
1192 3584 1326 3647 bominis,
1345 3582 1566 3643 fundamentum
1590 3600 1627 3643 ιι

272 3673 473 3748 mperioribus
501 3688 666 3745 semmam,
693 3670 897 3745 dignationem
927 3688 968 3730 ac.
998 3671 1115 3744 vultns,
1148 3673 1319 3752 imaginatio
1351 3670 1469 3746 quidem
1490 3678 1627 3731 ,matrum

271 3759 430 3835 plurimum
459 3757 548 3835 buqu
576 3758 690 3819 confert
720 3758 812 3818 foetui
835 3765 897 3817 toto
920 3760 1095 3833 gestationis
1117 3764 1263 3835 tempore,
1294 3766 1327 3815 nt
1355 3775 1444 3835 saepe
1467 3756 1627 3819 infelicium

273 3854 426 3921 parentum
449 3843 595 3924 (adeoque
617 3855 647 3906 et
668 3844 794 3905 aliorum
815 3844 966 3903 bominum
988 3844 1210 3917 animaliumve,
1234 3846 1335 3904 crebro
1359 3852 1389 3903 et
1411 3862 1477 3904 cum
1493 3842 1626 3920 emphasi

273 3934 504 4012 praegnantibus
525 3928 757 4011 obversantiuui)
788 3940 817 3991 et
845 3931 945 3990 vultus
973 3941 1005 3991 et
1030 3948 1126 3992 mores
1155 3940 1185 3991 ιι
1212 3931 1272 3989 ιιιιι
1302 3931 1498 3993 fundamentis
1526 3932 1627 3991 intrixe

273 4022 390 4081 fortuna
412 4020 574 4094 consimilis
599 4020 790 4079 transferatur
813 4021 844 4075 in
865 4018 987 4079 foetum.
1032 4017 1091 4078 Sed
1120 4027 1219 4079 tamen
1250 4022 1395 4095 utsupra
1422 4016 1627 4096 paradigmate

274 4109 413 4169 neptalia
434 4107 532 4168 Procli
554 4107 825 4184 multiplicabantur
844 4107 876 4163 in
899 4104 1056 4178 animalia,
1081 4104 1198 4186 vitalia,
1221 4102 1356 4177 mobilia,
1385 4104 1561 4183 complicata
1582 4122 1625 4169 ιι.

275 4196 346 4255 ideis
367 4198 451 4255 vitae
472 4202 679 4271 motuumque,
703 4196 746 4255 sic
768 4195 857 4254 etiam
879 4192 928 4253 bio
950 4192 1101 4252 cbaractor
1123 4192 1198 4253 coeli
1220 4191 1422 4268 genethliacus
1445 4194 1627 4267 immergitur

278 4283 303 4339 in
324 4286 454 4360 speciem
477 4282 577 4342 vultus
601 4280 717 4343 occulta
738 4283 770 4340 ιι
792 4280 942 4342 facultatis
963 4281 1137 4349 formatricis
1160 4280 1388 4357 agnosciturque
1411 4298 1446 4343 ιι
1462 4282 1525 4339 usti
1540 4278 1625 4339 vultu

278 4371 432 4430 occultiore
462 4368 560 4429 ιιιιιιι
588 4371 784 4447 spectantium
812 4370 967 4441 instinctu,
1000 4367 1163 4443 videasque
1191 4367 1231 4429 ad
1252 4384 1321 4447 eos,
1351 4369 1402 4443 qui
1425 4368 1480 4428 snb
1503 4365 1626 4443 copulas

279 4456 399 4531 plurium
429 4458 616 4534 planetarum
645 4464 715 4516 ante
745 4454 844 4516 Solem
876 4462 1036 4515 nascumnr
1064 4454 1257 4535 (δορυφοριας
1287 4454 1440 4531 appellant
1473 4449 1626 4531 astrologi)

282 4546 407 4621 copulari
429 4546 533 4617 ιιιιιιι,
565 4544 658 4604 veluti
681 4544 793 4603 fascino
816 4542 957 4617 quodam,
989 4549 1090 4601 coetus
1120 4542 1269 4601 bominum
1292 4542 1487 4619 popularium.
1533 4539 1625 4615 uujm

282 4634 318 4689 rei
337 4631 505 4708 exemplum
526 4631 566 4691 ad
587 4648 703 4692 omnem
725 4632 907 4707 posteritatis
920 4632 1091 4689 memoriam
1107 4626 1342 4690 commendatum
1363 4628 1462 4704 uidere
1477 4635 1523 4688 est
1545 4626 1626 4703 apud

282 4715 356 4777 ιιιιι.
379 4718 546 4780 dardanum
568 4721 599 4780 in
621 4719 723 4823 paneri
746 4716 771 4775 l,
773 4717 883 4785 utheri:
897 4712 937 4790 Π)
960 4732 1129 4793 quanquam
1152 4734 1259 4777 censae
1274 4724 1371 4775 moins
1393 4715 1503 4793 publici
1524 4714 1624 4791 plures

285 4813 489 4867 concurrerunt
535 4805 593 4881 Qui
616 4808 660 4865 ιιι
682 4812 842 4864 nascuntur
863 4799 1050 4885 (quaequam
1079 4822 1138 4864 non
1161 4821 1221 4863 una
1243 4810 1322 4863 certa
1350 4804 1443 4863 forme
1466 4802 1624 4880 praescribi

285 4897 394 4968 potest),
417 4894 607 4971 plurimum
598 4896 620 4951 ri
642 4891 753 4952 velent
765 4893 943 4951 auctoritate
963 4891 1042 4995 apud
1064 4891 1219 4968 populum,
1245 4890 1402 4969 plurimum
1424 4890 1601 4977 suffragiis'
1593 4904 1623 4946 ιι

288 4981 407 5054 ιιιιιιιο,
432 4980 589 5059 plurimum
610 4982 709 5057 qratia
731 4960 810 5056 apud
832 4980 979 5056 principes
1000 4981 1083 5055 reip,
1109 4995 1236 5055 quorum
1259 4977 1377 5054 quidem
1398 4984 1428 5038 et
1449 4968 1554 5036 natura
1576 4992 1624 5035 rs-

287 5068 414 5149 sposdet,
445 5071 547 5147 itaque
578 5084 685 5147 saepe
678 5068 808 5128 fortuna
835 5071 896 5126 stat
916 5084 936 5126 a
957 5067 1090 5148 partibus
1113 5066 1261 5141 immeriti,
1290 5082 1386 5155 neque
1415 5062 1486 5133 aliis
1509 5062 1624 5135 idoneis
