4242 6384
551 831 614 894 890
1062 824 1211 881 Ptolemaei
1228 823 1385 880 Harmonia.

551 1007 780 1079 remittunturve,
803 1003 980 1082 seligames3
1003 1021 1128 1081 cumque
1149 1003 1269 1082 planeta
1290 1012 1320 1063 et
1340 1005 1466 1081 primum
1488 1005 1589 1066 orbem
1610 1005 1720 1067 habeat
1740 1015 1769 1067 et
1787 1008 1876 1066 sobar-

552 1095 682 1166 dinatos,
711 1101 840 1170 systema
863 1109 932 1152 vero
955 1099 984 1152 et
1006 1091 1127 1151 stabiles
1150 1091 1256 1150 dictos·
1276 1107 1365 1150 sonos
1387 1101 1417 1151 et
1438 1093 1581 1152 mobiles:
1610 1094 1731 1154 stabiles
1761 1095 1877 1170 equidem

552 1181 784 1260 comparabimus
806 1181 905 1258 primis
928 1179 1065 1258 orbibus,
1098 1177 1221 1238 mobiles
1248 1179 1363 1237 circulis
1385 1179 1601 1256 subordinatis3
1635 1183 1805 1241 sicutenim
1824 1199 1879 1240 nro·

551 1267 625 1328 biles
648 1269 711 1328 soni
735 1273 802 1326 sunt
823 1275 941 1346 propter
963 1283 1071 1342 genera
1093 1273 1212 1338 cantus,
1244 1267 1287 1323 sic
1310 1266 1348 1323 ob
1371 1263 1400 1322 id
1424 1267 1529 1343 ipsum,
1551 1275 1586 1326 ut
1607 1267 1746 1346 planetae
1767 1269 1831 1326 liant
1851 1289 1880 1328 er

551 1355 700 1415 altissimis
723 1353 889 1428 humillimi,
913 1353 1032 1413 orbibus
1055 1352 1121 1412 aliis
1144 1353 1218 1430 opus
1241 1361 1285 1411 est
1307 1361 1337 1411 et
1358 1361 1439 1412 mota
1461 1371 1513 1430 per
1535 1371 1586 1414 eos
1609 1357 1698 1431 inque
1721 1365 1813 1434 partes
1834 1359 1881 1412 cir-

549 1443 683 1502 culorum
705 1443 864 1518 oppositas.
896 1441 934 1500 Et
956 1439 1065 1500 dictum
1088 1449 1252 1514 estsuper,
1275 1441 1331 1498 tria
1352 1457 1460 1516 genera
1482 1449 1590 1502 cantus·
1609 1443 1784 1519 respondere
1804 1444 1881 1502 tribas

551 1527 769 1590 intervallorum
791 1535 982 1606 motuumque
1003 1528 1160 1604 generibus
1172 1523 1250 1603 vm).

637 1617 675 1676 Et
696 1619 806 1692 primae
829 1613 946 1690 quidem
969 1613 1025 1674 hoc
1047 1623 1134 1690 paeto
1158 1613 1267 1674 electae
1281 1611 1425 1690 sphaerae
1447 1623 1517 1674 eunt
1534 1617 1627 1676 istae:
1650 1615 1780 1690 Saturni,
1801 1615 1881 1675 loris.

551 1703 670 1777 Martis,
694 1701 788 1774 Solis,
812 1701 952 1776 Veneris,
975 1701 1127 1774 Mercurii,
1156 1699 1267 1760 Lunae.
1311 1699 1442 1760 Primum
1465 1705 1542 1762 eninr
1563 1703 1673 1764 mobile
1695 1721 1756 1763 non
1777 1703 1883 1780 sphaere

551 1795 580 1852 in
603 1787 729 1862 mundo,
760 1787 812 1847 sed
834 1787 960 1848 mundus
983 1789 1045 1866 lpse
1068 1798 1114 1848 eet
1134 1795 1290 1864 motusque
1312 1788 1377 1864 ejas
1399 1790 1503 1850 coiens
1524 1791 1662 1850 omnibus
1683 1794 1841 1851 communis
1861 1805 1883 1848 er

552 1881 581 1938 in
604 1876 722 1954 plagam
745 1877 919 1936 conumiam
940 1877 998 1950 eis,
1021 1892 1097 1953 qnos
1116 1874 1180 1950 jam
1201 1873 1437 1950 consideramus,
1467 1893 1523 1936 nec
1543 1877 1722 1954 peculiarem
1743 1877 1883 1954 planetam,

552 1964 604 2026 sed
617 1961 767 2022 mnndum
788 1963 883 2040 ipsum
898 1961 988 2036 vehit,
1011 1979 1066 2023 nec
1086 1964 1182 2038 magis
1204 1965 1234 2020 in
1250 1979 1401 2021 nnmerum
1422 1965 1581 2040 primamm
1595 1965 1786 2040 sphaerarum
1801 1969 1884 2023 venire

553 2051 648 2126 debet,
672 2067 759 2127 quam
782 2057 875 2108 totum
897 2057 1028 2127 systema
1051 2051 1080 2106 in
1101 2065 1253 2109 nnmerum
1269 2067 1388 2108 enarum
1410 2050 1582 2110 cbo'rdarnm
1591 2049 1644 2130 ¹¹).
1669 2053 1808 2111 Pinarum
1829 2069 1885 2110 raro

553 2139 678 2216 sphaera
704 2137 758 2198 etsi
789 2143 818 2196 et
847 2137 911 2212 ipsa
937 2143 1073 2196 movetur
1102 2138 1132 2194 in
1160 2135 1282 2196 candcm
1313 2135 1431 2212 plagam
1459 2150 1526 2197 cnm
1548 2138 1606 2197 illis
1629 2147 1742 2216 septem
1765 2148 1794 2198 et
1815 2155 1887 2213 snper

553 2225 657 2285 iisdem
679 2223 809 2299 signiferi
831 2223 921 2302 polis,
952 2231 1049 2283 motus
1071 2230 1170 2282 tamen
1200 2223 1410 2284 inobservabili
1436 2223 1608 2285 lentitudine
1630 2236 1831 2301 astrorumque
1851 2229 1886 2280 in-

554 2311 727 2372 numerabili
748 2309 933 2370 multitudine
956 2309 1113 2389 plurimum
1135 2309 1231 2370 differt
1252 2329 1271 2370 a
1294 2313 1398 2370 ceteris
1425 2319 1528 2388 astque
1550 2311 1648 2372 aliena
1670 2314 1709 2372 ab
1731 2313 1790 2372 boe
1811 2329 1887 2387 nego·

555 2402 606 2472 tio,
629 2405 664 2458 ut
684 2399 830 2458 neminem
852 2397 979 2458 interum
1002 2399 1174 2471 existimem,
1198 2399 1249 2473 qni
1263 2395 1346 2456 illum
1360 2399 1499 2457 extimum
1515 2399 1664 2459 adriam
1687 2402 1779 2459 totins
1801 2399 1884 2457 mnndi

553 2487 694 2564 parietem
725 2486 755 2542 in
785 2483 862 2544 hane
891 2483 1153 2544 considerationem
1182 2492 1260 2543 recte
1282 2486 1371 2544 inseri
1400 2485 1573 2546 contendere
1603 2487 1677 2550 velit
1689 2485 1731 2566 ¹).
1782 2487 1884 2544 Habeat

522 2612 526 2621 ι
554 2573 643 2650 igitur
665 2589 731 2632 seee
752 2573 840 2632 etiam
862 2571 936 2632 haec
958 2571 1081 2632 finarum
1102 2571 1228 2648 sphaera
1242 2573 1273 2630 in
1293 2572 1454 2632 ordinead
1468 2580 1590 2646 ceteras,
1613 2583 1647 2632 nt
1668 2593 1701 2634 se
1723 2575 1814 2633 haber
1833 2591 1885 2648 per·

554 2661 660 2720 lectum
683 2665 812 2736 systema
834 2657 872 2718 ed
895 2675 983 2718 sonos
1005 2675 1094 2718 suos:
1122 2666 1154 2718 ut
1176 2659 1251 2717 sient
1274 2657 1331 2717 hoc
1353 2669 1397 2718 est
1419 2647 1565 2734 qna‘edsm
1594 2662 1686 2721 veluti
1709 2663 1885 2720 consonantia

555 2748 810 2807 consonantiarum
833 2754 862 2804 ct
884 2761 973 2818 sonus
988 2761 1135 2818 sonomm,
1158 2747 1201 2804 sie
1215 2747 1304 2805 etiam
1318 2746 1439 2805 lixarum
1461 2747 1585 2822 sphaera
1607 2751 1645 2806 sit
1665 2747 1759 2807 veluti
1779 2748 1887 2825 sphaera

554 2833 759 2912 sphaerarum,
790 2835 960 2912 praesertim
991 2849 1057 2892 cum
1085 2845 1220 2908 apogaea
1249 2833 1415 2908 limitesque
1444 2843 1604 2893 ceterarum
1633 2851 1734 2895 secum
1762 2845 1886 2910 perpetuo

554 2919 750 2982 circumducat
767 2916 820 2998 ¹¹).

642 3007 805 3066 Primatum
827 3007 916 3082 igitur
938 3005 1128 3082 sphaerarum
1150 3007 1180 3063 in
1200 3005 1312 3064 mundo
1339 3013 1451 3082 septem
1474 3015 1559 3074 sunt,
1590 3007 1741 3068 stabilium
1768 3025 1887 3067 sonomn

556 3095 585 3152 in
607 3093 743 3170 perlecto'
758 3099 917 3172 systemate
939 3092 1040 3152 itidem
1062 3099 1174 3169 septem
1194 3109 1282 3169 supra
1297 3095 1503 3153 suntlnrenti:
1530 3096 1562 3166 l)
1584 3095 1887 3171 proslambanomenos

556 3178 588 3260 i)
602 3180 713 3259 hypate
735 3179 875 3258 hypaton,
899 3176 929 3256 3)
944 3179 1053 3258 hypate
1075 3195 1186 3252 meson,
1210 3182 1245 3253 4)
1266 3197 1355 3252 mese,
1380 3177 1411 3259 b)
1432 3199 1593 3256 paramese,
1619 3182 1651 3258 6)
1673 3189 1743 3242 nete
1765 3182 1887 3254 dicacur

556 3283 678 3342 menon,
713 3263 743 3346 7)
772 3273 839 3326 nete
867 3267 1097 3344 hyperbolaeon.
1149 3267 1191 3324 lix
1223 3269 1260 3324 iis
1289 3283 1359 3326 rero
1389 3267 1506 3327 Saturni
1531 3267 1657 3344 sphaera
1686 3270 1887 3346 comparabitur

556 3353 859 3433 proslambanomene.
905 3353 980 3412 Nam
1010 3361 1040 3413 et
1066 3353 1117 3412 ille
1145 3353 1329 3429 planetarum
1357 3354 1518 3414 altissimus
1547 3363 1593 3414 est
1614 3363 1644 3414 et
1665 3355 1741 3415 haec
1762 3356 1886 3414 altissima

558 3439 774 3518 quodammodo
797 3439 909 3514 dicitur,
933 3443 1049 3518 quippe,
1073 3447 1107 3498 nt
1120 3439 1230 3500 indicat
1243 3439 1359 3514 nomen,
1383 3441 1471 3502 altini
1484 3451 1614 3500 assumta
1636 3461 1726 3521 snpra
1740 3459 1886 3519 supremam

557 3543 757 3605 supremarum
773 3523 843 3608 ¹¹¹).
888 3527 1002 3587 Deinde
1026 3525 1144 3586 Saturni
1166 3525 1291 3603 spba‘era
1314 3529 1352 3587 ob
1374 3529 1405 3587 id
1434 3533 1545 3606 ipsum,
1571 3531 1647 3604 poia
1669 3529 1830 3602 altissima,
1855 3537 1885 3585 est

557 3619 645 3676 etlam
669 3617 797 3675 omnium
819 3615 946 3674 marinna
968 3631 1021 3675 seu
1043 3612 1231 3690 amplissima,
1255 3614 1427 3674 diametmm
1451 3617 1562 3676 habens
1586 3617 1798 3692 longissimam,
1820 3632 1886 3693 pros·

557 3703 796 3762 lambanomsnos
819 3717 899 3774 vero,
923 3703 992 3777 quia
1014 3703 1220 3778 gravissimum
1241 3701 1302 3761 edit
1323 3703 1459 3776 sonitum,
1482 3703 1654 3780 longissima
1676 3703 1812 3764 similiter
1832 3719 1886 3761 con·

558 3791 689 3850 stituitnr
709 3805 761 3868 per
784 3787 959 3848 divisionem
980 3787 1180 3850 monochordi.
1225 3787 1250 3847 Ε
1273 3791 1417 3848 contrario
1441 3790 1542 3850 Lunae
1573 3791 1699 3870 sphaera
1721 3800 1887 3866 comparatur

563 3895 629 3939 cum
650 3881 717 3938 nete
739 3874 975 3954 hyperbolaeon:
999 3893 1066 3935 nam
1089 3882 1119 3934 et
1140 3875 1226 3935 Luna
1247 3877 1376 3935 omnium
1398 3876 1581 3953 planetarum
1602 3875 1769 3938 humillima
1791 3877 1886 3935 inseni-

559 3975 606 4026 tnr
628 3972 658 4024 et
679 3963 791 4038 ultima,
815 3965 924 4040 qnippe
944 3980 1009 4023 cnm
1032 3971 1130 4039 tegere
1151 3961 1246 4023 soleat
1268 3979 1369 4024 omnes
1390 3964 1532 4042 planetae,
1557 3972 1587 4024 et
1608 3967 1705 4042 ipsnm
1727 3963 1885 4025 vocabulum

559 4058 626 4113 nete
648 4051 781 4111 ultimum
809 4057 894 4110 sonat
921 4051 1069 4127 talemque
1091 4051 1121 4108 in
1149 4051 1349 4122 instrumento,
1371 4051 1410 4110 ed
1431 4051 1615 4128 psallendum
1638 4051 1885 4128 applicatarum

559 4141 658 4200 babet.
675 4137 854 4216 insuperque
870 4137 995 4214 sphaera
1010 4137 1120 4210 Lunae,
1135 4137 1204 4212 quia
1218 4136 1382 4196 humillima
1396 4149 1442 4198 est
1453 4147 1483 4198 et
1498 4139 1715 4214 angustissima,
1730 4139 1883 4198 diametrum

560 4225 671 4286 habens
693 4225 906 4297 brevissimam,
930 4231 995 4284 oete
1018 4241 1100 4296 vero,
1123 4239 1189 4283 cnm
1211 4236 1315 4283 sonum
1338 4223 1407 4284 edat
1430 4227 1638 4300 acutissimum,
1661 4227 1884 4285 brevissimana

561 4311 706 4372 divisione
728 4311 917 4372 monochordi
940 4313 1116 4371 nanciscitur
1129 4310 1352 4388 longitudinem.
1386 4312 1530 4372 Extremie
1551 4315 1690 4374 connexis
1713 4315 1830 4372 interea
1848 4325 1884 4385 per

507 4437 510 4446 ·
560 4398 798 4460 assimilationem
814 4401 952 4474 seqnitur,
970 4395 1205 4458 intermediomm
1219 4397 1402 4479 planetarum
1422 4400 1562 4476 sphaeras
1577 4399 1615 4458 ad
1630 4399 1817 4460 intermedias
1830 4413 1885 4455 con·

561 4501 664 4564 gruere
680 4485 817 4545 chordas:
841 4484 938 4558 Jovis,
962 4484 1088 4545 Saturno
1102 4486 1227 4561 proximi
1242 4482 1333 4565 (qnod
1355 4485 1476 4546 tarditas
1498 4486 1608 4546 reditus
1630 4489 1767 4563 proxima
1781 4487 1884 4545 Saturno

561 4569 691 4652 indicat),
715 4571 752 4631 ad
768 4571 899 4650 hypaten
914 4571 1053 4650 hypaton,
1078 4571 1190 4646 Martis,
1214 4573 1263 4649 qni
1279 4571 1388 4632 Jovem
1401 4580 1499 4650 tegere
1516 4583 1545 4633 et
1560 4576 1602 4633 sic
1624 4591 1659 4634 co
1682 4573 1818 4632 bninilior
1836 4584 1884 4628 esse

563 4658 795 4738 deprehenditur,
819 4657 857 4718 ad
881 4657 1011 4736 hypaten
1033 4675 1144 4732 meson,
1167 4658 1245 4719 Solis
1267 4659 1305 4718 ad
1327 4678 1435 4733 mesen,
1458 4661 1591 4734 Veneris,
1615 4677 1691 4737 qnae
1713 4659 1812 4720 Solem
1830 4672 1884 4732 pro·

561 4749 638 4808 xime
652 4749 792 4823 sequitur,
808 4745 920 4808 indicio
936 4744 1012 4805 tardi
1026 4747 1073 4806 sui
1087 4745 1197 4806 reditus
1211 4749 1240 4804 ln
1255 4746 1397 4823 epicyclo,
1412 4747 1450 4806 ad
1464 4761 1644 4824 paramesen,
1659 4747 1805 4822 Mercurii,
1819 4743 1883 4817 eujus

561 4831 671 4896 reditus
693 4837 722 4892 in
745 4834 876 4912 epicyclo
901 4833 1032 4894 velocior
1054 4849 1149 4910 eoque
1177 4833 1303 4911 sphaera
1328 4833 1464 4894 humilior
1494 4843 1524 4896 et
1551 4834 1729 4912 penultima,
1760 4833 1798 4894 ad
1816 4839 1883 4889 neten

563 4921 800 4998 diezeugmenon.
1293 4922 1298 4932 '

650 5009 842 5069 Confirmatur
871 5007 944 5068 haee
971 5007 1149 5066 consociatio
1182 5007 1270 5066 etiam
1293 5025 1344 5084 per
1365 5010 1437 5082 ista,
1469 5007 1548 5085 quod
1579 5008 1608 5065 in
1636 5007 1769 5084 planetis.
1788 5002 1880 5082 quiden

563 5095 631 5171 Sol,
654 5097 685 5154 in
707 5095 822 5157 chordis
845 5111 914 5157 vero
937 5111 1013 5170 quae
1035 5110 1115 5153 mese
1137 5091 1254 5169 dicitur,
1286 5095 1358 5154 duas
1382 5103 1502 5172 uterque
1526 5095 1635 5155 classes
1664 5095 1834 5170 distinguunt
1852 5085 1879 5144 ab

564 5185 699 5256 invicem,
723 5184 771 5242 ille
795 5185 976 5260 superiorum
995 5179 1147 5255 dictorum,
1170 5189 1242 5258 puta
1256 5182 1384 5256 Saturni,
1407 5182 1503 5256 Jovis,
1525 5182 1639 5256 Martis,
1661 5181 1699 5242 ah
1721 5177 1879 5240 brenonis

565 5271 695 5354 Venere,
719 5270 879 5347 Mercurio,
902 5268 1002 5347 huna3
1025 5269 1083 5330 ista
1104 5267 1246 5331 dictarum
1266 5269 1407 5348 hypaton,
1431 5269 1512 5350 quod
1533 5278 1620 5330 sonat
1640 5269 1838 5366 supremarum,
1857 5267 1878 5317 et
