4242 6384
746 728 830 810 Liber
847 741 896 798 111
915 742 1004 817 Caput
1021 743 1071 800 111.
1136 803 1140 808 .
1523 761 1588 827 348

249 924 331 972 natura
347 915 500 972 suhlanarI:
520 932 573 972 non
593 915 664 974 euim
682 917 777 986 quanti
794 917 850 992 sint
867 923 957 978 motus
975 921 1195 996 considerantur,
1223 926 1271 982 scd
1289 931 1454 1004 quantouis
1471 933 1531 990 risu
1548 935 1588 994 la·

248 997 310 1051 ciam
325 993 446 1066 angulos.
875 1045 879 1051 .
954 995 958 1003 ’
989 1057 994 1072 ,

320 1077 391 1143 idota
407 1075 498 1130 xxm.
532 1073 599 1130 Tria
617 1075 724 1130 dlrersa
742 1077 901 1134 ostenderat
917 1079 945 1134 in
963 1088 1068 1139 mente:
1094 1081 1321 1153 speculationem,
1344 1087 1493 1162 actionem,
1512 1095 1588 1154 habi-

246 1171 306 1226 tum;
321 1155 348 1208 in
367 1156 462 1210 eadem
478 1155 532 1210 tria
550 1153 728 1209 distribuerat
745 1155 828 1210 etiarn
845 1162 931 1219 totam
949 1159 1176 1234 mathematicum.
1214 1161 1293 1229 Quod
1308 1163 1391 1234 igitur
1408 1187 1463 1228 non
1481 1179 1588 1232 tantum

246 1241 390 1311 speculetur
406 1233 631 1300 mathematicus,
649 1233 698 1286 sed
716 1233 797 1290 etiam
816 1242 945 1303 operetur
962 1251 996 1292 ex
1015 1243 1075 1292 arte
1094 1255 1144 1292 sua
1167 1248 1194 1294 et
1212 1241 1329 1312 denique
1347 1249 1523 1312 artificiosum
1540 1253 1588 1310 hg.

246 1321 319 1374 hitnm
336 1319 387 1374 sihi
405 1319 556 1384 comparet,
579 1307 637 1382 jam
660 1311 864 1383 porroprohat'
883 1313 1080 1386 scansilibus,
1109 1313 1208 1388 qulbus
1232 1322 1326 1378 utitur.
1362 1325 1523 1397 Argumenti
1548 1335 1589 1390 uis

245 1399 375 1453 haereat:
395 1409 494 1455 sensns
513 1398 555 1446 eat
571 1407 662 1448 rernm
680 1399 760 1446 extra
772 1392 893 1472 animam
910 1394 1071 1450 rationalem
1089 1396 1275 1466 exlatentium,
1303 1401 1376 1460 circs
1392 1423 1460 1478 quas
1480 1428 1588 1470 vm.

245 1489 280 1532 uu
296 1477 415 1532 actiones
440 1479 468 1529 et
492 1469 680 1542 operationem
708 1471 732 1525 si
756 1485 821 1542 ergo
847 1471 964 1540 subiecti
981 1473 1166 1532 mathematici
1191 1477 1366 1546 pulchritudo
1394 1502 1457 1544 sesa
1482 1496 1588 1550 tantum

244 1559 302 1610 luna
318 1553 417 1610 mentis
435 1551 539 1609 lumina
556 1551 720 1620 contineret,
748 1549 799 1616 nec
818 1550 891 1623 iuras
910 1551 938 1606 iu
956 1552 1078 1608 actiones
1097 1549 1128 1610 et'
1143 1554 1251 1611 habitus
1270 1573 1331 1614 sese
1348 1563 1497 1637 proferret,
1523 1576 1588 1628 tnnc

244 1635 317 1706 primo
331 1632 525 1690 mathematim
542 1645 597 1685 non
617 1636 740 1684 uteretru
758 1629 883 1686 sensibus
896 1631 986 1701 certIs,
1005 1631 1104 1689 deinde
1123 1633 1197 1690 nullu
1210 1644 1282 1694 esset
1295 1637 1431 1698 distinctio
1443 1643 1515 1702 intur
1527 1664 1588 1706 sen-

244 1731 290 1780 sns,
307 1728 392 1769 causa
409 1709 622 1782 propinquitatis
640 1706 675 1763 ad
692 1709 838 1777 rationem,
858 1708 939 1763 tertio
957 1705 986 1764 in
1004 1711 1149 1771 sensilibus
1168 1713 1261 1770 nullus
1279 1725 1352 1772 esset
1369 1729 1511 1792 respectus
1529 1727 1589 1796 pul-

245 1789 405 1858 chritudinis,
424 1796 454 1845 ut
473 1787 520 1858 qui
538 1796 647 1844 eatena
665 1787 798 1850 rationis„
823 1789 861 1844 At
879 1795 942 1844 sunt
959 1789 1173 1860 praestantiores
1192 1791 1266 1850 risus
1285 1801 1313 1850 et
1324 1797 1434 1854 auditus
1452 1805 1589 1864 strationi

245 1869 389 1936 riciuiores,
409 1875 437 1923 et
456 1875 498 1922 est
516 1881 602 1938 penes
618 1861 729 1920 illorum
748 1865 872 1934 subjecta
891 1876 1033 1937 respectus
1050 1869 1275 1940 pulchritudiuis3
1296 1873 1413 1946 denique
1429 1878 1504 1936 hisce
1522 1882 1589 1940 duo·

245 1951 285 2004 hus
302 1947 429 2018 senatres
447 1961 517 2014 prae
533 1944 631 2000 ceteris
651 1946 737 2002 utitur
753 1945 951 2002 mathematice.
988 1947 1063 2016 Ergo
1084 1946 1152 2003 haec
1170 1948 1287 2008 facultas
1305 1952 1492 2024 complectitur
1507 1961 1593 2017 etiam

244 2027 351 2082 udones
370 2033 399 2082 et
417 2021 553 2080 exercitia.
1180 2051 1185 2060 ·

316 2107 391 2162 Nota
408 2103 511 2160 XXIII.
546 2101 617 2158 Esse
636 2117 699 2156 vero
717 2101 802 2158 hosce
821 2103 889 2160 duos
908 2120 1005 2162 sensus
1022 2105 1122 2162 radoni
1142 2121 1222 2176 quam
1242 2110 1358 2167 maxIme
1371 2107 1510 2186 cognaths,
1527 2137 1590 2188 pro·

243 2183 279 2239 hrt
294 2201 328 2240 ex
345 2191 444 2240 mutua
460 2182 580 2252 ipsamm
599 2182 760 2250 cognatione
772 2181 969 2253 exercitiaque,
987 2184 1017 2239 in
1030 2201 1084 2255 qus
1101 2185 1246 2256 plurimum
1264 2189 1378 2246 rationis
1396 2193 1508 2267 relucet,
1526 2216 1590 2258 nass

245 2264 327 2317 hhoc
346 2261 475 2318 condatit
493 2259 602 2317 illorum
621 2259 762 2330 cognatio,
780 2259 852 2332 quod
868 2260 967 2330 jurant
983 2263 1118 2319 rationem
1135 2263 1219 2334 eique·
1232 2265 1408 2340 famulantur.
1542 2319 1544 2326 ,

318 2341 393 2396 Nota
412 2339 511 2395 XXlV.
547 2341 589 2394 De
607 2337 812 2394 mathematicus
831 2339 951 2409 practica
968 2347 1048 2409 purte
1066 2341 1205 2398 indefinite
1224 2343 1341 2418 dixeram
1362 2347 1420 2418 jun
1439 2361 1591 2420 quaesunt

243 2420 389 2488 potimimae
408 2420 544 2490 practicae
619 2417 767 2474 hamaticae
785 2419 905 2488 species,
930 2433 981 2488 per
1004 2421 1113 2475 eosdem
1133 2437 1230 2478 seusus
1254 2424 1384 2496 explicat,
1410 2421 1508 2498 quihus
1526 2434 1590 2493 hac-

243 2505 309 2554 tenus
327 2513 391 2555 esse
410 2497 516 2567 aliquas
534 2427 680 2565 in'Uuere
697 2495 868 2566 probaverat.
904 2497 986 2553 Visus
1009 2499 1080 2557 enirn
1104 2501 1202 2556 rationi
1228 2505 1312 2558 servit
1335 2505 1369 2560 ad
1396 2514 1590 2571 astronomiam

245 2577 403 2636 discendam.
422 2576 532 2632 auditus
550 2575 584 2632 ad
603 2575 788 2630 harmonicen.
926 2575 929 2584 '
1127 2631 1129 2641 ,

302 2659 375 2711 Nota
393 2657 479 2710 XXV.
516 2656 554 2710 Et
572 2662 689 2724 utraque
705 2653 800 2724 utitur,
817 2660 873 2709 tum
892 2657 1040 2722 geometria
1058 2671 1139 2724 quam
1153 2657 1330 2714 arithmetica.
1350 2661 1434 2724 ,Nam
1459 2665 1487 2720 im
1505 2673 1593 2724 astro·

245 2738 319 2791 nomia
336 2736 436 2806 liguris
456 2747 525 2805 opus
544 2742 595 2805 est,
615 2733 650 2789 ad
669 2733 783 2788 formam
801 2741 924 2788 motuum
942 2734 1191 2806 demonstrandam,
1210 2739 1329 2795 numeris
1349 2741 1384 2796 ad
1401 2737 1525 2814 tem'pora
1542 2729 1591 2802 ili·
1677 2781 1680 2788 ·

246 2831 286 2884 qua
301 2813 525 2871 diuumersnda„
541 2813 587 2868 llic
607 2813 747 2876 ‘emanire
771 2813 929 2868 mimarios
952 2813 1047 2884 liguris
1072 2814 1158 2870 utitem
1181 2815 1355 2875 Ptolemaeus
1378 2821 1414 2878 ad
1438 2823 1594 2882 ammonem.

245 2893 346 2948 chordae
364 2893 539 2962 canonicam,
563 2907 614 2962 ego
632 2907 696 2945 vero
715 2889 810 2946 iisdem
828 2898 892 2944 utor
913 2890 999 2946 multo
1018 2892 1149 2968 maxime,
1174 2896 1294 2951 numeris
1311 2914 1375 2953 vero
1399 2901 1504 2972 indiget
1528 2919 1589 2972 pro.

245 2972 399 3037 portionum,
422 2971 467 3040 qui
486 2969 679 3024 consonantiis
704 2979 731 3024 et
749 2976 841 3025 cetera
857 2969 1016 3024 hannonica
1038 2969 1182 3026 interualla
1200 2971 1326 3040 gignunt,
1350 2977 1424 3033 varia
1448 2987 1476 3034 et
1498 2981 1589 3037 multi.

244 3048 293 3118 pler
309 3050 439 3106 tractatio
457 3042 652 3107 arithmeticas
1035 3073 1040 3084 ·
1422 3083 1426 3090 .
1494 3079 1498 3088 ,

314 3138 390 3192 liuta
408 3136 506 3192 XXVI.
544 3135 726 3193 ConsohrInas
745 3135 866 3205 appellat
884 3137 1079 3193 astronomiam
1096 3144 1126 3194 at
1143 3137 1325 3210 harmoniam,
1348 3144 1413 3211 quia
1431 3151 1531 3205 matres
1543 3149 1590 3219 ip.

245 3231 336 3284 mum,
357 3214 435 3270 illius
458 3215 531 3269 visus
550 3223 578 3268 at
595 3213 678 3283 hrans
696 3213 818 3279 auditus,
846 3229 954 3293 sorores
981 3219 1060 3283 sunt;
1088 3231 1196 3272 sorores
1220 3226 1310 3274 nutem
1333 3221 1408 3278 visus
1425 3230 1454 3280 et
1470 3225 1590 3298 auditus,

245 3294 297 3361 quia
312 3310 485 3352 communem
503 3303 616 3359 matrem
634 3294 738 3350 hahent
755 3293 903 3357 rationem,
920 3291 964 3346 uel
982 3292 1047 3363 quia
1064 3293 1143 3350 ambo
1162 3303 1226 3350 sunt
1244 3297 1294 3352 sub
1313 3311 1412 3368 genere
1430 3319 1537 3364 sensas.

317 3384 394 3438 licta
411 3379 524 3437 XXVII.
560 3381 702 3437 Educatus
719 3380 759 3436 uit
775 3396 792 3445 a
809 3378 974 3449 nutriclhus,
999 3397 1034 3436 ex
1052 3383 1214 3450 cognatione
1234 3401 1286 3446 sua
1302 3389 1447 3464 proximis,
1470 3391 1591 3464 intellige

247 3459 419 3529 ageometria
437 3467 465 3514 et
483 3457 654 3514 arithmetica
672 3465 700 3514 et
718 3465 862 3528 utramque
880 3458 990 3528 quidem
1001 3463 1036 3516 ah
1050 3469 1174 3534 utraque,
1193 3466 1280 3534 magn
1292 3463 1590 3534 tumeuastrosomIam

245 3541 422 3610 ageometrirq
442 3537 476 3593 oh
497 3539 651 3606 schemata,
677 3529 763 3608 magis
781 3537 958 3594 harmonicen
977 3540 1011 3596 nb
1029 3541 1213 3605 arithmetica,
1237 3545 1272 3600 oh
1290 3547 1479 3616 proportiones
1498 3567 1591 3608 nume·

245 3634 333 3688 rorum,
361 3627 392 3674 et
415 3618 480 3688 quia
503 3614 696 3670 consonantias
715 3615 887 3670 Ptolemaeus
906 3615 1052 3686 investigat
1076 3635 1126 3688 per
1144 3637 1271 3688 numeros
1298 3623 1467 3695 abstractos,
1496 3637 1592 3688 contra
1634 3685 1637 3693 ,

247 3713 314 3766 quarn
332 3712 394 3766 ego.
430 3696 559 3750 Proxima
578 3696 659 3748 etiam
678 3701 722 3749 est
737 3693 887 3763 geometria
904 3697 973 3750 risui
991 3697 1019 3751 iu
1038 3700 1210 3768 cognatione,
1229 3701 1293 3770 quia
1303 3703 1442 3758 schemata
1455 3705 1513 3760 solo
1532 3707 1591 3764 visu

245 3777 429 3846 percipluntur,
447 3789 502 3828 nou
523 3771 632 3841 auditu;
651 3772 776 3842 proxima
794 3781 837 3828 est
854 3772 1025 3829 arithmetlca
1041 3775 1155 3844 auditrd,
1176 3779 1239 3846 qula
1257 3797 1385 3836 numerus
1399 3797 1454 3838 non
1467 3783 1592 3854 expedite

246 3855 293 3910 usu
309 3857 476 3931 percipitur,
502 3851 559 3908 ulai
577 3867 676 3923 parvus
694 3853 743 3921 sit,
762 3859 791 3908 at
808 3853 959 3923 percipitur
975 3853 1103 3921 expedite
1121 3853 1171 3924 pe'r
1189 3858 1324 3928 auditum,
1350 3868 1465 3930 propter
1485 3849 1591 3921 sueces-

234 3934 322 3989 itiones
342 3933 527 4004 temporarias
547 3931 699 3997 sonituum,
726 3930 761 3986 ad
780 3932 994 3988 numerationem
1012 3932 1084 3985 enim
1102 3935 1251 4003 requiritur
1264 3938 1382 4006 'tempus
1406 3947 1433 3994 et
1452 3943 1590 4008 memoria,

246 4013 330 4080 lptior
347 4022 393 4069 est
408 4014 506 4068 horum
529 4025 658 4066 sensuum
677 4010 815 4065 distinctio
834 4027 867 4066 ea
886 4010 1073 4080 subjectorum
1091 4011 1260 4070 differentis.
1295 4017 1365 4071 Nam
1387 4018 1462 4074 uleus
1484 4019 1591 4090 subjec-

246 4099 292 4147 tum
307 4094 336 4148 ln
352 4108 411 4150 rara
429 4100 568 4159 uersatur,
588 4089 697 4147 auditus
715 4091 743 4144 in
760 4093 829 4160 liert.
867 4091 1031 4159 Propterea,
1052 4107 1123 4158 quas
1142 4091 1279 4160 uidentur,
1304 4101 1440 4164 quatenns
1458 4097 1591 4166 ridentur,

248 4185 273 4224 ea
287 4181 347 4228 aaut
365 4181 396 4227 et
412 4172 440 4226 iu
458 4178 595 4302 1110qu
615 4177 689 4238 sunt,
707 4183 778 4238 quae
796 4184 860 4224 vero
879 4169 1035 4234 audiuntur,
1057 4187 1091 4226 ea
1109 4171 1239 4240 temporis
1257 4178 1375 4229 tractmn
1392 4176 1542 4245 requirunt,
1560 4185 1591 4234 ut

247 4249 312 4317 idat,
329 4259 356 4306 et
373 4251 442 4306 lucis
461 4247 546 4304 eiilun
599 4256 641 4302 est
658 4245 687 4300 in
705 4255 852 4306 momento.
870 4247 929 4304 soni
942 4249 970 4302 iu
983 4256 1113 4318 tempore,
1150 4252 1245 4320 ltaque
1259 4248 1350 4320 fulgur
1367 4251 1501 4322 fragorem
1512 4270 1591 4326 prae·

250 4328 347 4384 verritur
364 4327 394 4384 in
411 4329 525 4394 effluxu,
545 4325 596 4382 etsi
614 4325 641 4379 in
660 4325 735 4380 sonte
752 4326 807 4382 sint
826 4325 914 4381 simul.
952 4329 1018 4382 Cum
1036 4327 1119 4396 igitur
1141 4329 1222 4384 etlam
1235 4334 1396 4388 numeratio
1419 4341 1526 4402 tempus
1550 4350 1591 4390 re·

250 4405 333 4472 quirat,
352 4424 406 4462 nou
426 4407 514 4463 minus
533 4421 614 4474 quam
633 4419 724 4468 sonus,
742 4403 799 4460 siue
813 4405 871 4473 jam
889 4402 1020 4461 audibilia
1038 4423 1218 4474 numeremus,
1237 4409 1292 4464 siue
1306 4409 1434 4481 slsihilia,
1454 4413 1517 4468 hinc
1535 4429 1590 4474 me-

249 4493 352 4539 neutum
370 4485 481 4554 aliquod
500 4483 605 4538 accedit
624 4483 658 4536 ad
677 4482 865 4552 cognationem
883 4485 993 4539 auditus
1011 4502 1073 4540 cum
1091 4485 1269 4541 arithmetlea.
1302 4526 1306 4536 .
1455 4557 1460 4564 ι

322 4563 358 4618 Ut
377 4572 468 4620 autem
487 4570 627 4632 appareat,
647 4561 782 4631 quomodo
800 4562 929 4618 discincta
947 4563 1002 4619 sint
1013 4557 1048 4619 ‘in
1066 4563 1142 4620 hisce
1160 4565 1258 4621 mentis
1277 4563 1466 4622 affectionibus
1486 4567 1591 4626 theoria
1642 4567 1647 4578 '

251 4646 385 4710 spuria.
413 4645 524 4703 culmus
542 4643 577 4697 ad
595 4642 771 4712 geometriam
793 4643 940 4712 praecipue
958 4649 1008 4697 est
1031 4643 1238 4698 convertendus.
1275 4643 1307 4698 ln
1335 4659 1367 4700 ea
1390 4647 1591 4716 propositiones

251 4723 371 4784 pertinent
390 4721 425 4779 ad
443 4721 639 4792 speculativam
656 4729 777 4790 partem,
803 4733 865 4775 nam
882 4721 1000 4775 formant
1026 4729 1187 4791 conceptam
1209 4721 1398 4778 theoreticum'.
1433 4727 1591 4795 Apparatus

251 4809 273 4850 et
287 4801 408 4858 formatr'o
432 4801 577 4857 schematis
601 4816 636 4855 ex
658 4800 853 4869 propositionIa
875 4795 1049 4870 praescripto
1071 4807 1099 4854 et
1122 4799 1248 4856 deductio
1267 4799 1506 4858 demonstrationis
1526 4812 1590 4860 suut

251 4875 416 4936 rudimentum
427 4879 584 4935 manuarias
596 4877 864 4947 repraesentationis.
888 4878 960 4934 Usus
973 4894 1037 4932 vero
1050 4877 1250 4946 propositionis,
1270 4885 1300 4932 ut
1308 4878 1366 4946 jam
1379 4879 1589 4952 demonstratas,

252 4953 279 5006 ul
293 4958 343 5013 alia
358 4967 442 5028 atquc
460 4958 514 5014 alla
531 4957 710 5028 expedienda,
729 4956 953 5019 sicehahitualis
972 4957 1095 5012 exercitii
1113 4965 1184 5014 sunt.
1203 4955 1254 5012 ,Ε1
1265 4956 1381 5025 amplius
1400 4957 1427 5012 in
1446 4959 1518 5014 omui
1536 4959 1590 5029 spl-
1697 5017 1700 5025 ,

252 5030 359 5106 lopiano,
377 5039 538 5108 praesertim
556 5038 761 5105 mathematico,
779 5035 867 5106 major
884 5037 1035 5106 propositio
1053 5036 1138 5090 vicem
1157 5033 1351 5104 speculationis
1370 5037 1439 5104 obit,
1458 5045 1501 5092 est
1519 5039 1589 5094 enim

255 5111 280 5165 le
295 5115 439 5185 abstracto,
464 5117 552 5172 minor
569 5117 655 5172 ricem
673 5115 803 5184 actionis,
827 5115 896 5184 quia‘
910 5113 1044 5170 subsumit
1061 5113 1171 5184 aliquod
1189 5113 1349 5184 plerumque
1367 5123 1539 5190 concretum,
1558 5123 1590 5172 ut

248 5205 321 5269 'sonos
339 5194 381 5249 ccl
397 5193 515 5250 chordas
533 5193 576 5250 vel
594 5193 685 5255 rodina
704 5204 732 5248 ct
751 5192 848 5248 similit
866 5193 894 5275 lit
912 5194 1106 5269 propositionIs
1124 5193 1247 5264 suhjccto
1258 5193 1356 5266 posits,
1375 5193 1473 5264 quibus
1492 5195 1589 5252 tribuit
