4242 6384
722 854 725 865 ,
769 794 1064 866 IuberIV.0s1tutI·
1527 794 1589 855 ili
1702 809 1707 815 ·

244 968 346 1029 tionem
366 969 399 1028 ln
423 972 505 1031 souis
526 972 615 1049 loque
635 972 727 1033 radiis
756 976 869 1035 ιιιιιιιιι
888 970 965 1057 (etsi
987 991 1024 1035 ιι
1046 974 1123 1035 bane
1148 972 1266 1050 quidem
1288 970 1357 1033 ioris
1379 972 1507 1045 invenlt,
1538 966 1591 1029 sesi

243 1053 340 1116 ιιιιιιι
371 1060 532 1131 termium,
566 1067 600 1119 ut
630 1057 774 1143 dietum),
813 1070 845 1123 at
879 1071 912 1121 ιιι
944 1054 1028 1123 bseo'
1049 1061 1199 1139 proportio
1233 1062 1272 1119 sit
1302 1058 1488 1130 harmonion,
1526 1057 1592 1134 ipss

242 1144 282 1199 sni
302 1144 459 1225 archetypi
481 1146 638 1207 collatione
659 1150 737 1222 lacit,
760 1166 838 1227 quae
859 1149 1030 1222 barmqnlea
1051 1148 1114 1207 diei·
1130 1165 1188 1207 non
1211 1153 1310 1225 posset
1340 1163 1395 1205 neo
1417 1148 1477 1203 vim
1500 1144 1592 1203 ullam
1667 1196 1676 1218 ,

242 1233 387 1293 sortiretur
416 1236 447 1293 in
469 1232 622 1294 movendis
644 1238 766 1313 animis,
795 1238 823 1298 si
852 1240 896 1297 ιιι
917 1237 1094 1315 archetypos
1122 1252 1181 1296 nou
1203 1243 1290 1297 esset.
1335 1232 1415 1293 Satis
1438 1232 1526 1309 igion
1555 1230 1592 1291 do
1652 1280 1670 1311 ¹.

242 1320 397 1381 semilibus
419 1320 589 1383 harmoniis.
929 1384 935 1394 ,

318 1406 394 1469 Jom
418 1412 495 1483 enim
518 1407 732 1470 umsemonn·
746 1410 833 1480 uobis
854 1419 900 1471 est
921 1411 959 1471 ad
981 1427 1072 1489 puras
1101 1418 1131 1473 et
1153 1416 1282 1471 seorotss
1304 1407 1485 1479 barmoniae,
1515 1404 1592 1467 alte·

242 1511 296 1551 mm
317 1512 362 1555 se.
386 1496 545 1559 divisionis
565 1504 682 1555 nostrae
704 1499 882 1571 membrum,
906 1498 973 1559 illas
995 1515 1116 1575 uerupe,
1145 1496 1301 1573 quaejam
1324 1495 1412 1555 modo
1435 1495 1592 1555 statuimus

242 1580 416 1661 neueiypns
437 1602 489 1645 seu
512 1582 716 1663 paradigmata
736 1584 889 1646 sensilium
909 1585 1134 1647 harmoniarum.
1179 1584 1253 1643 Nam
1284 1582 1308 1641 si
1331 1582 1484 1660 arehetypi
1505 1598 1591 1643 suam

242 1668 378 1730 baberent
400 1672 621 1733 subsistentiam
644 1677 727 1733 extra
748 1674 892 1747 animam,
915 1674 1009 1734 lateor
1030 1671 1181 1748 equidem,
1212 1686 1319 1746 magno
1341 1686 1395 1730 nos
1417 1675 1591 1745 argumento

242 1758 341 1830 privari
367 1776 425 1835 pro
448 1756 605 1824 asserendo
622 1760 800 1833 ιιιιιιιιιιι
830 1762 945 1821 animae
974 1759 1014 1821 ad
1034 1762 1192 1819 essentiam
1215 1757 1384 1825 barmoniae
1407 1758 1591 1837 constituen-

242 1842 310 1903 dam.
357 1845 456 1923 Atqui
483 1855 566 1909 extra
594 1847 723 1907 animam
752 1846 819 1907 illos
849 1850 1026 1909 eonstituere
1057 1855 1104 1907 est
1135 1848 1302 1923 oppositum
1333 1847 1364 1905 iu
1395 1843 1529 1919 adjeoto,
1561 1850 1594 1903 ιιι

242 1930 402 1992 audiemus.
436 1934 545 2012 ⁴Verue
567 1936 643 1993 enirn
666 1941 696 1993 et
717 1933 921 2014 archetypioae
944 1934 1128 2008 barmoniae,
1161 1950 1237 2011 qnae
1259 1931 1332 1991 ιιιιιι
1355 1933 1463 2009 speciei
1492 1928 1591 1990 sensili

243 2018 358 2080 ronlnsa
381 2022 493 2097 existit,
515 2023 659 2099 principia
680 2028 748 2088 snut
770 2021 959 2082 nibilominus
981 2022 1081 2085 divisa
1099 2030 1262 2083 utnumero
1278 2020 1372 2096 plura.
1418 2017 1492 2079 (lum
1515 2020 1592 2079 enim

244 2114 266 2162 et
285 2105 337 2167 itta
359 2110 404 2169 sit
426 2111 586 2187 proportio,
609 2110 730 2186 requirit
751 2111 840 2185 igitur
862 2119 891 2169 et
913 2112 979 2189 ipsa
1000 2127 1070 2169 snos
1092 2110 1231 2168 terminos
1248 2110 1340 2166 binos.
1385 2105 1426 2165 Hi
1440 2122 1510 2165 roro
1533 2112 1593 2165 ter·

243 2195 318 2266 uini,
350 2202 388 2255 ut
417 2195 500 2257 libris
529 2197 675 2274 prioribus
697 2200 920 2272 usurpavimus,
950 2205 1019 2256 snut
1048 2195 1174 2259 eironlus
1196 2203 1275 2257 totus
1305 2202 1334 2255 ιι
1359 2211 1428 2271 pars
1452 2193 1515 2269 ejus
1545 2190 1593 2253 rel

244 2289 341 2355 partes,
365 2282 503 2360 aliquota
525 2285 574 2346 vel
588 2282 746 2361 aliquotae,
770 2284 998 2344 demonstrative·
1019 2286 1144 2345 rescisso
1161 2301 1240 2345 arou.
1286 2281 1370 2341 Haeo
1390 2288 1437 2341 sot
1458 2280 1593 2358 speoiiies
1686 2301 1694 2324 ι

244 2371 439 2446 proportionis
459 2370 645 2438 harmonicae
668 2371 846 2446 differentia,
878 2390 937 2449 qua
959 2389 1017 2432 uon
1041 2379 1155 2431 tautum
1178 2370 1347 2433 harmonion
1374 2370 1523 2446 proportio
1546 2366 1594 2425 di-

245 2457 396 2530 stinguitur
418 2477 438 2518 a
458 2458 691 2537 proportionibus
714 2459 788 2530 aliis,
811 2460 867 2519 sub
890 2458 993 2519 eodem
1014 2476 1120 2535 genere
1142 2458 1261 2531 locatis,
1285 2455 1338 2517 sed
1359 2458 1448 2515 etiem
1470 2472 1543 2533 pura
1565 2462 1595 2519 ot

248 2544 434 2622 archetypiea
453 2564 474 2605 a
495 2546 662 2619 sensilibus,
684 2548 740 2605 nisi
765 2554 909 2623 quatenus
931 2564 986 2607 nso
1009 2546 1090 2623 volgi
1106 2547 1257 2607 ιιιιιιιιιιι
1279 2542 1344 2605 solu
1358 2558 1495 2611 sonorum
1521 2558 1593 2601 oon-

248 2633 349 2691 eruitas
379 2633 538 2695 harmonia
563 2633 678 2695 dieitur.
721 2634 797 2693 Nam
826 2636 857 2693 iu
884 2634 942 2695 hoo
969 2636 1043 2711 ipso.
1061 2634 1253 2695 olarissimum
1284 2638 1407 2709 apparet
1437 2629 1593 2695 discrimen
1660 2667 1669 2694 .
1740 2603 1745 2620 ⁵

247 2719 311 2776 inter
331 2737 441 2796 puram
461 2721 643 2788 harmoniam
665 2727 696 2781 ιι
716 2720 899 2783 harmoniam
920 2720 1057 2781 sensilem
1076 2738 1132 2781 seu
1156 2722 1335 2792 ooneretnnr,
1367 2716 1444 2794 quod
1470 2718 1497 2775 in
1520 2733 1595 2793 pure

248 2808 351 2865 termini
375 2815 449 2867 sont
469 2826 504 2869 ιι
528 2809 741 2869 matbematiois
763 2809 928 2886 generibus,
951 2807 1060 2869 oireulo
1084 2808 1112 2868 ιιι
1134 2822 1213 2879 meu,
1236 2814 1315 2867 oerto
1334 2804 1423 2865 modo
1445 2805 1594 2876 formatis3
1666 2797 1699 2812 “’

250 2891 330 2953 labet
350 2912 383 2953 u.
409 2895 535 2955 circulus
556 2911 641 2957 snam
662 2896 866 2963 formationem
888 2912 941 2972 seu
963 2894 1168 2971 figurationem
1192 2914 1228 2955 ex
1250 2912 1282 2953 se
1299 2894 1374 2971 ipso,
1397 2892 1487 2951 babet
1508 2908 1594 2951 arnus

251 2995 278 3036 ιι
297 2981 442 3042 subtensa
470 2986 625 3055 tenuibus,
656 3000 693 3043 ex
715 2983 824 3043 oiroulo
847 2983 996 3059 figuram3-
1013 2986 1041 3041 ιι
1072 2982 1229 3045 sensilibus
1254 2998 1324 3041 vero
1347 2978 1506 3040 harmoniis
1534 2994 1592 3037 uon

251 3072 286 3123 ιιι
313 3086 391 3145 opus
422 3070 479 3131 bae
507 3072 629 3148 speciali
656 3070 845 3143 formatione,
875 3079 1001 3148 possunt
1016 3074 1104 3144 ,enim
1133 3087 1213 3132 esse.
1229 3067 1276 3130 vel
1303 3076 1400 3129 reniae
1422 3066 1517 3127 lineae
1546 3064 1593 3124 vel

252 3152 322 3213 aliter
348 3156 505 3227 ιιιιιιιιιιι
522 3160 703 3235 quantitates
731 3158 872 3230 sensiles,
904 3156 1062 3219 dummodo
1092 3161 1151 3219 sint
1178 3156 1267 3234 hujus
1294 3154 1500 3232 archetypieae
1522 3170 1593 3213 suae

252 3240 410 3305 barmoniae
433 3244 493 3305 lida
516 3246 702 3325 exemplaria,
728 3249 756 3304 in
778 3246 942 3322 quantitate
958 3246 1107 3322 quaelibet
1122 3264 1185 3319 suo,
1208 3251 1350 3321 quantum
1365 3240 1482 3318 quidem
1499 3246 1596 3318 potest

253 3344 306 3387 esse
327 3330 406 3393 lidae
430 3333 603 3394 imitationis
626 3336 654 3393 iu
677 3333 764 3393 rebus
787 3332 961 3407 sensilibus,
991 3334 1073 3413 quia,
1095 3333 1174 3411 quod
1198 3334 1227 3391 iu
1250 3334 1286 3391 ιιι
1309 3348 1378 3391 vero
1401 3331 1596 3408 propinquum
1633 3380 1636 3385 ,

253 3423 289 3473 est
306 3418 468 3479 seeundum
491 3422 585 3497 magis
607 3428 637 3481 ιι
659 3423 766 3495 minus,
788 3420 818 3479 id
839 3437 892 3499 pro
906 3422 972 3497 ipso
996 3438 1067 3481 sero
1087 3423 1233 3499 reeipitur.
1278 3418 1318 3479 Hi
1334 3424 1402 3477 sunt
1423 3418 1513 3493 igitur
1536 3424 1595 3475 ter·

254 3504 311 3561 uiui
332 3506 505 3567 harmoniae
527 3508 742 3587 arebetypioae.
1365 3540 1374 3551 =

327 3592 445 3655 Deinde
467 3604 581 3672 praeter
602 3597 741 3661 terminos
762 3611 885 3668 romnus,
909 3601 942 3655 ιι
964 3594 1046 3671 prius
1069 3592 1176 3655 dietum
1199 3589 1417 3665 insensilibus,
1440 3592 1596 3668 requiritur
1660 3620 1665 3635 ·

256 3680 330 3738 itiam
352 3696 446 3758 ineos,
470 3699 643 3758 comparens
665 3684 805 3751 terminos
826 3688 857 3743 ιι
879 3681 1050 3756 leudioans,
1074 3698 1144 3741 uum
1167 3684 1198 3759 ii,
1221 3682 1354 3739 nimirum
1377 3696 1462 3739 ιιιιιι
1485 3678 1594 3749 ιιιιιιι,

257 3763 317 3823 isles
337 3772 408 3839 sint,
432 3786 505 3846 quos
528 3770 564 3831 de
588 3779 650 3831 toto
673 3769 781 3831 oireolo
804 3767 951 3829 rescindat
972 3769 1050 3829 latus
1073 3766 1194 3845 aliquod
1217 3768 1328 3844 figurae
1351 3764 1594 3826 demonstrabilis.

257 3848 348 3927 Ῑιῑιιιιο
369 3859 429 3916 tria
450 3856 669 3949 quodammodo
691 3867 760 3917 sunt
783 3858 924 3933 principio
946 3856 1116 3915 barmoniae
1132 3855 1348 3933 arohetypioae,
1372 3854 1431 3911 duo
1454 3870 1490 3912 ox
1513 3859 1595 3929 parte

259 3942 450 4005 terminorum:
481 3945 647 4019 materiale,
677 3952 711 4005 nt
732 3944 886 4019 analogice
906 3942 1025 4019 loquar,
1058 3942 1179 4003 oiroulus
1209 3953 1238 4003 et
1267 3935 1333 4018 par's
1357 3940 1435 4015 eius,
1465 3936 1596 4011 lorinsle,

258 4030 378 4091 rescissio
402 4034 494 4107 pariis
515 4050 569 4107 per
589 4032 711 4103 tinnraru
735 4031 1011 4104 demonstrativam
1033 4036 1063 4089 et
1086 4046 1175 4089 unum
1198 4046 1233 4089 ex
1256 4035 1338 4105 perte
1361 4028 1453 4103 ipsius
1476 4026 1597 4085 relatio·

259 4112 294 4171 nis
319 4121 528 4191 terminorum,
555 4119 670 4181 sellioet
698 4118 827 4179 ellieiens
855 4112 1106 4199 (quodammodo)
1135 4134 1226 4176 mens.
1278 4115 1410 4189 Cumque
1447 4115 1596 4190 proportio

261 4205 338 4261 omnis
361 4214 391 4267 et
413 4208 456 4265 sie
480 4209 568 4265 etiam
590 4206 664 4267 base
686 4208 777 4282 portis
799 4206 899 4265 eireuli
921 4204 959 4265 ed
982 4211 1075 4265 totum
1105 4205 1145 4263 sit
1166 4206 1196 4262 iu
1218 4201 1453 4281 praedienmeuto
1476 4199 1597 4259 relatio·

261 4289 303 4360 nis,
321 4291 381 4365 jarn
395 4293 479 4353 *base
493 4301 575 4353 seria
596 4302 626 4354 et
641 4294 786 4371 descripta
799 4294 995 4369 proportionis
1011 4292 1106 4351 forms
1127 4292 1215 4352 babet
1230 4308 1271 4349 ιι
1283 4294 1315 4349 ιι
1330 4288 1460 4365 qualitor
1475 4298 1597 4363 quartae

262 4379 362 4448 speciei.
409 4381 462 4439 list
490 4383 568 4440 subn
597 4381 750 4441 barmoula
777 4381 882 4441 relatio
916 4378 1139 4456 quodammodo
1168 4377 1344 4455 qualitativa
1377 4393 1428 4436 seu
1463 4375 1596 4449 figurate,

263 4464 355 4540 quippe
376 4485 395 4526 a
419 4466 519 4543 figuris
540 4461 724 4545 regularibus
753 4468 887 4530 tornata.
933 4465 1045 4542 Quodsi
1076 4468 1157 4543 prius
1184 4464 1223 4525 ad
1242 4466 1403 4535 essentiam
1427 4462 1596 4523 barmoniae

265 4551 368 4629 endiis
383 4557 533 4631 pertinuit,
556 4563 590 4616 ut
611 4556 730 4616 sensilia
753 4573 804 4635 per
825 4556 953 4632 speeiem
975 4554 1130 4613 influerent
1151 4555 1182 4611 iu
1204 4555 1346 4625 animam,
1370 4558 1480 4627 quanto
1502 4550 1596 4624 magis

265 4638 334 4698 itiam
354 4640 403 4700 bie
424 4659 545 4703 neeesse
568 4652 622 4715 ssi,
646 4653 678 4703 ut
699 4660 775 4719 quos
797 4641 921 4702 diximus
943 4642 1113 4701 barmoniae
1133 4648 1262 4701 secretae
1282 4640 1431 4712 terminos,
1445 4630 1596 4697 oiroulum

268 4732 287 4777 st
306 4744 395 4789 rreum
417 4729 491 4805 ejus,
515 4731 534 4788 ii
559 4732 668 4789 siritio
691 4737 788 4791 mente
810 4731 876 4807 ipsa
897 4730 984 4801 intus,
1013 4729 1078 4793 sire
1100 4726 1130 4787 id
1153 4730 1220 4803 quis
1243 4744 1294 4805 per
1316 4728 1428 4804 speeies
1451 4727 1525 4783 intro
1548 4740 1596 4781 re·

267 4817 477 4885 anastasium
506 4834 570 4878 esse
594 4818 688 4896 dieat,
717 4820 781 4879 sive
804 4834 870 4877 oum
895 4819 963 4893 ipsa
990 4822 1087 4876 mente
1115 4816 1355 4893 perennaveriut,
1385 4818 1453 4871 aute
1483 4828 1598 4869 omnem

268 4905 439 4977 sumnonem
462 4906 540 4963 intus
562 4912 743 4982 praesentem
767 4904 804 4964 de
826 4921 885 4981 quo
905 4904 967 4979 jam
992 4919 1077 4979 porro
1101 4902 1186 4963 nobis
1209 4901 1344 4961 omnibus
1360 4899 1467 4975 ingenii
1486 4898 1596 4961 viribus

270 4986 309 5044 siit
327 4988 542 5068 dispieleudum.

336 5076 406 5138 llum
427 5086 526 5139 autem
543 5075 592 5137 sd
615 5077 694 5137 buno
715 5078 812 5137 loeum
836 5076 900 5152 jam
922 5075 1141 5145 devenerimus,
1170 5092 1228 5135 nou
1260 5072 1395 5150 equidem
1419 5074 1486 5137 niue
1510 5072 1596 5133 lucu-

271 5152 330 5220 lenta
346 5166 452 5242 injuria
473 5173 532 5225 tam
554 5165 673 5228 laeteris
695 5162 899 5242 pbilosophise
921 5164 1030 5240 cupidi,
1063 5182 1151 5241 quam
1163 5170 1315 5235 ,veterum
1340 5162 1390 5237 qui
1406 5161 1482 5221 hane
1496 5160 1596 5237 pbilo-

273 5247 368 5322 ⁸⁰liblse
388 5260 502 5331 partem
523 5259 592 5315 aute
613 5270 668 5313 uos
690 5254 844 5325 triverunt,
873 5251 1136 5329 ipsorumplaeita
1164 5249 1200 5311 de
1221 5248 1308 5311 rebus
1331 5248 1436 5309 iisdem
1458 5246 1597 5309 dissimu-
1649 5295 1653 5303 ,
