4242 6384
747 787 829 855 Liber
846 789 894 844 ΙΙΙ.
913 787 1002 858 Caput
1018 787 1093 844 xvi.
1529 787 1593 852 409

230 979 376 1024 senorum
400 965 547 1043 oppositio
571 963 723 1044 ιιιιριιοιι,
748 970 818 1044 quia
834 973 1077 1028 moussonantes
1099 964 1237 1028 dicuutur
1258 970 1290 1026 et
1303 965 1420 1026 illarum
1442 966 1593 1044 proportio

230 1051 321 1127 dupla
345 1054 432 1128 prius
455 1055 484 1114 io
508 1055 725 1130 comparatione
749 1071 814 1114 eum
837 1053 1118 1130 configurationibus
1132 1054 1314 1130 oppositioni
1325 1055 1594 1132 soqruparsbatur3

230 1141 304 1198 iuter
330 1156 407 1200 rare
429 1134 760 1216 proslambanomenon,
790 1141 917 1214 satum
942 1140 1097 1213 tributam,
1127 1149 1159 1202 et
1180 1139 1275 1200 dietas
1297 1139 1373 1200 duas
1394 1149 1441 1212 est
1462 1139 1595 1200 similiter

230 1229 486 1301 reetrasooantia,
509 1227 548 1288 ad
570 1245 668 1288 meson
692 1228 825 1308 simplex,
849 1227 887 1288 ad
910 1234 996 1288 neten
1013 1226 1131 1304 duplex,
1154 1222 1344 1304 disdiapason
1366 1227 1460 1288 diua:
1484 1229 1594 1304 quippe

230 1323 256 1372 ιι
278 1313 399 1390 duplas
420 1317 617 1392 proportionis
640 1315 782 1392 duplum,-
795 1315 852 1376 boe
874 1322 919 1375 est
941 1313 1108 1394 quadrupla
1130 1318 1281 1393 propertio
1304 1318 1442 1376 interest·
1466 1315 1593 1375 Rursum

230 1401 302 1460 inter
325 1399 444 1462 Joreru
467 1410 497 1462 et
520 1402 665 1464 Venerem
689 1402 836 1462 beneficos
857 1401 1044 1465 familaritas
1067 1409 1131 1475 est,¹
1144 1402 1323 1481 respondens
1345 1401 1594 1464 identisouastiae

230 1486 381 1566 (linquam
412 1490 500 1549 iuter·
516 1489 647 1566 bypateu
670 1489 802 1568 hypaton
823 1497 855 1550 et
883 1497 1066 1568 paramesen.
1111 1488 1192 1550 ldsrs
1216 1507 1335 1566 quoquo
1357 1507 1424 1550 eom
1447 1489 1593 1549 Maeonio

230 1575 397 1634 amicitiam
422 1575 508 1652 colit,
539 1585 572 1636 ut
595 1583 640 1637 est
662 1577 737 1635 inter
758 1577 887 1654 hypaten
910 1593 1012 1636 meson
1035 1583 1066 1635 et
1086 1585 1173 1637 neten
1196 1576 1426 1653 diezeugmenon
1449 1575 1593 1643 idestisq-

230 1665 331 1720 nantia
364 1662 510 1740 diapason
528 1660 583 1744 ¹1¹).
629 1663 799 1742 Respondet
827 1673 857 1725 et
879 1663 958 1736 boe,
983 1663 1063 1738 qued
1086 1672 1119 1724 ιιι
1140 1670 1187 1725 ost
1213 1665 1288 1724 inter
1309 1667 1398 1724 maris
1420 1681 1541 1742 parem
1564 1673 1594 1724 st

230 1752 360 1810 irminae
388 1759 505 1809 acutam
528 1767 631 1811 vocem
654 1750 826 1828 plerumque
850 1751 1043 1810 consonantia
1066 1749 1210 1828 diapason
1232 1748 1318 1832 (quas
1341 1769 1429 1812 voees
1452 1759 1482 1812 et
1502 1758 1594 1811 uatu-

231 1855 277 1895 ree
303 1845 483 1914 sequuntur,
507 1845 537 1898 et
559 1837 658 1898 brunia
682 1843 711 1898 ei
727 1837 809 1898 'vires
832 1840 985 1914 utriusque
1007 1853 1111 1913 sexus3
1134 1845 1168 1897 ut
1184 1845 1281 1898 tameo
1304 1839 1513 1899 contrariorum
1536 1838 1593 1898 bo-

231 1941 292 1982 rum
317 1925 460 1984 binorum
483 1925 651 2000 gratisima
673 1927 711 1984 ait
734 1923 855 2002 copula,
886 1927 915 1984 in
946 1941 1036 1984 unum
1066 1927 1263 2002 generationis
1286 1926 1451 2004 demusque
1474 1933 1592 1994 susten-

234 2009 343 2071 taedae
370 2029 447 2090 opus
470 2009 779 2092 conspirans),'e0quo
801 2003 898 2086 mares
919 2011 1061 2089 gravibus
1075 2010 1112 2070 'iu
1129 2012 1296 2072 harmonice
1319 2021 1480 2098 systemate
1502 2017 1592 2083 souis,

234 2099 362 2163 feminae
387 2101 482 2160 acutis
506 2107 721 2178 comparantur,
743 2101 786 2160 sie
810 2103 899 2160 ctiam
922 2097 973 2158 Sel
998 2105 1028 2162 ot
1050 2097 1194 2159 Satumua
1208 2100 1330 2178 Lunae,
1353 2096 1594 2179 JupiterVeue·

235 2188 279 2259 ris,
303 2185 393 2246 Mars
416 2185 554 2249 Mercurii
576 2190 656 2248 souis
685 2204 774 2248 sones
796 2189 961 2264 puriores,
985 2185 1135 2266 diapason·
1151 2194 1181 2246 et
1203 2186 1395 2264 disdiapason
1416 2187 1592 2264 obtinentes,

235 2271 393 2332 masculini
412 2276 532 2350 generis
554 2291 619 2335 esse
641 2275 830 2355 perhibentur
852 2274 891 2332 ab
913 2273 1087 2349 annologio,
1116 2273 1218 2334 Venus
1247 2282 1349 2336 eontra
1370 2274 1593 2353 Mareoticaque

235 2369 260 2420 et
282 2359 388 2434 Luna,
420 2363 529 2438 quibua
556 2365 702 2422 acutiores
732 2362 876 2439 diapason
906 2363 1020 2420 termini
1048 2360 1166 2422 inerunt
1188 2361 1342 2440 applicati,
1373 2363 1518 2426 habentor
1536 2381 1593 2443 pro
1655 2378 1665 2391 ⁴¹

236 2449 366 2506 ieruiuini
391 2465 480 2508 sexus
501 2448 628 2524 planetis
645 2445 699 2526 Ν).
744 2449 782 2508 Et
804 2445 1050 2524 quemadmodum
1066 2462 1164 2525 supra
1188 2466 1253 2509 eum
1276 2449 1402 2510 latitudo
1424 2452 1593 2529 systematis
1693 2453 1696 2456 ’

236 2533 443 2610 applicaretur·
456 2535 592 2610 zodiaco,
623 2537 767 2615 oppositis
790 2537 883 2612 signis
906 2535 1068 2594 veniebant¹
1086 2537 1157 2594 soni
1174 2553 1227 2596 seu
1250 2535 1377 2598 chordae
1400 2537 1486 2611 illas,
1516 2555 1592 2614 quae

237 2629 298 2678 runt
320 2629 432 2698 postea
453 2621 580 2683 Saturno
604 2619 641 2683 ot¹
655 2623 718 2682 Seli
740 2623 880 2696 tutone,
899 2623 943 2686 sic
965 2623 1053 2684 etlam
1077 2623 1218 2700 asuelogi
1241 2623 1360 2684 Saturni
1382 2626 1592 2686 exdtatienem

238 2707 334 2767 dicunt
358 2711 390 2766 in
416 2707 506 2770 Libra
530 2727 611 2784 esse,
635 2709 712 2772 Solis
735 2712 765 2768 in
790 2711 926 2787 opposite
951 2710 1066 2783 Ariete,
1090 2709 1206 2770 Saturni
1232 2709 1350 2770 domum
1373 2711 1591 2792 (laprloomum,

241 2793 335 2855 Lunae
361 2799 532 2874 oppositum
557 2797 711 2868 Cunerum,
735 2795 852 2857 Saturni
876 2796 997 2856 domum
1011 2797 1185 2876 Aquarium,
1209 2795 1287 2858 Solis
1310 2797 1429 2860 domum
1452 2799 1590 2874 Leonem,

240 2885 372 2958 opposita
396 2881 536 2963 siguss).
1410 2920 1421 2969 '.
1508 2956 1512 2961 ⁴
1559 2927 1566 2936 ,

318 2971 522 3032 Veruntamen
546 2973 574 3032 iu
598 2972 737 3044 motibus,
761 2989 798 3032 ox
821 2971 927 3047 quibus
950 2971 1136 3047 planetamm
1156 2971 1371 3033 familiaritates
1394 2971 1443 3033 vel
1466 2972 1593 3049 impedi·

241 3063 332 3116 nesta
356 3061 388 3117 iu
412 3057 555 3138 largiendi
578 3059 666 3118 modu
689 3058 856 3136 colliganda
879 3057 1013 3131 diximus,
1037 3059 1111 3118 iorts
1134 3058 1219 3136 plura
1240 3061 1467 3138 respondebunt,
1491 3063 1515 3119 si
1538 3077 1593 3119 ne-

242 3145 343 3216 gotium
368 3148 401 3204 in
424 3145 510 3220 bunc,
534 3148 585 3222 qni
607 3148 748 3222 sequitur,
772 3144 891 3208 medum
915 3147 1146 3205 tractaverimus.
1198 3147 1313 3218 Etenim
1336 3149 1379 3206 sie
1403 3148 1441 3207 ab
1465 3149 1594 3224 antiquis

244 3233 418 3306 acecpimus,
445 3241 540 3292 certos
564 3249 629 3292 esse
651 3249 804 3303 comoros,
827 3246 880 3309 per
902 3249 977 3308 ques
1001 3236 1110 3304 omnia,
1134 3234 1289 3309 quaesibi
1313 3238 1500 3308 eaneniunt,
1520 3236 1593 3312 Jun-

245 3327 343 3388 guntur
360 3327 392 3379 et
406 3327 554 3396 aptantur,
571 3327 603 3378 ut
618 3319 670 3380 flat
681 3320 825 3396 jugabilis
841 3322 1045 3398 competentia,
1069 3339 1123 3380 nee
1143 3323 1301 3397 quicquam
1318 3339 1404 3400 pesse
1419 3322 1513 3394 alteri,
1537 3323 1594 3380 nisi
1629 3341 1634 3350 ¹

245 3420 289 3476 ptr
309 3405 366 3466 boa
391 3423 537 3480 uumerus,
563 3410 729 3470 usuvenire.
752 3407 931 3485 Propagatie
948 3423 1048 3467 eorum
1072 3416 1117 3468 est
1138 3416 1206 3485 pust
1228 3410 1371 3472 unitatem
1393 3427 1446 3487 per
1466 3411 1592 3486 primum

245 3507 334 3564 parem
360 3497 379 3553 2
406 3501 435 3553 et
457 3497 582 3571 primum
606 3497 746 3572 imparem
771 3497 788 3553 3
814 3511 974 3570 eorumque
997 3495 1157 3572 quadratos
1181 3493 1210 3568 4,
1235 3497 1253 3556 o
1277 3504 1307 3556 et
1329 3497 1422 3556 cubos
1445 3497 1476 3575 8,
1499 3499 1539 3554 ιι
1564 3505 1594 3556 ιι

247 3575 357 3640 ulterius
382 3585 555 3642 continuata
576 3584 774 3659 proportione,
807 3581 870 3641 illie
891 3582 1009 3658 quidem
1043 3583 1097 3652 16.
1122 3585 1178 3655 82,
1204 3583 1254 3654 64,
1282 3585 1342 3642 128
1374 3583 1423 3644 bie
1451 3584 1502 3656 di,

248 3661 281 3720 llr
302 3665 348 3726 his
371 3677 450 3741 sunt,
474 3667 552 3729 uirdo
574 3675 735 3728 naseuntur
757 3669 969 3746 proportiones,
993 3670 1101 3744 quibus
1115 3669 1286 3730 barmoniae
1301 3669 1596 3732 maciomanum

247 3759 332 3812 auum
357 3753 548 3833 praecipuae:
562 3757 714 3833 epitritus,
733 3747 924 3834 ‘bemilrelioa
946 3755 1107 3832 epogdoos,
1128 3755 1262 3834 duplaris
1284 3759 1374 3832 (istae
1395 3757 1511 3816 illarum
1533 3756 1592 3816 dii-

247 3835 357 3900 ierontia
381 3850 411 3902 et
433 3840 574 3915 summa),
598 3842 734 3920 triplaris,
758 3843 972 3919 quadruplaris.
1018 3842 1088 3902 Sine
1110 3843 1155 3902 iris
1177 3845 1305 3903 numeris
1328 3843 1409 3904 nulla
1431 3843 1591 3921 colligatio,

247 3924 317 3986 noba
337 3937 437 4003 potest
459 3947 524 3990 asso
547 3930 712 3992 eoncordia.-
743 3929 843 3988 Vitam
866 3947 936 3990 vero
959 3937 1089 3988 nostram
1111 3932 1270 4006 praecipua
1291 3930 1344 3990 Sol
1366 3939 1397 3991 et
1418 3921 1504 3990 Lana
1525 3949 1591 3990 aro·
1653 3940 1657 3949 ’

248 4008 382 4074 derantur.
428 4016 503 4076 Nam
533 4033 598 4077 cum
628 4019 686 4076 sint
716 4015 893 4077 caducorum
924 4016 998 4075 itaoe
1020 4016 1080 4076 due
1101 4019 1237 4094 propria,
1271 4019 1379 4078 secure
1401 4027 1431 4078 ιι
1453 4035 1592 4090 mucore,

250 4099 425 4177 rutbetieun,
448 4103 478 4161 id
501 4113 546 4163 est
569 4102 713 4163 sentiendi
736 4111 850 4176 natura,
874 4102 910 4162 de
933 4103 1004 4163 Sole
1026 4100 1076 4182 (ob
1099 4103 1194 4163 iuream
1215 4105 1255 4164 ab
1277 4102 1345 4183 ee),
1367 4105 1510 4182 physicon
1534 4121 1591 4164 su·

251 4189 306 4258 tem,
327 4191 355 4248 id
381 4201 426 4250 est
449 4190 599 4251 crescendi
619 4199 732 4264 natura,
757 4189 793 4250 de
816 4191 925 4250 bunari
948 4190 986 4250 ad
1009 4207 1064 4250 nos
1086 4191 1266 4268 globositate
1288 4189 1332 4272 (ut
1354 4210 1415 4268 qua
1437 4199 1591 4270 crescente,

251 4267 371 4336 humores
393 4279 664 4359 omnescreseunt)
687 4281 876 4354 proveniunt:
901 4281 946 4338 sie
966 4280 1118 4354 utriusque
1137 4279 1257 4338 lerninis
1271 4279 1414 4340 beneficio
1438 4279 1512 4339 base
1533 4297 1591 4339 no·

253 4354 287 4416 bis
306 4372 419 4425 eoustst
443 4369 517 4440 vita,
548 4379 607 4442 que
635 4367 765 4424 fruimur.
799 4365 1002 4434 .Cunservatio
1031 4372 1128 4426 tamen
1160 4373 1261 4426 nostra
1294 4374 1323 4426 et
1356 4373 1516 4444 preventus
1538 4383 1591 4428 ae·

253 4449 320 4506 tuuru
340 4459 400 4512 ιιιιι
424 4453 461 4512 ad
485 4455 549 4530 ipsa
571 4451 630 4512 dua
652 4451 783 4526 lumina,
807 4471 896 4530 qnam
919 4452 956 4512 ad
980 4453 1111 4529 quinque
1133 4471 1227 4530 vagas
1249 4453 1353 4513 stallae
1375 4453 1507 4514 reiertur.
1532 4453 1591 4514 Sed

255 4525 342 4595 larum
361 4539 512 4599 stellamm
535 4539 613 4599 alius
635 4541 817 4600 interventus
840 4557 1043 4613 numerorum,
1074 4557 1199 4617 qnorum
1225 4542 1289 4618 jam
1319 4541 1442 4601 iacimus
1464 4543 1592 4600 mentio-

256 4631 315 4691 uem,
336 4641 400 4685 eum
423 4627 581 4687 luminibus
604 4627 677 4686 bene
696 4627 796 4704 jungit
819 4635 849 4686 et
870 4629 981 4701 seciet3
1004 4619 1081 4686 alius
1096 4627 1195 4687 nullus
1211 4625 1341 4705 applicat
1362 4627 1475 4688 numeri
1497 4645 1591 4688 nexus

258 4701 424 4774 drumna-
463 4715 540 4788 Brge
563 4714 698 4774 Veneres
721 4722 751 4773 ct
767 4713 903 4774 deviatis
926 4713 1013 4774 stella
1026 4731 1089 4792 per
1103 4714 1164 4774 ‘bos
1186 4729 1323 4775 numeros
1346 4717 1462 4791 utrique
1484 4713 1588 4774 lumini

258 4795 399 4860 sociantur:
432 4799 482 4861 illo
504 4799 567 4860 seu
594 4799 713 4877 quodem
740 4809 793 4878 pet
827 4796 864 4883 ¹),
887 4809 917 4862 et
945 4795 997 4883 W„
1029 4801 1131 4861 Lucae
1159 4819 1231 4861 uero
1257 4819 1311 4880 per
1338 4797 1406 4883 'Jw
1438 4801 1517 4878 qned
1546 4809 1591 4862 est

260 4881 335 4942 titios
357 4887 388 4962 6,
417 4887 464 4947 vel
495 4895 540 4950 ter
568 4895 672 4964 quater
700 4889 774 4960 ιιιι,
805 4895 835 4947 ιι
856 4905 908 4963 per
935 4882 1004 4970 'lw
1024 4882 1108 4966 *quod
1130 4897 1175 4948 ast
1197 4897 1242 4949 ter
1264 4886 1368 4968 qnater
1390 4896 1536 4965 quatuor,
1561 4897 1591 4950 et

260 4965 384 5056 l⁸1¹lw
417 4977 475 5034 ista
506 4991 575 5035 vere
601 4973 665 5034 Seli
695 4973 812 5052 quidem
836 4991 886 5051 per
909 4969 960 5055 *ιω
989 4973 1092 5034 Lunae
1114 4993 1185 5036 vero
1213 4993 1266 5054 per
1301 4970 1339 5056 Ἰ,
1363 4981 1393 5035 ιι
1419 4971 1484 5058 ¹l„.
1530 4973 1589 5036 Sed

262 5045 365 5120 leuato
380 5061 448 5122 =Soli
471 5079 523 5140 per
544 5055 808 5139 potiores,.Lunao
824 5079 894 5124 vero
916 5080 968 5140 per
986 5061 1105 5122 viliores
1127 5081 1265 5123 nummos
1287 5061 1474 5146 aggregatur.
1511 5061 1590 5124 lline

261 5129 448 5226 lutosaque
471 5145 603 5212 bonellus
624 5149 777 5223 uelatur,
808 5145 896 5210 Jeris
919 5157 1016 5224 tamen
1038 5149 1127 5212 stalla
1158 5168 1225 5211 enm
1246 5149 1318 5226 dele
1339 5146 1589 5215 aeeemmedatior

265 5233 357 5305 “litt
382 5230 470 5318 ¹),et
495 5231 1029 5321 Ι1,,ιιιῗιιιιιιιιιιιιιιι[ιιιιιιιιιιι
1055 5232 1394 5321 ¹l,st.¹)„,quiait
1418 5243 1590 5313 estquater
