4242 6384
787 821 876 880 Notas
894 817 1022 877 Editoris
1159 771 1167 794 ’
1519 818 1584 888 lib

314 996 475 1054 Auctoritas
487 1012 563 1072 ¹vero,
581 995 660 1064 curius
677 995 763 1052 tertio¹
775 995 835 1054 loco
851 998 1016 1056 mentionem
1034 995 1095 1064 ieci,
1112 991 1252 1056 ttaestttnt
1268 998 1324 1070 ast.
1345 994 1373 1052 ls
1391 994 1463 1052 em'm
1473 995 1586 1052 monuit

233 1080 258 1134 in
275 1078 394 1148 quedam
412 1076 594 1147 disputatione
613 1075 646 1132 de
663 1073 805 1144 multiplici
824 1078 953 1132 eructate
970 1083 1091 1131 motuum
1103 1073 1270 1140 coelestium,
1288 1079 1397 1144 prester
1409 1074 1584 1144 uunqutun,

232 1154 455 1228 quadrangulum,
472 1153 659 1225 sexangulum,
677 1151 743 1213 alias
760 1153 872 1222 insuper
890 1169 950 1210 esse
968 1151 1107 1224 regulares
1117 1159 1147 1208 ot
1163 1152 1291 1224 pulchras
1308 1151 1418 1224 iianss,
1435 1151 1584 1210 formandis

232 1235 386 1305 aspectibus
404 1233 523 1306 idousm
541 1233 637 1292 eodem
654 1249 716 1288 cum
734 1235 831 1290 ceteris
846 1227 922 1303 jn‘rs.
939 1240 970 1290 ut
986 1231 1229 1304 quuqnmrutun,
1242 1231 1429 1308 nouaculam,
1447 1232 1584 1302 decaogu-

230 1314 292 1380 lum,
311 1313 422 1370 stellam
440 1311 657 1382 octanqulmem·
668 1311 938 1382 quinquangularem,
955 1312 1174 1382 decaoguiarem,
1193 1317 1307 1380 quarum
1325 1310 1473 1380 summm
1489 1325 1584 1380 aspsc·

230 1393 301 1448 tibus
319 1391 430 1450 nomina
447 1391 513 1448 iacit
534 1390 677 1460 quintilem
694 1391 751 1466 72⁰,
779 1393 1009 1462 semiquadratum
1022 1392 1089 1465 450,
1115 1381 1325 1460 semiquiritrlsm
1341 1390 1398 1460 360,
1424 1391 1583 1460 sesquiqua·
1663 1449 1671 1478 1

230 1473 337 1544 drotum
356 1471 434 1542 135⁰,
462 1471 633 1540 biquiutilem
649 1469 728 1540 1440,
755 1470 1141 1546 sesquiquintilem1080,.ot
1162 1469 1263 1538 mleque
1284 1485 1359 1526 mets
1382 1469 1596 1554 observetiouas

229 1551 409 1622 astrologicae
428 1566 511 1622 super
528 1549 624 1606 tribus.
659 1549 704 1604 Ex
722 1563 754 1604 eo
772 1548 856 1619 igitur
873 1557 995 1618 tempora
1013 1555 1092 1616 sunt,
1115 1546 1166 1629 *qui
1183 1563 1238 1604 nou
1263 1554 1368 1605 tantum
1388 1548 1585 1619 semiquadrss,

228 1629 275 1684 sed
294 1631 378 1684 etiam
397 1623 595 1699 semiquintilcs
615 1635 644 1687 et
667 1625 888 1696 sesquiquintiles
910 1626 1093 1696 prognosticis
1115 1625 1173 1686 suis
1189 1627 1319 1688 inseram
1354 1629 1430 1691 Huc
1447 1628 1483 1686 de
1499 1628 1583 1687 initiis

227 1709 308 1780 hujus
327 1709 560 1778 consideretiouis,
577 1708 701 1778 sequitur
717 1706 752 1762 de
769 1721 925 1776 progressu.

315 1817 410 1871 Potuit
426 1831 492 1872 sune
509 1815 648 1872 Mnestliui
665 1810 747 1870 docta
764 1820 793 1869 et
809 1815 954 1886 perspicax
971 1814 1119 1890 admonitio
1136 1815 1208 1870 viam
1230 1814 1337 1884 prueire
1355 1815 1390 1870 ad
1406 1814 1583 1869 inveniendus

228 1896 350 1952 veriores
370 1901 529 1967 aspectuum
547 1893 645 1952 crus'as
662 1900 691 1949 st
707 1907 857 1949 numerum.
894 1893 930 1948 At
956 1909 1008 1964 eqo
1030 1891 1134 1964 ῥυείη
1159 1909 1222 1950 mea
1243 1895 1378 1964 principis
1398 1903 1483 1973 supro
1498 1891 1584 1964 expli·

226 1983 285 2030 catu
304 1974 482 2046 ruminando,
509 1974 607 2044 ῥυείη
625 1973 768 2043 diligenter
786 1971 954 2028 observando
972 1980 1165 2043 tempestates,
1192 1970 1247 2027 ridi
1265 1972 1387 2043 tandem,
1406 1971 1583 2028 deserendam

226 2071 285 2110 esse
304 2056 453 2123 musicam,
481 2060 512 2109 ut
529 2067 600 2124 quae
617 2049 764 2123 septenarii
788 2052 830 2106 sui
856 2051 990 2122 principia
1006 2050 1138 2106 nonnulla
1154 2067 1189 2107 er
1205 2053 1268 2122 ipsa
1285 2053 1446 2108 rectitudine
1464 2051 1584 2108 chordse

226 2134 325 2198 trahit,
343 2151 405 2190 cum
422 2132 552 2200 circulus,
571 2132 600 2186 in
618 2148 672 2200 quo
690 2137 817 2186 notamus
835 2135 976 2200 aspectus,
994 2129 1022 2185 in
1040 2145 1071 2185 se
1088 2130 1178 2201 ipsum
1195 2132 1297 2201 redeat,
1315 2147 1367 2188 nec
1382 2132 1480 2202 possit,
1498 2137 1530 2186 ut
1547 2143 1583 2184 ex

225 2215 360 2276 chordas,
386 2213 426 2268 sis
447 2213 532 2268 etism
552 2227 587 2266 ex
604 2211 708 2268 xodiuci
724 2208 835 2268 residuo
859 2209 919 2264 fieri
942 2209 1060 2266 circulus
1084 2211 1163 2270 abus
1198 2211 1295 2280 iisque
1312 2212 1341 2268 la
1357 2211 1428 2284 libro
1442 2207 1584 2266 castolla

226 2293 304 2347 Nova
321 2293 407 2362 inqua
423 2291 535 2360 reliquis
554 2279 638 2360 lepra
655 2291 803 2348 nominatis
815 2290 934 2346 fideliter
950 2291 1052 2358 mouri,
1070 2290 1106 2348 de
1122 2291 1273 2360 sssqusdro
1289 2291 1349 2362 illo,
1367 2298 1507 2360 umauque
1521 2290 1548 2345 is
1565 2303 1584 2341 a

225 2371 330 2426 musice
348 2369 558 2438 commendetur,
577 2367 644 2423 nihil
662 2370 729 2426 certi
746 2370 842 2425 turturi
860 2367 1054 2438 exponentium
1072 2375 1273 2438 tempestatum,
1291 2370 1326 2427 de
1343 2370 1490 2426 semisexto
1508 2383 1581 2433 vero,

226 2451 350 2519 quumvis
368 2449 407 2504 illi
425 2449 501 2504 nulla
517 2447 683 2517 respoudeat
700 2447 794 2502 divisio
813 2445 990 2502 monochordi
1007 2447 1173 2517 harmonica,
1190 2449 1289 2505 offerre
1306 2464 1337 2506 se
1353 2449 1464 2506 crebras
1482 2454 1511 2501 et
1527 2445 1581 2502 els-

223 2531 345 2586 n'ssimes
363 2529 552 2585 attestationes
570 2525 652 2596 ultro,
670 2541 724 2581 nou
744 2527 889 2610 quaesitas,
908 2526 1010 2598 quippe
1027 2527 1191 2599 inopinatus,
1208 2528 1385 2584 ultramctsa
1402 2525 1581 2595 harmoniccs,

225 2609 358 2678 ignoratis
376 2608 453 2664 initio
471 2607 569 2663 causis.
1601 2671 1604 2678 Ι

312 2705 351 2761 Ut
371 2703 454 2772 igitur
478 2709 506 2759 et
523 2699 737 2772 speculationem
762 2700 938 2769 praemissum
961 2699 1102 2756 emendem
1125 2707 1154 2758 et
1174 2701 1294 2758 raderes
1316 2701 1434 2759 instituti
1450 2702 1505 2756 mei
1520 2699 1581 2756 red-

225 2785 302 2853 dam,
332 2799 381 2838 cur
398 2789 507 2852 practer
525 2779 678 2850 quintilem,
705 2779 876 2850 biquiutilem
894 2787 922 2836 et
945 2779 1121 2837 semisextum
1148 2781 1239 2838 nullos
1261 2782 1331 2838 alios
1352 2798 1437 2838 noros
1454 2786 1583 2850 aspectus

224 2863 364 2930 inducero,
392 2862 445 2916 hoc
462 2863 573 2930 iusuper
591 2858 772 2928 adjiciendum
791 2865 834 2913 est
858 2858 989 2914 hactenus
1008 2857 1104 2916 mods:
1131 2878 1256 2931 magnam
1275 2861 1384 2932 quidem
1402 2876 1464 2917 esse
1482 2875 1580 2932 coqua-

224 2943 325 2996 tionem
343 2940 492 2996 harmoniis
511 2955 571 2995 cnm
590 2935 756 3010 aspectibus,
774 2939 887 2994 eandem
906 2939 1015 3008 utrique
1033 2939 1125 3009 generi
1138 2939 1268 3007 originem
1286 2955 1320 2996 ex
1332 2938 1428 3011 figuris
1445 2938 1581 2995 nobilibus

223 3021 325 3076 circulo
350 3019 560 3089 inscriptilibus,
588 3017 647 3073 aliis
672 3025 764 3074 tumen
788 3017 895 3086 legibus
922 3015 1033 3073 formari
1055 3018 1240 3086 septenarium
1257 3035 1400 3075 numerum
1420 3017 1582 3074 divisionum

222 3097 402 3154 monochordi
420 3091 837 3165 numerumnunerum
854 3111 995 3156 numerum
1014 3105 1183 3168 aspectuum.
1205 3099 1276 3155 llam
1293 3099 1322 3155 ln
1339 3103 1500 3169 aspectuum
1518 3111 1582 3151 con-

222 3181 366 3234 stitutione
384 3177 476 3232 valent
494 3193 593 3234 caussa
611 3177 734 3233 diversae
753 3191 901 3244 earumque
920 3191 1077 3242 concursus,
1096 3193 1150 3246 quo
1162 3178 1202 3247 fis,
1221 3186 1252 3235 ut
1269 3179 1431 3235 semisextus
1448 3177 1581 3248 quasdam

221 3257 291 3325 jura,
312 3271 373 3312 curn
392 3256 525 3326 qusdruto
543 3255 708 3324 communia,
725 3253 832 3323 juribus
851 3254 1011 3322 quibusdam
1031 3256 1218 3314 communibus
1236 3274 1296 3315 cum
1315 3258 1405 3313 sextili
1421 3259 1519 3326 J‘uuqat
1537 3269 1582 3308 ea-

223 3349 273 3402 que
293 3335 375 3403 copia
392 3333 530 3402 potentior
548 3333 646 3410 eysdut
662 3334 723 3404 ipso
741 3333 841 3390 sextili
878 3333 923 3390 Sic
938 3335 1039 3403 trinus,
1065 3331 1227 3408 quadratus,
1245 3337 1368 3407 quintilis
1386 3344 1414 3392 et
1430 3333 1581 3406 biquiutilis

223 3413 246 3464 in
265 3412 356 3481 prima
382 3420 411 3465 et
429 3411 593 3466 validissima
611 3427 695 3466 sauss
721 3417 787 3466 sunt
804 3411 945 3482 aequales,
972 3414 1016 3469 cni
1033 3415 1121 3484 trinus
1148 3421 1176 3470 et
1194 3416 1342 3485 quadratus
1361 3415 1508 3472 secundum
1526 3431 1581 3470 non

221 3491 307 3546 multo
325 3489 453 3554 leviorem
471 3490 648 3559 conjungunt,
666 3491 816 3559 quadratus
829 3491 911 3548 etiam
929 3493 1045 3562 tertiam,
1064 3511 1149 3564 querc
1167 3496 1287 3552 omnium
1303 3496 1508 3566 potentissimus
1529 3499 1581 3550 est.

308 3595 428 3650 Rursum
452 3593 535 3648 habet
552 3593 660 3650 sextilis
683 3595 802 3665 aliquem
826 3597 995 3654 nobilitatem
1020 3617 1189 3662 communem
1208 3619 1270 3656 curn
1287 3601 1427 3672 opposito,
1453 3599 1582 3654 habetet

222 3673 302 3726 aliam
320 3687 490 3727 communem
508 3688 569 3728 curu
588 3672 659 3731 trino
678 3681 706 3728 et
724 3673 871 3744 quadraio,
899 3676 978 3745 cuius
996 3679 1131 3747 particule
1155 3679 1243 3735 solum
1268 3680 1359 3750 aliqua
1376 3679 1485 3734 obvenit
1503 3679 1582 3733 semi·

222 3760 308 3820 sexte,
328 3751 435 3820 quintili
454 3759 481 3806 et
498 3751 646 3822 biquiutili3
666 3760 695 3808 et
710 3753 738 3808 in
756 3753 810 3808 huc
823 3753 882 3822 jam
893 3755 1029 3824 particula
1041 3758 1204 3812 conveniunt
1221 3758 1303 3812 etiam
1320 3758 1413 3828 plures
1425 3757 1471 3811 ιίίί
1482 3758 1581 3827 ῥυείη

222 3847 234 3884 r
250 3829 400 3886 hisestliuo
419 3831 497 3886 dicti:
515 3831 543 3884 in
561 3830 649 3900 primo
668 3831 753 3901 gradu
771 3832 935 3886 semisextus
954 3841 981 3888 et
999 3833 1101 3903 octilia;
1115 3829 1155 3890 ‘in
1172 3835 1293 3891 secundo
1312 3835 1416 3905 decibs,
1434 3835 1580 3908 tridecrlls,

222 3909 243 3963 in
262 3910 346 3962 tertio
366 3908 513 3978 quincunx,
532 3911 578 3978 qui
596 3909 681 3964 hebet
699 3911 772 3976 1500,
792 3915 820 3962 et
837 3911 1020 3980 sesquedrus;
1038 3914 1066 3966 iu
1085 3922 1182 3984 quarto
1200 3915 1329 3986 vigintilis
1350 3915 1402 3982 180,
1420 3913 1581 3986 quindeeilis

222 3989 279 4053 tt⁰;
300 3989 328 4044 in
349 3987 444 4056 quinto
462 3985 508 4056 qui
526 4001 561 4042 ex
579 3987 677 4044 horum
695 3986 782 4042 stellis
800 3997 872 4058 sunt,
892 3996 923 4043 ut
940 3991 996 4052 540.
1018 3993 1088 4060 1260,
1111 3994 1183 4062 1620,
1200 3994 1266 4048 item
1283 3993 1340 4064 480,
1358 3995 1414 4064 960,
1436 3988 1508 4049 1680.
1528 3991 1580 4047 Ηίε

223 4067 278 4123 huis
298 4074 342 4121 est
362 4071 523 4134 aspectuum
541 4065 691 4120 secuudum
709 4081 774 4122 vers
791 4067 956 4137 etgeuuina
973 4070 1114 4140 principia.
1417 4061 1427 4072 ⁸

303 4171 385 4226 Putet
403 4169 503 4240 itaque,
522 4187 576 4240 quo
592 4171 655 4239 jure
674 4171 736 4242 quis
754 4171 794 4228 uti
813 4171 878 4228 uelit
895 4175 1059 4244 sesquadro,
1078 4175 1174 4236 eodem
1187 4177 1250 4248 jura
1269 4193 1330 4236 esse
1348 4179 1430 4234 stiam
1446 4179 1577 4248 quincun-

223 4265 274 4305 cem
293 4257 323 4306 ct
342 4247 428 4302 multo
446 4249 547 4318 potiori
564 4248 688 4318 sutilem,
715 4256 746 4306 ut
767 4266 831 4307 vere
855 4251 964 4321 quidem
987 4253 1086 4324 (hujus
1111 4255 1199 4312 solius
1217 4273 1318 4313 csusae
1335 4261 1477 4327 respectu)
1496 4273 1580 4328 supra

223 4329 328 4401 collegit
347 4328 516 4397 astrologum
546 4329 646 4397 potiori
664 4329 745 4388 etiam
764 4330 1104 4404 deoilqmettridecilem,
1122 4335 1192 4391 etsi
1211 4335 1352 4406 usquead
1371 4331 1512 4406 sesquadri
1529 4336 1579 4391 im·
1667 4335 1674 4342 ’

223 4407 394 4462 berillitatem
411 4405 617 4472 descendamus,
635 4423 744 4464 causam
762 4409 865 4464 nullam
878 4425 946 4480 esse,
966 4413 1031 4481 quin
1044 4415 1126 4470 etiam
1143 4416 1213 4470 duos
1230 4415 1373 4484 penultimi
1389 4423 1479 4471 etsex
1491 4415 1579 4470 ulduni

224 4485 317 4551 uatus
337 4485 506 4554 adjiciamus.
544 4485 591 4541 Sin
614 4493 705 4542 sutem
728 4495 827 4545 natura
839 4489 980 4546 delectum
1007 4492 1092 4549 habet
1109 4509 1214 4562 eornm,
1240 4495 1289 4562 qui
1314 4493 1439 4562 plumbus
1458 4499 1523 4548 sunt
1538 4494 1578 4548 iu-

224 4563 313 4618 structi
332 4564 547 4633 praerogativis,
574 4569 602 4620 et
619 4567 643 4620 si
660 4575 809 4638 prognosta
832 4569 914 4628 debet
931 4577 1055 4628 naturam
1074 4573 1167 4643 sequi,
1195 4572 1313 4644 denique
1330 4572 1371 4643 si,
1398 4572 1472 4641 quod
1490 4578 1533 4627 est
1550 4568 1579 4626 in

224 4641 369 4712 prouerbio,
389 4639 437 4695 oda
455 4637 561 4710 ἀγαθον
579 4649 774 4716 πολυκοιρανιη,
792 4646 887 4718 utique
906 4651 1126 4718 praetermittens
1143 4650 1258 4711 docilem
1276 4659 1304 4708 et
1321 4651 1480 4721 tridecrlem,
1498 4651 1579 4708 unice

224 4719 369 4788 gaudentes
388 4721 591 4794 praerogativo,
610 4720 658 4778 sed
677 4739 710 4780 ea
728 4721 843 4780 mirabili
862 4734 889 4781 et
907 4726 1028 4796 ipsorum
1046 4739 1246 4800 geometrarum
1264 4747 1330 4800 voce
1349 4732 1451 4802 muna,
1471 4732 1579 4790 omittet

224 4800 297 4856 etiarn
317 4800 521 4870 semiquadrum
540 4809 569 4888 et
585 4791 772 4874 sesquarirum,
790 4822 845 4860 non
863 4813 969 4862 attento
987 4807 1071 4878 hrrjus
1084 4809 1148 4881 jure
1166 4811 1193 4866 in
1212 4810 1318 4880 musica
1336 4809 1468 4866 dirisione
1485 4809 1578 4864 mono·

225 4878 326 4945 chordi‚
346 4877 419 4948 quod
438 4879 475 4932 ibi
494 4879 577 4935 hubet
594 4881 629 4936 ob
648 4881 766 4938 chordae
784 4883 988 4956 rectitudinem,
1007 4885 1110 4958 q'uippe
1127 4903 1189 4943 cum
1206 4887 1378 4945 rectitudinis
1395 4889 1466 4944 inter
1483 4904 1578 4958 aspec-

225 4965 263 5009 tus
281 4957 349 5014 ratio
370 4957 503 5012 habeatnr
521 4958 609 5028 nulla;
638 4961 755 5032 denique
773 4964 898 5020 omnibus
922 4965 1043 5040 omissis,
1070 4967 1118 5036 qui
1139 4981 1194 5022 uns
1218 4966 1279 5022 sola
1300 4965 1490 5040 premoqauva
1513 4979 1578 5032 sunt

225 5034 351 5104 instructi,
369 5041 511 5090 numerum
529 5043 688 5110 aspectuum
706 5055 810 5096 mecum
829 5041 973 5122 concludet
991 5042 1107 5120 eundem
1125 5043 1243 5114 quidem,
1263 5060 1348 5114 quem
1361 5045 1389 5099 in
1402 5047 1518 5116 musica,
1538 5047 1577 5102 di·

225 5112 348 5200 visionum
367 5113 600 5188 harmonicorum,
628 5133 683 5170 non
701 5124 792 5174 tamen
811 5136 904 5177 omues
921 5117 983 5196 illos
1000 5122 1198 5196 respondentes
1216 5124 1274 5178 suis
1292 5123 1320 5177 in
1336 5113 1493 5179 harmonica
1511 5125 1576 5192 divi-

225 5191 351 5260 sionibus,
382 5191 482 5264 quippe
507 5194 580 5250 inter
597 5201 726 5266 aspectus
744 5195 831 5252 deerit
857 5197 1036 5270 sesquadrus,
1063 5199 1233 5272 respondens
1259 5201 1433 5257 harmonicae
1461 5205 1577 5262 sectioni

226 5267 334 5334 chordsc
351 5269 371 5334 8
387 5271 416 5330 iu
434 5280 574 5342 segmenta
588 5267 617 5350 ’3,
635 5277 660 5345 t,
679 5288 749 5350 quae
767 5275 853 5354 gignit
870 5284 976 5339 sextum
994 5279 1118 5355 mollem;
1145 5279 1217 5343 iuter
1234 5282 1371 5344 sectiones
1387 5297 1452 5338 vero
1469 5282 1576 5339 harmo-
