4242 6384
768 744 852 807 biber
866 748 915 807 Ν.
932 746 1058 819 capntL
1152 734 1156 741 ’
1528 758 1612 817 spa,

250 940 302 991 tam
322 930 492 993 abstractae
514 930 722 1001 munilibus,
746 945 834 1005 qnam
857 938 1007 1003 nunquam
1029 926 1066 985 iis
1089 930 1244 991 emerent
1265 926 1387 1002 ἰιιοιιιιι,
1415 930 1593 991 abstractam

246 1021 325 1095 igitur
347 1020 547 1095 quantitatem
572 1017 640 1093 jura
662 1018 801 1077 terminos
831 1016 989 1075 statuimus
1015 1014 1253 1091 proportionibus
1280 1014 1457 1077 harmonicis
1488 1016 1592 1077 mehe-

246 1109 360 1183 typicis,
391 1109 504 1183 quippe
525 1123 603 1182 qnae
626 1114 694 1165 sunt
716 1121 754 1165 ax
776 1103 878 1163 cuculi
900 1101 1096 1163 divisionibus
1127 1100 1412 1165 demonstrabilibus.
1457 1104 1510 1163 Est
1534 1104 1594 1163 alis

244 1211 335 1266 cansa,
359 1211 415 1253 cur
437 1196 599 1255 abstractae
623 1195 803 1269 quantitates
828 1190 943 1267 eligam,
968 1190 1039 1265 qnia
1054 1188 1188 1263 circulus,
1213 1190 1263 1267 qni
1285 1188 1447 1269 figuraest,
1471 1200 1593 1267 quartae

245 1299 340 1358 nempe
365 1281 527 1357 qualitatis,
542 1282 671 1359 species,
703 1280 837 1357 quamvis
860 1280 900 1337 sit
922 1278 1088 1353 quantitas,
1118 1284 1216 1336 tamen
1242 1279 1271 1343 in
1294 1276 1351 1339 hoc
1373 1280 1492 1355 negotio
1521 1296 1593 1356 pure

245 1380 272 1427 nt
291 1370 388 1445 tignra
412 1369 622 1442 consideratur,
646 1370 709 1427 siue
732 1368 832 1443 magni
856 1363 903 1426 vel
918 1367 1003 1442 parvi
1026 1363 1198 1435 discrimine,
1222 1364 1298 1425 adeo
1322 1378 1354 1425 nt
1369 1370 1459 1427 etiam
1474 1366 1512 1426 ab
1528 1370 1594 1444 ipsu

246 1460 406 1533 quantitate
438 1456 530 1515 veluti
560 1474 579 1514 a
605 1471 660 1532 sno
691 1456 825 1531 subjecto
852 1452 1039 1513 abstrahatur
1065 1450 1282 1527 quodammodo
1312 1456 1463 1531 possitque
1493 1454 1541 1515 vel
1564 1456 1594 1511 in

246 1546 337 1620 pnncti
361 1546 504 1621 angustia
530 1542 594 1618 ejus
617 1544 739 1618 agnosci
761 1548 874 1600 natura.
918 1536 986 1598 Hoc
1015 1540 1118 1615 opinor
1140 1536 1261 1598 Procius
1292 1541 1401 1613 voluit,
1431 1541 1500 1600 dnm
1526 1560 1592 1600 ma-

246 1632 418 1693 thematicae
441 1650 489 1691 res
510 1632 540 1689 in
562 1632 662 1690 anima
684 1628 758 1691 dixit
779 1630 877 1690 inemo
899 1630 1071 1702 incorporeo
1093 1635 1123 1687 et
1145 1621 1296 1687 indistanti
1318 1630 1416 1689 modo.

322 1720 380 1779 Est
404 1718 532 1795 deniqne
564 1727 594 1777 et
622 1717 697 1777 haec
717 1732 832 1775 summa
861 1724 891 1775 et
919 1716 1081 1776 decumana
1103 1716 1195 1786 ratio,
1228 1713 1307 1791 qnod
1330 1718 1527 1793 quantitatum
1549 1724 1594 1776 eet

246 1808 384 1882 mirabilis
408 1806 556 1883 quaedam
579 1814 609 1865 et
630 1804 718 1881 plane
741 1803 842 1863 divina
863 1800 968 1879 politia
990 1817 1143 1877 rerumque
1163 1802 1327 1863 divinarum
1351 1812 1380 1863 et
1403 1804 1595 1865 humanarum

247 1896 406 1955 communis
438 1896 468 1951 in
498 1896 535 1951 iis
566 1891 780 1970 symbniirntio.
824 1890 870 1951 De
901 1890 1104 1949 sacrosanctae
1134 1887 1285 1951 Trinitatis
1312 1890 1535 1952 adumbratione
1566 1894 1595 1949 in

246 1983 395 2059 sphaerico
419 1983 523 2057 scripsi
537 1982 658 2059 passim,
680 1982 711 2037 in
728 1976 850 2057 Optieis,
873 1979 902 2035 in
918 1976 1141 2035 Commentariis
1157 1974 1271 2052 Martis,
1295 1980 1325 2037 in
1342 1978 1473 2041 doctrina
1487 1978 1596 2055 sphae-

247 2074 316 2145 rica,
345 2088 427 2148 quae
449 2068 498 2127 bic
518 2068 644 2144 repetita
666 2064 744 2125 volo.
757 2060 799 2147 ¹⁴)
842 2063 982 2141 Sequitur
1011 2066 1100 2139 igitm
1129 2068 1210 2125 recta
1230 2064 1324 2140 linea,
1353 2083 1430 2144 quae
1458 2084 1494 2127 es
1516 2066 1596 2127 fluxu

248 2160 342 2233 puncti
371 2162 404 2215 in
428 2165 527 2217 centro
556 2159 585 2213 in
612 2162 753 2231 pandum
781 2153 899 2213 unicum
926 2152 1094 2228 superficiei
1124 2154 1218 2229 prima
1246 2152 1411 2215 rudimenta
1439 2155 1595 2215 creationis
1672 2200 1675 2211 ,

251 2244 381 2311 delineat.
405 2242 524 2303 aemula
544 2248 681 2303 aeternnm
702 2242 901 2317 generationis
915 2239 967 2299 lilii
990 2238 1121 2320 (egressu
1135 2243 1226 2301 centri
1241 2258 1343 2301 verens
1358 2240 1472 2302 infinita
1486 2250 1597 2319 puncta

250 2336 331 2391 terim
361 2330 544 2409 superficiei,
574 2330 660 2389 lineis
682 2327 803 2387 infinitis
830 2328 887 2387 snb
914 2328 1097 2403 aequalitate
1125 2328 1260 2389 omuibus
1285 2330 1497 2405 perfectissima
1518 2329 1596 2407 ligu-

249 2430 321 2479 ratae
344 2429 377 2480 et
400 2414 562 2497 depictae),
586 2434 671 2493 qnae,
685 2427 765 2477 recta
786 2416 865 2475 linea
888 2414 1065 2479 elementum
1094 2414 1205 2475 scilicet
1226 2424 1272 2475 est
1290 2418 1404 2478 formae
1428 2432 1596 2494 corporeae.

249 2505 322 2567 llaec
342 2509 375 2565 in
398 2506 494 2566 latum
516 2504 604 2565 duma
623 2504 686 2579 jam
708 2507 804 2579 ipsam
825 2503 949 2562 formam
963 2500 1311 2578 corporeamadumbrat,
1335 2502 1457 2580 planum
1477 2522 1597 2579 crearis3

248 2592 328 2669 plano
352 2611 426 2657 raro
448 2600 560 2655 sectum
582 2592 767 2669 sphaericum
788 2588 930 2651 cuculum
952 2594 1081 2649 sections
1104 2600 1312 2667 repraesentat,
1347 2594 1452 2651 mentis
1468 2600 1595 2666 creatae,

250 2699 318 2757 qnae
341 2683 460 2759 corpori
481 2678 612 2756 regendo
633 2681 673 2737 sit
694 2679 857 2754 praelecta,
880 2680 1038 2753 genuinam
1060 2679 1234 2755 imaginem,
1261 2694 1338 2755 qnae
1361 2680 1391 2737 in
1415 2696 1450 2738 ea
1473 2696 1598 2757 propor-

251 2772 321 2829 tione
343 2772 384 2827 sit
407 2768 447 2828 ad
468 2767 670 2844 sphaericum,
698 2774 731 2824 nt
754 2775 798 2825 eet
825 2782 906 2825 meus
930 2764 1057 2827 hnmana
1086 2764 1123 2823 ad
1147 2763 1292 2839 divinam,
1323 2765 1401 2827 linea
1424 2766 1537 2827 scilieet
1560 2764 1599 2825 ad

253 2856 443 2934 superficiem,
476 2864 600 2931 utraque
624 2864 723 2915 temen
746 2851 908 2925 circularis,
937 2852 975 2913 ad
998 2851 1118 2929 planum
1142 2869 1225 2925 vero,
1256 2856 1285 2911 in
1308 2868 1367 2929 qno
1391 2856 1535 2927 atinent,
1566 2872 1598 2913 se

253 2942 332 3003 babet
355 2952 390 3003 nt
413 2960 536 3005 curvum
564 2942 602 3003 ad
625 2952 751 3021 rectum,
781 2958 858 3017 qnae
885 2948 954 2999 sunt
977 2939 1264 3001 incommunicabilia
1294 2952 1323 3001 et
1346 2934 1598 3001 incommensura-

255 3030 328 3104 bilis,
359 3034 497 3107 inestque
523 3029 659 3107 pulchre¹
675 3028 801 3089 circulus
829 3040 891 3088 tam
920 3031 950 3085 in
972 3028 1060 3105 plano
1088 3036 1223 3100 semote,
1255 3030 1493 3089 circumscribens
1517 3028 1599 3107 illud,

256 3135 334 3193 qnam
357 3123 388 3179 in
412 3118 572 3198 sphaerico
588 3128 683 3191 secto,
706 3124 808 3177 mutuo
830 3117 981 3192 utriusque
1004 3128 1163 3189 concursu,
1192 3118 1268 3177 sicut
1290 3119 1405 3175 animus
1429 3126 1458 3177 st
1481 3119 1508 3175 in
1533 3133 1599 3176 cor-

257 3224 318 3281 pore
340 3210 429 3282 inest,
451 3206 611 3265 informans
635 3204 706 3265 illud
729 3220 935 3279 connexnsqne
957 3204 1069 3263 lormae
1092 3220 1263 3281 corporeae,
1290 3212 1319 3263 at
1342 3206 1371 3261 in
1395 3204 1459 3263 Dan
1483 3214 1600 3263 eristen*

257 3303 333 3367 tator,
356 3293 453 3357 veluti
474 3292 622 3370 quaedam
649 3310 686 3353 er
711 3292 794 3353 vultu
816 3290 919 3351 divino
941 3291 973 3349 in
994 3307 1099 3367 corpus
1124 3290 1257 3351 derivata
1287 3290 1451 3373 irradiatio,
1483 3290 1600 3351 trahens

259 3380 316 3440 indo
336 3381 512 3442 nobiliorem
535 3390 677 3451 naturam.
723 3378 807 3455 Quae
830 3396 921 3439 causa
942 3380 1019 3437 siem
1039 3376 1153 3439 stabilit
1174 3380 1410 3457 proportionibus
1426 3379 1601 3441 harmonicis

260 3468 392 3529 cremam
424 3486 478 3545 pro
508 3468 643 3544 subjecto
674 3474 704 3529 et
731 3468 920 3529 terminorum
946 3464 1055 3539 tonte,
1075 3468 1117 3525 sic
1146 3466 1193 3525 vel
1216 3468 1341 3527 manime
1374 3468 1601 3533 abstractionem

260 3557 450 3629 commendat,
480 3573 547 3615 cnm
575 3572 670 3631 nequo
693 3556 730 3613 in
759 3566 856 3615 certae
886 3554 1060 3631 quantitatis
1091 3554 1216 3628 circulo,
1245 3571 1342 3631 neque
1371 3556 1400 3611 in
1424 3554 1600 3632 imperfecto,

260 3652 287 3699 ιι
304 3653 371 3703 ennt
400 3642 568 3705 materiales
597 3652 628 3703 et
655 3642 794 3718 sensiles,
824 3643 893 3701 insit
922 3640 1085 3701 divinitatis
1113 3643 1203 3701 animi
1230 3640 1434 3721 adumbratio,
1465 3650 1494 3701 et
1522 3640 1602 3717 qnod

262 3740 339 3807 capnt
360 3740 424 3806 est,
447 3737 563 3791 tautum
583 3747 602 3789 a
623 3732 769 3807 corporeis
799 3738 829 3789 et
851 3728 1008 3789 sensilibus
1031 3727 1134 3789 deceat
1156 3746 1221 3789 esse
1249 3730 1431 3789 ammentum
1453 3728 1602 3803 circulum,

261 3828 391 3891 qnantum
414 3820 496 3881 enrri
511 3818 659 3892 ,rationes
682 3821 771 3877 animi
795 3817 971 3895 symbolum,
996 3836 1014 3875 a
1036 3824 1134 3891 recto,
1163 3833 1316 3895 corporum
1337 3818 1449 3891 umbra,
1472 3824 1602 3876 secretae

262 3914 285 3961 et
303 3906 383 3967 seint
404 3907 670 3967 abstractaesunt.
714 3904 793 3965 Satis
823 3908 921 3982 igitur·
940 3904 1044 3963 muniti
1075 3920 1176 3963 snmus
1205 3904 1242 3963 ad
1267 3902 1338 3977 hoc,
1367 3912 1401 3963 ιιι
1427 3903 1603 3963 harmonicis

260 3995 494 4069 proportionibus,
517 3995 607 4054 animi
628 3992 721 4053 soline
743 3994 875 4069 objectis,
898 3992 1037 4051 terminos
1059 4008 1096 4051 er
1118 3991 1275 4053 abstractis
1298 3993 1482 4069 potissimum
1507 4008 1603 4067 qnan-

262 4080 383 4143 titatibus
405 4090 549 4159 peanum.
579 4149 582 4154 ,
614 4121 618 4128 -
1468 4096 1471 4105 ⁴

336 4166 375 4229 Ut
398 4172 487 4247 igitur
509 4168 587 4229 hunc
601 4168 699 4231 locum
715 4167 933 4241 concludamus,
957 4166 1116 4243 praecipua
1137 4164 1277 4225 fasciculo
1286 4158 1474 4243 'eouigsmns
1513 4162 1603 4225 Com·

264 4268 336 4320 mune
357 4258 436 4319 enim
457 4256 569 4317 habent
589 4254 760 4317 harmoniae
777 4254 904 4317 sensiles
927 4272 993 4315 cnm
1015 4252 1267 4331 archetypalibns,
1292 4252 1370 4329 qnod
1394 4254 1533 4313 terminos
1555 4270 1603 4313 re-

265 4338 365 4415 quirnnt
387 4361 548 4420 eorumque
571 4346 835 4421 comparationem,
862 4345 954 4421 ipsius
977 4344 1095 4403 animae
1118 4342 1283 4419 energiam,
1315 4343 1343 4399 in
1367 4341 1422 4399 hac
1449 4354 1604 4417 compara·
1678 4381 1681 4391 ι

265 4428 329 4491 tone
350 4440 540 4509 numnmqne
563 4435 692 4503 ementis
713 4434 856 4492 consistit
902 4429 960 4491 Sed
991 4428 1145 4490 sensilium
1172 4430 1286 4490 termini
1309 4428 1432 4489 sensiles
1456 4436 1525 4489 sunt
1552 4446 1606 4488 ex·

267 4518 353 4591 ltaque
375 4524 506 4581 animam
532 4527 702 4596 maerentes
729 4518 835 4581 adesse
864 4518 989 4593 debent;
1017 4516 1250 4596 archetypslinm
1276 4520 1388 4577 ternum
1421 4523 1491 4576 sunt
1517 4524 1606 4575 antes

268 4599 331 4663 intua
350 4608 380 4665 is
407 4611 507 4668 anima
527 4616 707 4681 praesentes.
752 4606 915 4667 Seoeilibns
943 4608 1032 4681 igitur
1054 4622 1130 4683 opus
1152 4608 1271 4684 iusuper
1293 4612 1338 4664 est
1363 4605 1530 4683 receptione
1552 4620 1605 4679 par

270 4693 378 4761 peciam
402 4710 440 4753 er
461 4710 494 4753 se
516 4696 662 4767 enimam,
696 4711 773 4771 qnae
795 4696 924 4771 receptio
946 4692 999 4753 liat
1020 4711 1040 4752 a
1061 4694 1198 4755 semibus
1221 4695 1336 4756 animae
1359 4693 1498 4751 ministris
1530 4706 1605 4767 opus

271 4785 349 4839 teter
369 4779 432 4841 alia
453 4783 671 4857 comparatione
694 4780 877 4859 ungulorum
899 4782 1090 4841 terminorum
1103 4780 1255 4841 sensilium
1277 4796 1343 4839 cum
1360 4778 1484 4856 singulis
1501 4776 1605 4837 arche·

271 4866 410 4941 tppnlibne,
432 4878 507 4944 puta
528 4868 638 4928 cirenlo
661 4868 783 4946 ejmqne
805 4878 892 4947 perte
911 4868 1024 4943 scibiti3
1049 4876 1081 4928 at
1102 4868 1273 4929 harmoniae
1295 4866 1478 4945 archetypsli
1502 4874 1606 4925 neutra

272 4962 295 5006 tt
312 4964 351 5015 et
372 4972 457 5033 opus,
482 4974 549 5017 cnm
570 4958 684 5015 termini
707 4966 795 5017 antea
816 4959 876 5017 sint
898 4958 929 5015 in
950 4958 1049 5015 anima
1071 4964 1255 5033 praesentes,
1279 4958 1307 5015 ei
1329 4956 1501 5032 congenitae
1523 4954 1606 5030 ipsa·

274 5050 317 5108 qna
335 5042 408 5103 adeo
430 5045 539 5118 anima,
562 5060 617 5113 nec
639 5046 737 5121 imago
762 5047 822 5105 siut
842 5046 904 5105 reri
919 5044 967 5102 sni
981 5042 1202 5121 paradigmatis,
1226 5041 1278 5102 sed
1293 5044 1389 5119 ipsnin
1410 5059 1495 5102 suum
1511 5040 1604 5101 veluti

274 5129 432 5219 ltredigma.
476 5130 524 5192 Its
553 5122 679 5208 simplex
701 5139 814 5193 tantum
843 5134 1039 5209 comparatio,
1072 5150 1162 5209 qnam
1189 5131 1315 5191 institnit
1337 5131 1452 5203 amma,
1482 5146 1604 5189 suarum

276 5214 347 5283 tiu
377 5220 471 5280 veluti
497 5220 624 5299 partium
660 5221 736 5281 inter
768 5236 814 5295 se,
846 5218 976 5282 absolvit
1007 5219 1213 5299 archetypiene
1246 5219 1417 5280 harmoniae
1449 5218 1607 5278 essentiam
