4242 6384
394 829 398 847 '
429 787 433 800 ·
515 836 575 897 its
1034 775 1091 885 xDe
1107 826 1333 900 Propertiombns

514 1016 559 1070 ter
580 1012 664 1070 veria
685 1009 870 1071 condimenta
891 1016 1004 1069 cenius.
1049 1006 1117 1083 Qua
1139 1007 1176 1068 do
1198 1024 1302 1083 causa,
1334 1022 1400 1069 eum
1422 1026 1441 1068 a
1463 1014 1533 1069 tono
1556 1009 1658 1086 majori
1689 1006 1865 1069 rescindatur

512 1098 698 1159 semitonium
721 1097 893 1174 legitimum,
916 1097 973 1157 lroc
995 1103 1122 1156 restente
1142 1094 1310 1171 intervallo,
1334 1112 1489 1173 possumus
1512 1094 1586 1157 iliud
1606 1099 1697 1159 etiam
1722 1094 1865 1173 appellare

512 1201 618 1263 graeca
639 1202 713 1246 voce
734 1185 842 1245 lemma
863 1201 916 1244 seu
938 1182 1096 1245 residuum.

599 1272 735 1351 Denique
764 1275 840 1332 inter
867 1274 1010 1331 concinna
1030 1266 1072 1351 91,
1095 1278 1125 1331 ει
1146 1263 1199 1351 Ἀ,
1222 1269 1403 1331 intercedens
1431 1270 1592 1331 differentia
1619 1266 1689 1353 ⁸⁰13,
1725 1274 1869 1347 potente

512 1360 597 1419 nobis
620 1359 677 1421 diei
699 1377 853 1433 comma,
876 1358 967 1419 latine
988 1365 1172 1434 segmentum
1186 1374 1240 1417 scu
1256 1359 1393 1419 concisio.
1430 1357 1552 1419 Veteres
1568 1360 1644 1419 enim
1667 1356 1769 1417 diesin
1792 1373 1869 1417 suern

512 1450 542 1505 in
565 1448 585 1505 t
607 1455 709 1525 partes
727 1444 924 1506 concidebant
943 1445 1072 1521 indeque
1095 1453 1240 1505 commata
1262 1443 1328 1505 iliae
1351 1444 1552 1523 appellabant,
1577 1447 1797 1511 existimantes.
1819 1444 1870 1504 hoc

513 1551 578 1593 osse
601 1550 755 1595 commune
777 1534 953 1594 elementum
975 1548 1170 1593 consocerum
1192 1535 1339 1606 omniurn3
1362 1532 1419 1593 boe
1435 1550 1505 1594 voro
1524 1532 1713 1593 intervallum
1730 1540 1779 1592 est
1795 1542 1871 1609 parte

513 1630 617 1697 quarta
640 1623 677 1681 de
698 1628 799 1681 nostra
822 1620 895 1681 diesi
917 1620 1009 1698 paulo
1030 1620 1136 1697 majus,
1167 1621 1263 1679 minus
1285 1630 1368 1697 parte
1395 1622 1488 1681 tertia.
1534 1620 1610 1681 llam
1633 1616 1709 1704 Ἃ,
1734 1625 1783 1681 εει
1806 1614 1871 1702 Ὗ,

512 1708 561 1769 vel
584 1703 689 1792 ⁹⁶l„„„
710 1724 781 1785 ergo
803 1725 873 1786 pars
893 1708 981 1768 tertie
1003 1716 1081 1767 esset
1104 1702 1182 1787 Ἃ,
1206 1724 1274 1784 pars
1295 1714 1401 1785 quarta
1422 1702 1493 1789 NJ„
1516 1710 1602 1781 cire,
1632 1718 1678 1768 εει
1702 1723 1780 1768 vero
1803 1700 1868 1787 ml„

512 1797 589 1855 inter
610 1801 775 1872 utramque.
821 1795 883 1854 Noe
903 1794 1033 1873 propiori
1056 1810 1177 1855 numero
1199 1810 1352 1871 possemus
1376 1794 1448 1855 iliud
1472 1794 1589 1857 delinire
1604 1803 1746 1855 neuram
1764 1801 1872 1871 parton

512 1884 576 1943 teni
596 1883 727 1961 majoris,
751 1901 792 1944 ec.
814 1878 883 1963 Ὑφ’
915 1881 1003 1957 Quod
1031 1884 1120 1942 etium
1149 1884 1193 1941 sic
1214 1890 1304 1958 patet
1349 1881 1406 1943 Hlo
1432 1882 1575 1949 diuiditur
1601 1889 1689 1943 tonus
1714 1882 1817 1958 major
1836 1876 1873 1961 ⁸),

552 2008 588 2072 8.
605 2018 640 2072 72
737 2016 771 2071 24
833 1971 864 2027 in
891 1968 985 2030 diesin
1008 1963 1098 2049 Ἢ,
1124 1972 1219 2029 seruit.
1250 1965 1321 2053 ’Ἶρι
1349 1978 1516 2031 einamma
1540 1966 1632 2051 *Ἴης
1656 1986 1780 2029 comma
1807 1984 1871 2027 vero

599 2057 778 2159 W?
830 2056 887 2116 luit
907 2056 996 2117 modo
1017 2073 1086 2133 pure
1114 2058 1333 2117 circitertertia
1363 2056 1494 2131 dieseos,
1522 2060 1612 2135 igitur
1642 2066 1799 2117 commeta
1821 2057 1872 2115 cir-

555 2106 736 2251 -3—3-125-
829 2144 901 2204 citer
923 2147 943 2203 t
964 2145 1193 2221 aequiparentur
1215 2142 1335 2203 dimidio
1359 2146 1429 2217 torri,
1463 2153 1530 2205 octo
1558 2147 1717 2217 totilano,
1743 2145 1872 2221 proxime

548 2284 574 2338 ⁹·
601 2263 732 2350 nm
826 2230 1252 2395 liittrtitiltit.
1277 2230 1352 2395 ,lii
1372 2232 1679 2396 illit‘ttlli,
1699 2235 1872 2395 ‘stitit

438 2427 441 2433 ’
514 2415 602 2467 tatem
633 2404 737 2466 auditu
766 2407 815 2464 vix
845 2406 1078 2482 perceptibilem,
1109 2405 1217 2465 nedum
1239 2407 1367 2466 humano
1396 2414 1484 2467 centu
1512 2424 1564 2484 per
1585 2424 1617 2467 se
1647 2410 1777 2467 seorsim
1802 2406 1871 2465 binis

514 2494 651 2571 deinceps
672 2494 797 2553 vocibus
819 2493 1016 2570 expressilern.
1066 2496 1103 2552 At
1126 2510 1183 2553 non
1214 2492 1281 2555 idco
1304 2494 1411 2553 desinit
1434 2495 1499 2556 esse
1522 2496 1712 2567 concinnum,
1746 2500 1782 2553 ut
1810 2488 1869 2572 Ul„

513 2589 544 2642 et
564 2582 687 2653 similia,
717 2583 788 2658 quia
809 2596 1014 2656 comparamus
1036 2582 1125 2641 eiiam
1148 2580 1215 2653 illu,
1244 2598 1319 2659 quae
1341 2581 1413 2642 locis
1445 2590 1475 2641 ct
1497 2590 1627 2658 ternpore
1658 2590 1729 2643 sunt
1753 2581 1869 2663 *dissita

515 2669 631 2748 Duplex
653 2684 725 2729 varo
747 2669 934 2727 semitonium
957 2667 1234 2731 ideostatuendurn
1257 2676 1310 2741 est,
1334 2671 1405 2745 qrria
1427 2670 1456 2726 in
1472 2668 1617 2730 divisione
1631 2674 1773 2729 tonorum
1793 2667 1871 2727 dein·

513 2773 582 2835 ceps
605 2754 804 2817 ordinatorum
827 2756 898 2815 bina
919 2755 1080 2832 aliquando
1103 2757 1260 2817 semitonia
1281 2755 1416 2817 locantur
1438 2755 1584 2835 deinceps,
1608 2758 1704 2833 iisqne
1727 2760 1760 2815 in
1786 2770 1868 2815 nnun

513 2845 647 2905 eoniiatis
675 2842 821 2903 interdurn
844 2850 991 2920 protono
1014 2851 1150 2917 utuntur,
1182 2846 1232 2921 qui
1255 2846 1426 2905 varietatem
1455 2844 1594 2905 adlectant
1619 2852 1649 2903 et
1672 2844 1869 2914 insolentiam,

514 2931 553 2991 ad
576 2930 779 3009 exprimendos
801 2947 908 3006 graves
930 2932 1094 2991 animorum
1117 2939 1223 2991 motus.

599 3015 680 3080 Nota,
698 3012 771 3082 quod
787 3013 860 3067 inter
876 3012 1048 3088 semitonium
1071 3015 1127 3083 W„
1145 3021 1173 3068 et
1191 3011 1278 3069 diesin
1297 3012 1354 3083 W„
1372 3018 1415 3068 est
1435 3012 1533 3082 mim,
1553 3012 1611 3069 lere
1622 3013 1687 3083 ”ln
1705 3028 1760 3069 seu
1772 3024 1871 3067 cemma

513 3092 623 3162 sapien
661 3090 712 3147 Cui
728 3090 752 3144 si
768 3088 908 3145 addideris
926 3102 1031 3146 comma
1048 3092 1125 3161 ilar,
1144 3090 1177 3146 fit
1195 3088 1289 3159 ‘’iiw,
1307 3088 1364 3145 iere
1383 3091 1444 3161 vl„
1463 3106 1512 3147 seu
1530 3106 1635 3149 commo
1652 3092 1766 3163 triplex.
1804 3090 1871 3145 ldrn

513 3184 577 3223 vero
596 3168 666 3240 “lm
684 3168 806 3225 ablatum
823 3184 841 3225 a
858 3168 927 3225 diesi
946 3168 1014 3239 ”iffi
1032 3168 1161 3239 relinquit
1181 3168 1279 3238 mim,
1303 3169 1375 3239 qnod
1393 3178 1436 3227 εει
1454 3186 1536 3241 qnam
1553 3170 1677 3240 proxime
1694 3170 1764 3241 ”tw
1804 3170 1870 3223 idem

514 3262 618 3312 comma
635 3248 756 3303 ablatum
777 3246 955 3303 asemitouio
977 3249 1032 3317 stt„
1059 3246 1190 3317 relinquit
1207 3246 1306 3303 lemma
1327 3246 1498 3305 Platonicum
1523 3250 1623 3319 mim,
1649 3248 1723 3318 quod
1751 3255 1797 3308 est
1821 3245 1871 3301 lere

516 3326 580 3397 ¹⁰l.„.
598 3326 720 3383 additum
745 3339 809 3379 vero
827 3324 863 3379 ed
884 3325 956 3395 ¹⁸l„,
975 3325 1041 3382 iacit
1058 3324 1133 3395 ”tw
1160 3324 1233 3397 quod
1256 3332 1298 3381 εει
1324 3326 1397 3383 iuter
1417 3326 1471 3396 ''ln
1498 3334 1541 3383 est
1561 3328 1625 3397 ΗΛ,
1662 3326 1708 3384 Sic
1735 3326 1794 3383 duo
1820 3320 1870 3378 toni

515 3408 633 3477 majores
651 3404 685 3472 ll,
703 3402 808 3458 iaciunt
825 3401 911 3457 additi
928 3404 1004 3474 Ἃ,
1023 3422 1077 3475 qno
1095 3402 1240 3459 intervallo
1251 3404 1342 3459 ablato
1361 3405 1423 3474 ais,
1436 3405 1578 3461 constitnit
1588 3402 1667 3461 Plato
1679 3405 1782 3461 lemma
1794 3416 1867 3459 sunu

513 3486 575 3542 Hoc
590 3493 655 3540 raro
674 3482 771 3551 Ἥβη,
795 3487 828 3536 nt
848 3480 976 3537 lemmate
1001 3482 1093 3537 ableto
1118 3496 1135 3536 a
1160 3489 1226 3537 tono
1248 3484 1345 3552 majori
1372 3486 1495 3541 restabat
1516 3484 1624 3540 Platoni
1649 3476 1774 3555 mltum,
1802 3477 1867 3551 quod

513 3562 560 3619 llle
576 3568 722 3633 apotomen
739 3558 894 3629 appellarit
912 3566 1008 3629 estque
1025 3560 1114 3629 muiua
1133 3568 1265 3616 commate
1278 3560 1336 3631 lul„
1357 3578 1411 3618 uno
1430 3578 1511 3634 quam
1532 3563 1631 3619 lemma
1642 3570 1768 3619 nostrum
1790 3560 1869 3629 ’Ἢ

515 3648 543 3697 ει
560 3647 672 3710 ruperat
689 3638 861 3697 semitonium
881 3637 938 3707 ¹⁶l„
955 3654 1051 3709 parum
1069 3640 1224 3695 admodum.

600 3720 677 3775 llaec
693 3719 817 3788 quamvis
834 3719 890 3775 siut
906 3718 1038 3775 inusitata
1054 3718 1206 3789 interuallo,
1225 3718 1274 3775 liet
1292 3725 1383 3775 temen
1392 3717 1464 3775 inira
1473 3718 1534 3775 libr.
1545 3718 1576 3775 V.
1596 3719 1751 3789 aliquorum
1764 3716 1872 3775 mentio.

1089 3938 1230 4011 CAPUT
1257 3940 1295 4012 V.

516 4084 563 4140 De
579 4100 813 4142 consonarum
836 4084 1113 4141 intervallorum
1136 4084 1289 4141 sectione
1308 4085 1463 4141 naturali
1484 4085 1718 4155 inconcinna,
1737 4092 1773 4141 et
1796 4084 1869 4139 hino

635 4178 640 4187 “
916 4172 1003 4228 ortis
1021 4165 1141 4227 'eornm
1164 4170 1469 4241 appellationibus.

602 4314 686 4390 Quae
709 4322 809 4377 ament
828 4314 986 4376 intervalla
1009 4316 1169 4390 concinna,
1200 4314 1231 4374 id
1260 4320 1305 4375 est
1332 4316 1452 4375 andbus
1475 4316 1619 4375 humanis.
1637 4317 1667 4374 in
1689 4314 1868 4377 traductione

517 4410 622 4464 mutue
645 4401 844 4463 observabilis
866 4410 897 4462 et
918 4419 991 4463 voce
1015 4404 1147 4463 moeniis
1170 4400 1337 4475 imitabilia,
1362 4402 1470 4463 dictum
1493 4410 1538 4463 eat
1560 4404 1655 4481 capite
1676 4401 1869 4481 praecedenti.

515 4490 602 4551 Nunc
623 4488 766 4565 singulari
794 4488 1107 4567 omniumomniuni
1131 4496 1175 4551 est
1197 4490 1297 4563 nobie,
1328 4492 1356 4547 in
1380 4508 1455 4567 quae
1487 4494 1630 4552 concinna
1659 4490 1816 4568 quodlibet
1835 4502 1868 4547 ex

517 4580 654 4638 consonis
676 4582 783 4635 natura
802 4568 877 4636 duce
900 4576 1088 4638 disuniuntur.
1142 4592 1145 4603 ·

602 4662 753 4724 Βεεεειιίε
780 4664 869 4739 igitur
897 4666 1025 4723 numeris
1056 4664 1175 4737 iisdem,
1205 4682 1257 4742 per
1285 4676 1359 4741 quos
1381 4680 1488 4723 omnes
1511 4665 1657 4727 sectiones
1685 4664 1865 4723 harmonicae

519 4750 666 4813 naturales
689 4748 816 4810 chordae
839 4752 926 4811 unius
948 4752 978 4809 in
1000 4769 1091 4810 unum
1107 4759 1294 4827 conspectum
1310 4750 1474 4813 collocatae
1492 4754 1616 4825 luerunt,
1639 4753 1795 4829 apparebit
1816 4766 1866 4809 no·

519 4840 574 4913 bis,
597 4839 786 4899 intervalium
816 4840 892 4899 inter
912 4854 1049 4898 numeros
1079 4840 1118 4897 ii
1141 4848 1171 4899 et
1196 4840 1273 4913 100,
1304 4842 1482 4916 interpositis
1506 4841 1546 4900 80
1569 4844 1600 4899 et
1623 4840 1679 4913 90,
1710 4840 1818 4899 abiisse
1838 4836 1863 4894 in

522 4926 598 4986 lraec
619 4928 676 4987 tria
698 4928 856 4987 concinna:
879 4928 910 4984 in
931 4927 1118 4985 semitonium
1141 4920 1212 5007 list„
1235 4926 1281 4984 vel
1310 4920 1521 5008 15[,,,ἰοειιιε
1543 4926 1683 5001 maiorem
1706 4920 1793 5010 susm,
1815 4926 1865 4985 inc

519 5020 565 5074 eet
585 5006 644 5093 al„,
666 5021 697 5074 et
719 5020 830 5073 tonum·
843 5015 984 5073 minorem
1007 5007 1110 5094 mim„
1133 5012 1190 5073 hoe
1213 5022 1260 5071 est
1278 5006 1343 5093 ⁹l„.

607 5098 688 5160 ldem
718 5104 807 5161 etiam
835 5109 883 5163 est
909 5102 1019 5161 iactum
1041 5118 1108 5160 cunr
1132 5098 1287 5159 intervallo
1310 5102 1384 5159 inter
1406 5116 1542 5161 numeros
1575 5102 1614 5159 72
1638 5109 1667 5160 ει
1691 5102 1750 5175 96,
1778 5104 1861 5160 inter·

520 5186 690 5248 cedentibus
711 5188 817 5248 iisdem
840 5190 892 5261 80,
916 5188 968 5249 su.
1012 5188 1088 5249 llum
1112 5182 1186 5270 W„
1208 5192 1253 5247 eat
1274 5180 1341 5269 Ἃ,
1363 5194 1451 5247 tonus
1473 5190 1582 5261 minor,
1605 5183 1718 5270 elmi„
1734 5196 1861 5267 utsupra

520 5282 565 5336 eet
586 5282 676 5338 tonus
695 5275 799 5352 major,
813 5275 949 5353 deniqne
971 5270 1045 5360 wi„
1067 5283 1112 5336 est
1136 5268 1205 5357 W„
1227 5276 1421 5335 semitonium.
1466 5270 1610 5353 Utrinque
1632 5290 1702 5336 raro
1723 5276 1798 5336 iuter
1814 5290 1859 5336 ex·
