4242 6384
869 823 1019 882 Dedicatio.
1579 827 1619 888 79

277 999 437 1080 exemplum
457 999 599 1080 revertar)
630 1003 661 1062 in
691 1019 801 1066 meram
830 1011 862 1064 et
887 1003 1051 1066 durabilem
1079 1002 1259 1064 harmoniam
1282 1004 1459 1069 terminetur.
1504 1001 1571 1078 Qua
1591 1001 1621 1062 iu

277 1109 321 1167 ape
343 1091 435 1150 etiam
456 1099 558 1152 contre
578 1107 661 1168 spem
684 1091 836 1160 confirmer
857 1107 917 1152 uon
939 1100 1052 1158 tantum
1075 1108 1213 1152 successu
1234 1108 1363 1150 mearum
1387 1088 1621 1166 speculationum

277 1177 518 1253 bmmouicarunr,
549 1185 582 1238 ut
611 1179 695 1254 cuins
722 1178 847 1240 leucius
877 1178 1032 1240 audaciam
1053 1181 1083 1238 iu
1106 1177 1272 1256 quaerendo
1294 1177 1464 1256 longissime
1486 1185 1620 1254 superat:

276 1265 320 1324 aed
341 1267 435 1325 ctiam
456 1266 513 1327 boo
535 1266 611 1345 ipso,
633 1265 714 1343 quod
728 1268 801 1328 inter
816 1275 922 1343 cetera,
946 1271 1033 1347 quae,
1054 1266 1094 1326 ad
1115 1268 1212 1346 operis
1228 1265 1434 1345 perlectionem
1448 1268 1622 1339 necessaria,

276 1365 318 1428 per
339 1360 383 1412 tot
402 1353 468 1428 jam
491 1371 583 1414 anuos
607 1353 722 1424 luerunt
744 1354 810 1416 loco
834 1357 964 1434 pristino,
988 1355 1177 1434 Majestatem
1192 1356 1287 1426 ,etlam
1302 1353 1397 1412 Tuam
1418 1353 1551 1430 Regiam,
1575 1355 1623 1412 cui

276 1441 463 1518 patrocinium
488 1443 599 1519 operis,
631 1449 791 1518 antequam
813 1445 1002 1522 inciperetur,
1025 1441 1250 1515 destinaveram,
1273 1440 1425 1518 bucusque
1447 1439 1622 1500 incolumem

275 1535 299 1586 et
317 1527 473 1588 florentem
489 1527 606 1587 vidi·'n
626 1546 643 1589 o
664 1529 796 1590 desinam
819 1547 837 1590 ι
854 1530 929 1606 Deo,
946 1529 1031 1591 Pacis
1054 1538 1084 1590 et
1098 1528 1278 1590 Concordiae
1295 1535 1423 1602 auctore,
1448 1527 1623 1588 contendere

276 1613 381 1676 devotis
404 1615 557 1694 precibus,
588 1545 632 1676 ιῖ
661 1617 715 1678 tibi
738 1625 768 1676 et
788 1619 883 1678 vitem
906 1625 935 1678 et
956 1617 1145 1695 Mejeatatem
1168 1617 1291 1696 Βιςίιιι
1313 1633 1405 1693 usqne
1430 1614 1623 1694 adoptatum

275 1701 348 1760 illum
371 1710 516 1764 eventum
537 1703 714 1780 ineolumem
736 1711 861 1766 tueatur.
986 1716 989 1727 “

349 1787 476 1852 Interim
497 1789 615 1868 Majest
638 1792 735 1855 Tuam
760 1791 1045 1855 Revereudisaimam
1075 1791 1200 1874 supplex
1226 1807 1315 1871 rogo,
1346 1799 1379 1850 ut
1408 1797 1438 1850 et
1465 1790 1523 1849 hoc
1548 1801 1636 1867 opus*

274 1877 473 1957 Harmoniam,
496 1878 615 1940 Nomini
636 1896 691 1938 auo
714 1879 890 1959 dedicatum,
913 1897 1015 1941 sueno
1040 1879 1124 1940 vultu
1141 1879 1286 1958 adspiciat
1307 1878 1436 1938 ethaeo
1457 1879 1514 1936 mei
1529 1876 1623 1937 dero-

275 1967 368 2025 tissimi
393 1965 521 2029 nllectns
553 1969 582 2024 in
607 1966 644 2027 Se
668 1967 909 2044 significationem
931 1971 1026 2046 aequi
1021 1962 1168 2044 bonique
1198 1965 1351 2044 consulat,
1378 1963 1622 2043 contemplatione

276 2069 334 2112 rere
344 2050 494 2132 Operum
517 2055 575 2114 Dei
595 2052 722 2132 Regium
752 2055 879 2128 oblectet
908 2057 1050 2130 animum,
1082 2062 1223 2133 qnantum
1253 2071 1306 2132 per
1327 2054 1506 2121 necessariae
1528 2050 1624 2127 Regni

276 2143 478 2220 occupationes
500 2141 615 2205 licebit·
643 2147 673 2204 ct
695 2142 837 2222 exemplis
861 2143 1040 2216 Concordiae
1054 2140 1325 2246 ‘resplendescentie
1348 2158 1384 2201 ex
1407 2140 1544 2218 operibus
1567 2138 1623 2198 Dei

275 2227 437 2288 visibilibus
465 2229 634 2290 studium
626 2247 656 2289 ιι
685 2248 718 2290 se
741 2231 913 2290 concordiae
946 2239 975 2292 ct
998 2233 1080 2310 pacis
1103 2229 1318 2290 ecclesiasticae
1339 2237 1369 2288 et
1391 2228 1528 2305 politicae
1551 2243 1623 2287 con-

275 2313 357 2376 irmet
379 2317 565 2395 excitetque.
588 2315 714 2399 denique
738 2335 785 2378 me
807 2335 930 2394 meaque
953 2318 1051 2378 studia
1064 2317 1160 2394 Regio
1188 2333 1242 2376 suo
1271 2317 1433 2395 patrocinio
1457 2314 1623 2373 clementis-

275 2405 338 2462 simo
361 2403 511 2481 dignetur,
525 2400 552 2487 ¹)
597 2405 714 2480 Dabam
737 2405 848 2468 Lentlls
870 2405 985 2472 Noricis
1006 2405 1045 2468 ad
1067 2405 1175 2486 Ripam
1195 2398 1623 2483 Dmrrcii,1itdusiebrua-

210 2495 211 2498 ’
275 2491 324 2566 riis,
346 2508 429 2552 anno
452 2509 539 2554 aerae
563 2491 721 2554 occidentis
744 2491 923 2554 Mbcxrx.

478 2646 620 2716 Serendae.
643 2649 761 2729 Mejest
784 2647 879 2710 'fnum
902 2651 1025 2728 Regiam
1106 2672 1110 2677 ·
1182 2727 1186 2734 ¹

861 2807 948 2868 Omni
963 2823 1030 2868 cunr
1044 2806 1237 2868 submissione
1252 2823 1395 2869 venerans

576 2847 648 2974 Imp.
673 2894 757 2958 cass.
781 2895 924 2956 ldattbiae
946 2895 1070 2976 ejusque
1091 2893 1222 2956 fidelium
1244 2892 1386 2954 Ordinem
1407 2889 1623 2953 Arcbldneetus

711 3057 728 3068 ..
795 2984 932 3043 Ananiae
955 2983 1048 3062 Supr-
1031 2980 1197 3042 -Anieanae
1219 2961 1445 3043 Mathematicus

938 3069 1096 3132 ronam
1118 3069 1297 3146 neppam.
