4242 6384
528 825 588 885 itt
1059 822 1102 878 De
1119 818 1346 895 Propontionihne

526 1016 596 1077 ergo
617 996 714 1084 ‘ſtret
734 997 776 1083 ⁶),
797 1000 943 1061 habentur
963 1016 1017 1078 pro
1039 1008 1124 1063 sexta
1146 1008 1176 1063 et
1198 977 1404 1075 tertianam}
1434 996 1477 1082 Ἀ
1501 1016 1571 1061 vero
1603 1006 1633 1065 et
1654 995 1694 1081 ‘A
1715 998 1777 1077 ‘pro
1800 1008 1868 1060 serta

525 1094 556 1147 et
574 1090 665 1147 tertia
685 1084 760 1148 dura
781 1090 847 1149 sive
870 1104 992 1167 aspora3
1015 1096 1046 1148 et
1068 1092 1111 1148 alc
1134 1090 1221 1149 etiam
1245 1089 1438 1169 appellantur.

1016 1208 1118 1271 Mollis
1288 1205 1370 1269 Dura

936 1323 1201 1495 ff
1212 1410 1457 1494 5:535:
1500 1506 1503 1511 Ι

614 1526 750 1602 Denique
773 1528 842 1601 quia
865 1529 1062 1602 proportionis
1087 1524 1193 1601 duplae
1217 1525 1417 1601 intervallum,
1440 1532 1585 1603 utsupra
1609 1524 1742 1597 dictum,
1767 1540 1801 1583 ex
1823 1540 1876 1581 ses-

527 1614 671 1689 quialtero
695 1624 725 1672 et
745 1630 782 1671 ex
805 1615 991 1689 sesquitertio
1015 1621 1144 1685 constat,
1168 1611 1292 1689 qn'orum
1314 1613 1512 1689 illud'quinta
1535 1613 1657 1686 dicitur,
1680 1612 1741 1671 hoc
1765 1622 1876 1687 quarta3

528 1717 606 1776 quae
629 1709 729 1761 mutan
751 1702 822 1759 bina
843 1704 873 1758 in
896 1703 941 1759 aui
964 1700 1061 1759 medio
1084 1700 1194 1759 habent
1217 1718 1306 1759 unum
1330 1716 1513 1761 communem
1537 1702 1701 1774 terminum,
1728 1702 1780 1775 qui
1803 1701 1877 1755 unius

526 1787 632 1847 ultima
654 1796 712 1862 cat,
737 1786 857 1847 alterius
879 1790 990 1864 prima,
1013 1805 1116 1846 versus
1139 1788 1257 1865 plagam
1280 1788 1402 1847 eandem
1425 1790 1454 1845 in
1477 1788 1555 1847 hunc
1577 1786 1716 1846 modum:

570 1874 679 1935 Prima.
723 1873 867 1934 Socanda
912 1874 1020 1936 Tertia.
1068 1872 1189 1949 Quarta.
1227 1874 1346 1949 Quinta.
1398 1878 1400 1883 ’
1433 1876 1461 1933 6.
1609 1878 1637 1933 i.
1777 1874 1805 1931 8.

762 1975 765 1986 '
1226 1962 1333 2021 Prima.
1378 1958 1524 2022 Secunda.
1570 1960 1680 2021 Tertia.
1729 1958 1854 2036 Quinta:

529 2050 661 2123 requitur
683 2050 783 2128 igitur,
805 2057 839 2107 ut
861 2048 964 2107 ultima
985 2050 1155 2126 posterioris
1177 2050 1206 2107 in
1230 2044 1432 2108 numeratione
1461 2050 1500 2107 sit
1521 2062 1641 2107 numero
1666 2055 1787 2107 octava.
1833 2046 1879 2103 hl·

529 2152 586 2211 que
613 2134 683 2194 indo
711 2136 768 2195 hoo
790 2135 975 2195 intervallum
1008 2145 1169 2196 octavae
1199 2154 1303 2197 nomen
1333 2136 1468 2195 obtinuit.
1522 2134 1628 2195 Graeci
1659 2134 1698 2195 ad
1733 2134 1880 2193 identican

528 2226 749 2282 consonantiam
771 2225 961 2299 respicientes
984 2223 1134 2301 appellant
1157 2230 1204 2285 δια
1227 2244 1340 2297 nacor,
1372 2231 1404 2283 ut
1432 2230 1462 2283 et
1491 2220 1590 2282 latinis
1620 2224 1714 2283 literis
1747 2222 1880 2297 diapason

529 2310 782 2387 omnituaqaaai
805 2312 965 2371 consumtis
988 2312 1123 2371 omnihus
1147 2309 1295 2371 diversum
1318 2310 1508 2383 sonantibus,
1542 2326 1600 2386 vox
1625 2312 1761 2369 canentis
1786 2316 1880 2367 octavo

529 2414 602 2457 sono
632 2399 662 2456 in
690 2414 722 2457 sc
752 2401 847 2475 ipram
867 2396 978 2467 ,redcat
1006 2388 1134 2475 indeque
1163 2416 1274 2459 novum
1297 2399 1428 2473 initium,
1456 2414 1537 2457 nova
1559 2400 1648 2458 series
1678 2398 1879 2457 concinnomn

532 2486 661 2560 oriatur,
683 2486 773 2562 prlori
795 2501 847 2562 per
869 2487 967 2545 omnia
989 2485 1111 2563 similis;
1134 2486 1202 2545 vide
1225 2502 1307 2565 prop.
1334 2489 1361 2545 l.
1395 2514 1399 2523 r

748 2606 904 2682 Diapante.
1027 2606 1229 2669 Diateaaeron.
1334 2602 1476 2687 §paterna
1500 2606 1652 2687 diapason.

710 2716 727 2775 z
802 2714 1753 2868 ψ--εῖὲῑωξἾΗΞτΞ-ῑξ-Ξ

1194 2864 1243 2869 --
1258 2862 1416 2869 -—-
1538 2788 1567 2839 Ε
1589 2802 1753 2890 5²&

617 2924 739 2985 Frustra
760 2923 808 2985 hio
830 2922 1075 3002 philosophantur
1098 2922 1133 2981 dc
1156 2940 1287 2997 numero,
1312 2940 1362 2983 cur
1384 2942 1423 2982 sc.
1444 2932 1551 2983 octava
1565 2942 1625 2983 vox
1646 2928 1808 2982 consumat
1829 2934 1882 2976 orn·

531 3026 583 3070 nea
606 3011 695 3087 inque
718 2998 795 3071 idem
817 3010 942 3071 redeat?
964 3026 1033 3069 vero
1057 3011 1134 3069 enim
1157 3008 1393 3086 respondendum
1415 3020 1460 3070 est
1481 3026 1533 3087 per
1554 3013 1728 3087 petitionem
1747 3005 1883 3087 principii,

532 3100 602 3174 qnia
625 3116 667 3159 sc.
690 3106 796 3157 nattua
815 3098 876 3172 fiat,
899 3108 933 3157 ut
956 3096 1142 3156 intervallum
1165 3100 1362 3173 proportionis
1386 3097 1503 3175 duplae,
1527 3096 1607 3173 qnod
1629 3115 1681 3174 per
1704 3114 1771 3173 cap.
1801 3099 1882 3153 1.cst

532 3184 740 3258 identisonum,
763 3185 913 3245 dividatur
934 3187 965 3244 iu
988 3183 1144 3247 intervalla
1167 3186 1308 3243 concinna
1330 3194 1451 3263 septem,
1475 3201 1550 3261 quae
1567 3185 1801 3243 determinantur
1814 3180 1882 3239 souis

534 3279 617 3346 octo,
640 3278 674 3331 nt
695 3272 753 3331 hoc
775 3272 870 3350 capita
893 3272 1047 3349 probatum
1071 3280 1123 3331 cst.
1169 3268 1231 3347 Ipsi
1253 3280 1358 3347 putant
1379 3270 1441 3331 fleri
1457 3270 1525 3350 hab,
1547 3271 1626 3348 quod
1648 3288 1791 3331 numerus
1815 3268 1832 3326 ll
1852 3266 1882 3322 sii

431 3360 437 3372 “
533 3362 646 3435 primus
669 3360 762 3418 cubus
785 3368 815 3419 et
836 3363 930 3437 prima
952 3368 1072 3417 tessera.
1120 3358 1159 3417 Αι
1181 3358 1252 3435 qnid
1284 3362 1407 3419 sectioni
1431 3359 1557 3419 chordae
1588 3377 1653 3418 cum
1682 3355 1812 3429 solidis?
1853 3350 1882 3409 Et

455 3507 459 3516 ,
534 3462 585 3506 cur
607 3462 667 3505 non
690 3449 779 3505 etiam
803 3465 861 3505 vox
885 3448 1023 3505 vicesima
1045 3448 1170 3521 septima
1194 3440 1356 3526 (sccundus
1380 3448 1404 3505 is
1428 3448 1519 3527 cpbus
1543 3442 1602 3528 cst)
1626 3444 1700 3507 redit
1724 3439 1851 3507 eodem?

592 3530 699 3593 ·Hlno
729 3532 804 3594 adeo
827 3534 915 3593 ctiam
938 3531 1105 3617 systematis
1127 3549 1233 3593 nornen
1260 3534 1376 3612 proprie
1400 3540 1429 3593 ct
1451 3536 1544 3611 primo
1568 3534 1705 3593 convenit
1733 3524 1881 3591 interuallo

534 3623 731 3697 proportionis
754 3620 871 3697 duplae,
895 3620 990 3679 diviso
1013 3637 1066 3697 per
1088 3622 1142 3679 aua
1165 3628 1277 3697 septem
1301 3622 1443 3694 concinna
1466 3629 1494 3680 et
1517 3622 1577 3679 suis
1602 3629 1667 3679 octo
1691 3618 1818 3680 vocibus
1840 3626 1882 3671 seu

537 3706 653 3767 chordis
677 3706 821 3786 descripto
844 3708 932 3785 inque
955 3708 1155 3766 instrumentis
1179 3724 1334 3783 expresso,
1359 3708 1394 3769 de
1418 3725 1477 3785 quo
1500 3709 1574 3767 inira
1597 3726 1661 3786 cop.
1686 3710 1713 3767 9.

620 3792 656 3853 In
677 3786 715 3855 lis
739 3793 917 3871 intervallis,
949 3814 1025 3873 quae
1049 3802 1184 3853 octavam
1208 3812 1259 3855 scu
1283 3794 1425 3873 diapason
1450 3802 1604 3876 superant,
1627 3798 1655 3851 iu
1679 3788 1883 3870 multiplicibus

535 3881 653 3959 quidem
676 3890 814 3956 octavae,
839 3883 947 3963 duplex
971 3891 1091 3957 octava,
1115 3899 1219 3956 graece
1243 3888 1284 3951 dic
1307 3888 1355 3943 δια
1378 3896 1486 3957 aaron,
1511 3876 1568 3941 dial
1586 3882 1669 3957 solet,
1694 3882 1800 3958 triplex
1824 3875 1884 3934 tris-

538 3968 695 4047 diapaaon,
726 3974 829 4047 cisio
856 3979 1077 4049 consequenter.
1122 3968 1156 4028 In
1188 3972 1291 4031 cetaria
1323 3987 1400 4030 vcro·
1418 3972 1587 4047 exprimitur
1618 3968 1761 4046 diapason
1791 3965 1883 4041 ejusve

536 4056 689 4147 multiplex
713 4066 742 4118 et
764 4058 881 4117 additur
911 4074 1048 4139 excessua
1072 4056 1128 4117 hoc
1150 4062 1253 4137 pacto:
1281 4060 1384 4134 quinta
1413 4075 1503 4134 supra
1531 4064 1678 4131 octavam,
1710 4062 1764 4116 aut
1787 4060 1883 4113 octava

534 4161 623 4227 snpra
647 4148 788 4221 quintam,
811 4142 954 4225 diapasoh
979 4144 1165 4223 epidiapente
1192 4144 1239 4205 vel
1271 4150 1319 4205 dtu
1342 4167 1426 4205 serre
1449 4138 1495 4205 ἐιὶι
1519 4151 1566 4205 δια
1588 4166 1696 4205 recor.
1742 4136 1882 4201 Interdum

538 4240 567 4291 ct
589 4250 711 4293 numero
733 4236 897 4311 pergimus,
921 4234 1104 4311 appellantes
1127 4250 1252 4305 nonam,
1277 4231 1435 4303 decimam,
1459 4231 1662 4290 duodecimam
1685 4238 1740 4289 etc.

623 4316 706 4379 llaec
730 4323 826 4399 ‘igitur
852 4324 945 4381 sectio
970 4319 1192 4395 intervallorum
1219 4334 1413 4378 consonarum
1444 4320 1472 4376 iii
1506 4321 1648 4379 concinna
1677 4316 1819 4377 naturalia
1846 4312 1883 4367 eil

536 4408 745 4484 quantitasque
766 4407 841 4467 hacc
863 4416 894 4467 et
916 4425 1053 4466 uumerus
1077 4408 1285 4467 elementorum
1309 4408 1530 4483 concinnornm,
1559 4406 1685 4465 ternario
1707 4421 1766 4463 non
1790 4398 1881 4473 maj⁰¹r

537 4511 596 4555 non
619 4492 684 4553 sola
706 4497 820 4553 aurium
843 4495 1059 4553 assuefactione
1082 4496 1191 4566 nititur,
1216 4493 1266 4551 red
1284 4493 1409 4553 auditus
1432 4493 1488 4553 hoc
1504 4494 1594 4553 hahet
1617 4510 1652 4552 ex
1675 4493 1813 4550 instinctu
1835 4500 1882 4541 nt·

536 4581 642 4658 taralip
671 4597 726 4642 nec
748 4591 875 4659 possm
895 4584 1091 4657 praeterlata
1113 4581 1161 4640 val
1185 4580 1245 4638 alla
1266 4582 1420 4641 irrtarvalla
1448 4581 1495 4640 rel
1518 4581 1576 4640 alio
1599 4596 1719 4639 numero
1742 4596 1796 4656 pro
1819 4587 1882 4633 cou-

536 4671 629 4729 cinnis
650 4671 736 4742 ruml,
759 4672 789 4727 ln
813 4685 891 4745 quac
913 4668 1062 4727 dividatur
1084 4668 1238 4744 quodlibet
1260 4685 1295 4727 ox
1319 4670 1464 4735 consonis.
1509 4668 1585 4729 llam
1608 4671 1633 4727 si
1659 4667 1749 4727 velles
1766 4654 1880 4733 exempli

537 4760 633 4834 petia
655 4756 749 4817 diesin
771 4756 941 4834 adjungere,
964 4759 1090 4832 primam
1112 4754 1164 4815 illa
1186 4763 1231 4814 est
1253 4757 1339 4814 etiam
1365 4756 1549 4815 dissonorum
1572 4756 1778 4817 concinnomm
1800 4749 1880 4809 sobo·

531 4846 598 4920 'lea3
621 4843 726 4905 deinde
747 4847 773 4904 si
795 4847 922 4904 maxime
943 4844 1026 4902 illam
1047 4850 1160 4902 tantum
1184 4843 1250 4901 ideo
1275 4843 1366 4902 velles
1389 4838 1557 4919 adjungere,
1585 4844 1655 4918 quia
1678 4852 1723 4901 eat
1744 4848 1881 4899 consono·

538 4950 601 4993 ram
622 4932 756 5005 robolar,
780 4940 812 4993 at
833 4932 928 4991 solam
949 4948 1010 4989 non
1031 4948 1152 5007 posses3
1185 4930 1312 4989 traheret
1334 4948 1362 4988 u.
1386 4914 1484 4989 r'ecunr
1501 4930 1607 4989 lemma
1629 4948 1681 4990 scu
1704 4926 1880 4987 semitonium

538 5022 648 5092 mnus,
679 5019 759 5096 quod
778 5028 895 5079 tanturn
917 5038 936 5079 a
959 5018 1085 5077 dissonis
1108 5020 1208 5077 oritur.
1254 5020 1294 5077 At
1321 5012 1548 5089 consentaneum
1575 5024 1635 5089 ast,
1663 5016 1796 5075 auditum
1817 5000 1880 5068 iliud

539 5105 682 5166 asohole
705 5124 901 5167 consotiorum
924 5108 1103 5181 distinguere
1126 5108 1219 5182 iisque
1243 5106 1379 5165 admissis
1396 5107 1481 5165 ¹inter
1504 5103 1667 5165 canendum
1690 5106 1819 5179 interque
1838 5109 1879 5153 ιι·

539 5192 635 5258 cunda
656 5196 821 5267 intervalla,
845 5194 901 5255 hoc
924 5211 978 5254 cau
999 5196 1131 5271 spurium
1154 5193 1315 5271 repudiare.
1362 5193 1459 5269 Quare
1482 5193 1570 5255 etiam
1601 5192 1689 5253 diesis
1712 5193 1786 5249 inter
1806 5186 1878 5265 prin-

539 5278 648 5363 cipalia
669 5288 793 5342 ochrae
817 5281 973 5343 intervalla
993 5298 1052 5340 nou
1077 5284 1139 5341 erit.
