4242 6384
758 769 842 825 Liber
858 767 908 823 lll.
927 768 1018 840 Caput
1036 767 1070 825 Vt
1528 777 1587 836 eoi

240 947 371 1006 omnibus
395 947 563 1022 vitutibus,
585 946 668 1006 illam
691 945 783 1006 relati
806 964 844 1008 er
863 892 1025 1010 virlutihus
1047 948 1254 1026 cantablllbus,
1277 949 1355 1012 hane
1374 969 1410 1013 ex
1427 968 1593 1014 consonen-

240 1038 281 1093 tiis
302 1035 489 1096 animalibus
511 1031 789 1119 compositis¹V¹¹¹l

315 1171 436 1226 Notal.
472 1173 506 1226 ln
527 1171 582 1228 hoc
606 1173 697 1242 capite
714 1171 888 1226 Ptolemaeus
911 1170 1098 1228 emortuam
1121 1172 1238 1235 nititur,
1254 1172 1400 1232 facultates
1418 1173 1525 1231 animae
1543 1175 1594 1230 hn-

240 1265 324 1304 nanse
352 1248 480 1316 singulas
504 1250 580 1318 ipses
607 1267 670 1308 cum
696 1251 753 1304 suia
777 1249 897 1318 propriis
923 1249 1067 1317 speciebus
1082 1251 1159 1308 serie
1176 1251 1359 1306 conformius
1381 1259 1410 1306 et
1428 1253 1594 1308 consuturis

240 1343 290 1380 osse
309 1327 347 1382 ad
365 1326 491 1382 rationes
508 1328 690 1384 harmonicas.
728 1329 789 1397 Ego
808 1326 987 1384 Harmonioes
1005 1326 1052 1382 lib.
1071 1328 1117 1383 1v.
1137 1343 1195 1398 cap.
1216 1329 1247 1398 2,
1267 1329 1283 1384 3
1302 1337 1330 1384 et
1348 1329 1364 1384 7
1383 1329 1504 1399 ostendi,
1528 1347 1594 1399 qna

240 1420 310 1458 enus
329 1403 450 1469 concedi
466 1408 562 1475 possit,
580 1409 669 1476 ipsam
687 1406 795 1462 enimse
812 1405 974 1477 penitiorem
988 1405 1140 1466 eaerum
1158 1403 1308 1464 consistere
1326 1406 1354 1460 in
1366 1408 1546 1476 geometricis,
1566 1407 1594 1462 in

240 1482 317 1550 isara
336 1499 379 1539 se.
399 1484 496 1539 cuculi
513 1484 597 1550 velut,
607 1485 739 1542 abstracti
756 1500 773 1547 a
791 1484 960 1554 questionis,
985 1485 1069 1554 inque
1087 1485 1310 1576 proportionibus
1327 1486 1505 1556 harmonicis,
1523 1501 1595 1556 quse

240 1569 295 1615 sunt
312 1561 500 1618 exibitione
517 1563 621 1628 circuh
639 1572 775 1632 qnatenus
792 1580 833 1620 ae.
853 1563 944 1619 anima
960 1570 1056 1619 nostra
1072 1571 1115 1619 est
1133 1565 1184 1618 Det
1203 1565 1347 1634 creatoris,
1371 1564 1415 1620 cui
1433 1565 1486 1620 ists
1504 1565 1595 1620 omnis

240 1651 382 1698 waeoerua
399 1649 477 1709 snut,
491 1641 594 1710 imago.
630 1644 668 1698 st
685 1642 714 1696 in
732 1658 762 1696 re
779 1643 898 1698 obscure
922 1656 974 1697 nec
990 1641 1030 1697 ita
1047 1641 1175 1698 sensibus
1198 1644 1301 1698 nornis
1326 1643 1406 1698 obvia
1428 1649 1596 1712 non‘potest

240 1737 292 1775 esse
309 1719 454 1776 ffilncidna
471 1735 522 1788 per
538 1727 633 1788 pertas
650 1719 773 1788 singulm
792 1718 956 1788 explicatus
989 1721 1045 1777 Est
1061 1721 1130 1776 haec
1148 1721 1233 1777 relati
1251 1721 1440 1789 formamini,
1460 1727 1596 1792 quatenus

240 1799 338 1854 animus
356 1798 390 1854 in
406 1814 516 1868 genere,
535 1814 586 1854 nec
601 1807 720 1869 possunt
737 1799 862 1856 dismas
873 1800 1066 1870 proportiones
1079 1802 1252 1857 harmonicae
1269 1801 1298 1856 in
1310 1801 1420 1857 diversa
1434 1801 1493 1869 ejus
1505 1799 1598 1856 numu

240 1878 371 1934 listrihoi
412 1877 492 1945 Quod
511 1879 583 1932 euim
599 1873 741 1948 intelligit,
758 1878 788 1934 iol
806 1879 881 1949 fecit,
900 1886 932 1934 nt
947 1885 993 1936 est
1011 1879 1171 1949 sinpliciter
1189 1879 1307 1948 ammas„
1331 1879 1404 1948 qnod
1421 1895 1486 1934 sero
1505 1879 1596 1944 sentit,

240 1957 297 2010 lacit
320 1963 465 2025 qnatenus
488 1964 532 2014 est
555 1957 678 2025 corpon'a
703 1955 805 2023 forms,
832 1963 864 2012 ut
881 1966 910 2013 et
928 1954 1003 2027 quoti
1020 1957 1181 2014 recordatur
1203 1957 1317 2026 aliisque
1342 1957 1479 2020 habitibus
1497 1969 1597 2027 corpus

240 2036 344 2091 instruit
367 2043 545 2106 exercetque.
582 2037 653 2092 Cum
672 2037 733 2106 jem
757 2036 970 2093 miecessiaaent
992 2037 1022 2090 iu
1045 2035 1241 2092 constitutione
1265 2035 1383 2090 bominis
1407 2044 1500 2106 partes
1518 2037 1597 2104 istos

240 2130 332 2183 corpus
351 2121 384 2170 et
403 2115 505 2184 enims,
529 2115 606 2184 lepos
628 2116 713 2184 igitur
729 2117 838 2172 mimae
854 2114 1069 2172 conformandae
1092 2115 1119 2168 in
1138 2114 1182 2170 his
1200 2113 1515 2184 ipsisoontiuebantur,
1542 2129 1605 2170 non,

241 2194 264 2246 in
279 2193 377 2263 aliquo
395 2193 603 2257 ,hmmoniarum
630 2194 793 2266 archetypo,
820 2211 883 2251 uam
909 2193 1074 2261 uoitpartos
1093 2199 1121 2247 et
1141 2193 1234 2248 munia
1261 2207 1295 2246 ex
1313 2191 1363 2248 tali
1379 2191 1528 2260 archetypo
1553 2191 1598 2248 tle·

241 2278 393 2336 sumnntur,
410 2271 450 2326 ibi
467 2279 577 2342 oportet
594 2286 656 2330 esse
673 2274 828 2330 libertatem
845 2290 947 2330 meram
956 2314 970 2342 ,.
987 2289 1039 2327 nee
1055 2272 1241 2344 praescriptas
1260 2287 1320 2326 esse
1338 2271 1414 2342 leget
1431 2270 1598 2339 antiquiores

242 2350 378 2419 mgisque
401 2351 579 2410 nemaeum.
615 2352 678 2407 Non
696 2353 782 2421 intur
798 2354 889 2409 anima
913 2354 1021 2408 diversa
1037 2350 1108 2406 haec
1131 2351 1245 2406 sortitur
1261 2350 1369 2419 munia,
1394 2349 1459 2418 quia
1477 2350 1600 2405 diversae

242 2436 299 2482 snut
315 2428 493 2497 hamoniae,
520 2428 570 2486 sed
595 2430 661 2498 quin
682 2430 723 2486 sic
745 2432 862 2498 requirit
887 2429 1013 2498 suljom
1035 2429 1158 2484 malcum.
1194 2428 1252 2484 Nec
1271 2427 1417 2497 quicquam
1443 2427 1553 2486 maenio
1572 2427 1599 2482 in

242 2508 288 2563 hoc
305 2507 409 2578 capite,
428 2507 503 2577 quot
520 2525 576 2564 uon
594 2509 630 2564 sit
648 2517 790 2579 mactant
814 2510 906 2565 omnia
923 2506 1244 2578 peragunturauelogiis
1267 2513 1296 2560 et
1317 2505 1448 2574 iucundis
1466 2505 1539 2562 thoe
1552 2519 1601 2562 ess

244 2585 350 2642 lusibus.
390 2587 431 2642 lit
447 2586 521 2656 quod
537 2592 624 2655 caput
641 2595 695 2656 est,
712 2604 777 2656 ⁸non
800 2588 950 2656 indicatur,
976 2585 1112 2655 quomodo
1132 2585 1239 2640 animos
1260 2583 1406 2654 participet
1422 2582 1600 2653 longitndine,

245 2674 286 2718 ant
301 2665 459 2728 secundum
483 2681 543 2721 eam
560 2674 652 2734 natm
675 2674 707 2722 ut
728 2668 820 2737 posito
844 2665 971 2734 subiecto
988 2664 1096 2734 possint
1119 2664 1201 2720 mem
1224 2663 1381 2718 harmoniae
1400 2663 1477 2732 posi,
1499 2662 1602 2732 quippe

246 2741 307 2798 inter
324 2745 478 2812 terminos,
500 2745 618 2814 subjecti
635 2754 743 2816 partes,
771 2748 921 2804 semndnm
937 2763 972 2801 ee
988 2759 1060 2814 ques
1078 2759 1138 2815 asp.
1156 2746 1181 2802 ³.
1201 2743 1264 2800 libri
1280 2744 1327 2798 IV.
1354 2743 1497 2813 disputari.
1532 2743 1602 2798 Nem

249 2821 312 2888 quod
329 2837 386 2891 epo
409 2822 440 2878 ln
458 2823 551 2880 anima
572 2840 647 2894 pono
670 2826 827 2885 harmomu
853 2825 1043 2894 ncinypicaa
1068 2824 1234 2888 formaliter,
1258 2823 1287 2879 id
1312 2821 1442 2890 ostendo,
1465 2821 1602 2892 quomodo

247 2899 293 2968 iet,
311 2908 456 2969 quatenns
473 2917 511 2958 ee.
529 2901 623 2960 anima
640 2907 684 2958 est
703 2903 813 2971 quidam
831 2906 912 2973 quasi
930 2903 1063 2971 nrcslns3
1096 2903 1124 2958 in
1142 2902 1236 2958 cuculi
1255 2901 1326 2958 euim
1345 2903 1493 2971 monstris
1509 2900 1603 2958 lusum

249 2994 331 3040 onnes
348 2981 473 3037 omnium
492 2981 694 3039 harmoniarum
713 2983 820 3038 termini
838 2983 999 3039 differentiis
1017 2983 1204 3039 scientialihus
1223 2981 1334 3038 discreti
1357 2981 1440 3049 inque
1461 2994 1525 3036 suas
1543 2979 1602 3036 lon·

248 3056 376 3122 ntudmes
398 3056 522 3117 dimensi.
561 3060 606 3116 Sic
625 3076 689 3118 tero
708 3077 803 3118 omues
821 3063 932 3117 omnmo
949 3062 1105 3125 harmonias
1119 3077 1196 3132 pono
1212 3062 1239 3116 in
1252 3060 1332 3116 unica
1344 3059 1450 3114 ammae
1462 3057 1601 3127 facultate,

251 3150 281 3188 sc
296 3135 324 3190 in
340 3135 502 3206 intellectu,
521 3154 576 3192 non
594 3155 630 3194 er
648 3139 764 3208 ompulit
782 3140 902 3208 singulas
919 3140 1066 3196 facultates
1084 3140 1180 3196 educo.
1217 3142 1416 3206 Demaeneto,
1440 3137 1499 3194 sine
1518 3153 1603 3207 quan

252 3214 366 3270 titatibm
387 3215 519 3270 consutui
537 3231 620 3285 posse
636 3217 844 3294 proportionum
861 3220 992 3274 terminos
1010 3220 1039 3276 in
1050 3219 1156 3289 anima;
1174 3221 1221 3288 qni
1239 3226 1304 3274 aurit
1325 3217 1407 3286 igitur
1425 3233 1478 3274 non
1490 3219 1605 3278 'termini
1696 3255 1699 3262 ‹

253 3295 406 3359 quantitatis
430 3294 491 3370 ejus
513 3295 709 3352 mtellectnnlis
735 3297 836 3367 pertis,
862 3298 1031 3368 respondent
1054 3299 1180 3354 terminis
1198 3299 1350 3368 diapason?
1377 3297 1429 3350 ,lin
1448 3296 1604 3354 intellectus

252 3387 297 3425 non
314 3389 344 3428 se
361 3375 426 3443 ipso
445 3373 590 3430 subsistit?
625 3375 669 3430 An
687 3375 728 3430 sic
745 3377 897 3444 requiritur
914 3375 1061 3447 (inplicitas
1079 3377 1273 3448 principiorum
1292 3375 1327 3431 ad
1347 3391 1417 3442 eum,
1435 3382 1468 3430 ut
1485 3375 1538 3434 duo
1551 3382 1604 3432 ter·

252 3449 307 3502 nini
328 3451 366 3506 ad
392 3451 618 3520 proportionem?
655 3453 716 3520 Qua
738 3469 769 3508 re
794 3453 950 3510 substantia
967 3463 1142 3526 cmcparatttr
1159 3457 1304 3514 relationi?
1341 3455 1370 3511 iii
1392 3455 1465 3510 iuter
1482 3452 1604 3510 intellec·

253 3534 300 3580 ttm
322 3539 351 3584 et
372 3545 486 3586 sensnm
510 3529 609 3591 luhset
634 3533 786 3588 consuunt
808 3533 948 3602 proportio
975 3535 1081 3604 aliqua,
1109 3535 1275 3606 comparatio
1303 3534 1402 3596 fuhset
1429 3531 1613 3594 summust-s

253 3603 291 3660 Sic
306 3609 379 3662 enim
397 3608 541 3664 Platonem
558 3609 714 3680 accepimns
736 3625 909 3679 comparasse
926 3613 1013 3668 totins
1036 3613 1143 3670 animae
1170 3615 1392 3671 contitutionem
1414 3629 1480 3680 cum
1496 3613 1605 3668 hermo·

254 3683 347 3740 wem
364 3686 487 3744 maxima
509 3695 538 3742 et
560 3687 773 3757 perfectissima,
802 3704 885 3758 quam
908 3699 1014 3746 veteres
1035 3691 1165 3747 umerum
1187 3708 1249 3748 esse
1267 3690 1604 3761 diapason-epidiapentet

255 3766 523 3834 termium-quidem
541 3767 578 3836 id,
597 3769 673 3836 qnorl
690 3769 781 3824 anima
798 3768 961 3837 quantitatis
978 3770 1065 3827 sicem
1083 3770 1195 3836 obtinet,
1213 3770 1241 3824 irl
1260 3779 1311 3839 est
1330 3768 1480 3826 secundnm
1497 3769 1605 3827 animae

255 3839 405 3898 lenanu
422 3845 450 3900 in
468 3861 592 3915 corpore.
627 3847 698 3902 llam
714 3848 787 3904 iuter
805 3848 898 3904 aedem
916 3849 1006 3917 epatis
1023 3856 1053 3902 et
1069 3848 1163 3906 sedem
1182 3849 1334 3904 condiscat
1344 3847 1437 3917 aliqua
1455 3853 1531 3902 certe
1547 3845 1605 3901 lott-

256 3919 447 3991 nudoscnjm
466 3923 579 3993 duplam
597 3925 704 3982 amciter
721 3932 766 3982 est
782 3926 854 3982 inter
872 3927 965 3982 sedem
983 3928 1073 3983 comis
1091 3936 1119 3984 et
1137 3929 1229 3984 sedent
1248 3927 1361 3983 cerebri
1397 3926 1472 3993 Erso
1490 3923 1607 3980 comsit

256 3996 511 4069 ntiouulis'cnimae
529 4003 610 4058 sedes
627 4003 656 4058 in
675 4003 797 4072 cerebro,
815 4005 964 4061 nascibilis
978 4005 1109 4076 incorde,
1128 4006 1365 4075 concupiscentiae
1376 4005 1406 4061 in
1418 4011 1507 4073 epate,
1527 4001 1605 4056 Plato

257 4076 340 4131 statuit
355 4079 500 4148 rauonafis
512 4080 549 4135 etl
560 4082 801 4150 concupiscibilem
814 4081 975 4138 fucultatem
987 4085 1191 4153 proportionem
1202 4099 1264 4140 esse
1276 4083 1386 4154 triplam
1399 4097 1448 4138 seu
1461 4080 1605 4149 diapason·

259 4154 435 4227 ellitlittpente,
461 4153 502 4216 sil¹
514 4160 679 4218 hucihilem
703 4161 816 4230 duplant
839 4176 890 4216 seu
907 4161 1049 4231 diapason,
1068 4162 1213 4219 irascibilis
1238 4162 1273 4218 etl
1292 4157 1531 4230 concupiscibilem
1550 4155 1606 4211 dia-

260 4242 329 4314 pente
344 4252 397 4292 seu
415 4238 636 4309 seaqmalteraut,
662 4248 692 4296 et
708 4239 761 4295 uisi
777 4234 823 4296 me
840 4241 911 4297 fallit
924 4243 1048 4310 mmm,
1076 4243 1129 4297 hoc
1145 4244 1237 4312 ipsum
1261 4242 1313 4298 sibi
1330 4239 1416 4296 soluit
1432 4237 1606 4294 Ptolemaeus

260 4322 282 4362 111
295 4312 418 4372 lemmate
436 4317 518 4385 hujus
536 4318 648 4387 eapitis,
671 4318 755 4388 idque
772 4319 875 4376 lemma
888 4321 977 4377 wem
995 4322 1127 4391 scriptum
1145 4319 1270 4389 reliquit,
1296 4333 1448 4389 properans
1465 4315 1502 4370 nd
1520 4321 1606 4370 estro

261 4394 352 4451 ionica
368 4398 478 4466 capita3
501 4398 696 4466 superveniens
712 4414 777 4456 sero
795 4399 978 4469 posteriorum
995 4399 1095 4468 aliquis
1118 4407 1223 4456 textum
1242 4399 1339 4454 horum
1357 4395 1477 4466 capitum
1502 4410 1536 4449 er
1555 4409 1606 4448 sun

264 4480 331 4540 itaut
347 4475 529 4532 concinnavit
566 4473 690 4532 illenim
706 4478 798 4546 ipsum
814 4468 848 4534 iu¹
862 4477 966 4534 ultimis
984 4477 1174 4534 astronomicis
1186 4478 1321 4549 capitibus
1339 4475 1472 4532 accidisse
1490 4477 1607 4530 constet
1690 4529 1696 4538 ,

334 4555 408 4610 Nota
426 4541 461 4609 ll.
481 4603 485 4610 ,
504 4552 680 4609 Differentiae
706 4571 775 4623 quas
799 4556 888 4625 dicat,
919 4558 1012 4612 statim
1035 4557 1159 4625 subjicit:
1186 4554 1413 4622 intellectualem,
1440 4551 1607 4620 remilium,

264 4620 425 4689 habitualem.
462 4632 574 4702 Species
593 4649 657 4690 vero
675 4633 870 4693 intellectualia
888 4637 1011 4704 quidem:
1035 4636 1214 4701 intellectiva,
1229 4634 1435 4700 rauodnative,
1461 4631 1608 4701 opinative,

266 4707 391 4780 nenium
410 4713 557 4768 semiurae
575 4711 667 4767 vanae
686 4713 847 4782 sessiones,
867 4722 897 4770 ct
912 4716 1063 4772 habitualis
1081 4717 1196 4772 virtutes
1214 4715 1331 4770 morales
1349 4719 1400 4770 eto.

335 4789 409 4845 licta
425 4791 475 4845 Ill.
509 4793 657 4848 Primuries
674 4792 741 4850 facit
757 4792 977 4864 intellectualem,
995 4795 1162 4863 sensitivam,
1180 4793 1320 4862 morulans„
1337 4799 1369 4848 st
1386 4789 1561 4848 immunior
1579 4795 1608 4846 et

268 4861 358 4926 morea
375 4870 560 4942 intelligamus
578 4875 777 4939 loeomotiram,
805 4873 925 4945 sitakm,
942 4876 1109 4944 naturalem
1132 4875 1196 4930 illae
1214 4871 1417 4930 euimratiouis
1439 4871 1608 4938 munissent

268 4949 397 5022 nuspa
412 4952 483 5022 ejus,
500 4969 574 5023 qnae
591 4954 718 5011 waren
735 4954 821 5010 utitur
838 4953 955 5009 hominia
972 4956 1093 5024 proprio.
1129 4953 1188 5009 lios
1211 4965 1331 5018 samma
1353 4949 1468 5007 mimus
1485 4947 1607 5006 mulleo-

269 5030 315 5111 ξω
332 5038 359 5086 et
379 5031 574 5102 voluntatem,
589 5035 722 5104 proxime.
736 5033 892 5090 inferiorem
914 5033 1090 5098 musiuram,
1117 5031 1225 5100 utrique
1250 5028 1434 5084 famulantem.
1476 5025 1608 5097 Appellat

270 5104 336 5168 tanus
350 5109 531 5180 habitualem,
557 5127 641 5181 quem
657 5127 708 5168 noa
726 5111 908 5180 tolosatem
934 5119 964 5168 et
980 5118 1046 5168 aunt
1069 5109 1109 5166 illi
1134 5107 1187 5164 ια’
1206 5109 1296 5178 linens
1312 5105 1438 5176 meum,
1463 5106 1510 5176 qui
1526 5105 1606 5162 nohis

272 5197 349 5246 nuru.
384 5190 504 5248 suenus
521 5192 568 5247 hic
584 5185 626 5246 illi
643 5187 698 5247 uoti
715 5197 759 5246 est
774 5188 846 5248 inter
864 5190 983 5246 habitus.
1007 5191 1011 5200 ’
1551 5245 1554 5254 ,
1581 5212 1584 5223 2
