4242 6384
535 806 598 869 ala
930 799 973 856 De
990 799 1114 856 Motibus
1131 798 1307 856 Pirustarum
1324 797 1505 856 Harmonicis.

533 979 597 1052 plus
616 984 659 1033 est
676 993 756 1047 qnam
777 974 820 1044 ¹i,‚
838 973 1002 1044 relinquitur
1019 971 1136 1044 aliquid,
1155 971 1227 1044 qnod
1245 971 1406 1029 tantundem
1424 973 1489 1044 plus
1506 981 1550 1031 eat
1567 983 1648 1048 quarn
1665 977 1699 1046 ²1,
1716 993 1762 1047 pro
1777 993 1856 1033 sunm

533 1057 704 1132 propriarum
722 1055 865 1122 uiuasque
882 1053 1098 1122 proportionum.

622 1132 721 1207 Supra·
740 1147 822 1210 prop.
846 1130 897 1187 26.
926 1135 990 1188 erat
1017 1131 1136 1206 propriu
1160 1127 1350 1188 Veneriorum
1373 1135 1508 1194 motuum
1538 1132 1690 1208 proportio
1713 1126 1802 1212 mim,
1824 1133 1859 1192 rel

537 1217 607 1302 ⁸⁵2³,
628 1220 778 1295 proxime,
809 1223 840 1274 at
867 1231 938 1276 raro
968 1233 1033 1294 cap.
1057 1219 1087 1276 4.
1117 1219 1192 1276 inter
1215 1215 1332 1276 Saturni
1361 1215 1511 1292 aphelinm
1541 1223 1571 1277 et
1600 1216 1688 1280 Joris
1717 1219 1860 1296 periheliun

535 1311 674 1372 inventus
697 1313 744 1364 est
764 1319 902 1392 excessus
925 1321 1016 1380 supra
1041 1299 1076 1386 ¹t,
1099 1303 1188 1382 paulo
1211 1303 1319 1378 major,
1353 1304 1466 1363 scilicet
1488 1307 1563 1365 iuter
1584 1299 1652 1388 ²⁸i„
1676 1313 1706 1366 et
1726 1301 1798 1388 ”im
1834 1309 1863 1364 At

534 1399 622 1456 unico
645 1395 758 1452 minuto
780 1389 927 1465 secundo,
961 1391 1041 1468 quod
1064 1391 1142 1450 baud
1166 1393 1228 1450 scio
1257 1409 1294 1450 an
1320 1389 1466 1474 discernat
1488 1393 1683 1469 astronomia,
1712 1393 1749 1454 ad
1770 1393 1863 1454 Saturni

536 1481 687 1561 aphelinm
709 1486 822 1538 motum
844 1477 960 1552 addito,
986 1487 1129 1554 aequatur
1149 1479 1236 1556 plane
1260 1479 1409 1558 quantitas
1431 1477 1480 1540 hic
1502 1483 1692 1558 praescripta.

621 1567 840 1644 l’ropositio
862 1564 1049 1640 XXXVIII.
1097 1563 1338 1634 Additamentom
1358 1561 1462 1648 '²⁴³l„„
1484 1567 1521 1628 ad
1544 1585 1689 1628 summam
1712 1566 1883 1648 propriaruml

535 1657 655 1718 Saturni
677 1663 706 1714 et
727 1653 831 1726 ΙΙονίε,
861 1671 938 1730 quae
968 1653 1110 1712 hacteuus
1141 1656 1240 1732 primia
1269 1654 1433 1716 rationibus
1461 1656 1711 1729 constituebam,
1739 1652 1793 1740 Ἃ,
1818 1657 1864 1714 dis

535 1743 723 1806 tribuendum
744 1744 788 1802 sic
808 1742 865 1800 init
886 1743 960 1800 inter
981 1739 1134 1817 planetas,
1165 1749 1198 1800 nt
1220 1739 1257 1800 de
1280 1758 1315 1804 eo
1338 1739 1466 1802 Saturno
1496 1742 1648 1806 accederet
1670 1761 1783 1808 comma
1801 1740 1864 1822 ⁵¹7„

535 1832 609 1893 Jovi
630 1830 779 1890 residuum
807 1821 965 1909 'wilm
987 1844 1041 1887 seu
1063 1823 1136 1910 ΜΛ,
1158 1829 1228 1890 iere.

622 1927 847 1988 Distribuendurn
870 1927 938 1982 illud
961 1926 1045 1983 iuism
1070 1927 1142 1984 inter
1164 1935 1311 1999 utrumque
1335 1927 1486 2012 planetam,
1513 1931 1638 2000 seqnitur
1658 1947 1695 2000 px
1719 1949 1762 1987 ax.
1782 1931 1821 1998 ti,
1845 1940 1865 1981 ut

536 2019 651 2081 uterque
670 2009 761 2077 aliqua
778 2007 922 2067 latitudine
941 2022 1103 2063 concurrere
1120 2017 1216 2078 posset
1239 2009 1274 2064 ad
1292 2006 1447 2071 harmonias
1466 2007 1632 2065 universales
1656 2010 1764 2080 generis
1782 2008 1825 2064 arbi
1839 2008 1866 2060 is·

535 2092 657 2167 miliaria.
692 2088 778 2157 Atqui
798 2085 880 2152 ²⁴³!„0
897 2085 1070 2149 intervallum
1088 2095 1132 2142 est
1150 2087 1239 2142 minus
1258 2085 1382 2144 omnibus
1400 2086 1556 2152 concinnis,
1577 2087 1669 2144 nuhaa
1693 2089 1775 2158 igitur
1795 2100 1866 2154 super·

533 2180 597 2228 sunt
614 2169 691 2238 leges
708 2164 898 2232 harmonicas,
923 2163 1023 2233 quibus
1040 2165 1109 2222 illud
1128 2161 1264 2220 dividatur
1288 2165 1317 2220 in
1334 2171 1430 2236 partes
1447 2163 1515 2220 duas
1541 2167 1704 2236 conannas,
1726 2167 1777 2222 nisi
1800 2165 1867 2218 solun

532 2252 612 2320 illae,
639 2247 737 2318 quibus
760 2259 844 2314 snpra
865 2259 944 2318 prop.
962 2243 1005 2301 26.
1029 2243 1064 2298 ud
1089 2245 1238 2300 sectionem
1263 2242 1369 2300 dieseos
1390 2241 1446 2310 ”las
1468 2259 1538 2313 opus
1555 2243 1620 2313 iait5
1647 2251 1678 2300 ut
1696 2261 1733 2301 sc.
1758 2242 1867 2300 absalio

535 2343 642 2388 comm
659 2325 717 2396 5⁰1„
737 2323 821 2396 (quod
844 2329 886 2377 est
903 2337 986 2378 unum
1004 2322 1033 2376 et
1051 2321 1159 2392 quidam
1176 2321 1332 2392 primarium
1352 2337 1386 2375 ex
1403 2321 1452 2390 iis,
1474 2317 1547 2392 'quae
1565 2323 1708 2378 concinnis
1732 2323 1868 2386 inserviunt)

535 2417 565 2464 et
581 2409 610 2462 in
627 2404 763 2462 residuum
786 2400 931 2468 icascsm,
951 2400 1024 2470 quod
1043 2407 1085 2455 est
1102 2401 1185 2470 paulo
1202 2401 1292 2470 majus
1310 2409 1455 2471 commate,
1484 2415 1521 2456 sc.
1540 2401 1598 2472 ⁶²}ss
1617 2400 1699 2458 iere·
1721 2403 1782 2465 Nou
1799 2410 1867 2456 auten

534 2485 664 2558 dno,·sed
682 2499 765 2540 anum
784 2495 889 2540 comma
905 2478 996 2534 iuerat
1015 2478 1238 2548 abscindendum,
1255 2480 1411 2534 nenimiurn
1424 2479 1581 2550 inaequales
1599 2489 1693 2550 partes
1707 2481 1808 2548 fierent,
1825 2497 1868 2534 run

534 2566 659 2638 propriae
678 2561 788 2619 Saturni
805 2568 834 2614 et
851 2556 928 2614 loris
946 2557 1002 2612 sint
1019 2559 1144 2628 proxime
1159 2558 1301 2629 aequales,
1319 2558 1470 2618 secundnm
1487 2559 1596 2616 axioma
1617 2563 1661 2618 tta
1679 2560 1763 2616 etiam
1780 2560 1811 2616 ed
1823 2575 1868 2614 con·

534 2647 615 2702 cinna
632 2643 710 2700 otiis
727 2639 887 2698 minutiores
906 2643 1000 2706 partes
1019 2645 1174 2706 extensum,
1201 2636 1280 2692 simul
1299 2637 1381 2691 etiam
1398 2639 1474 2708 ideo,
1498 2639 1562 2707 quia
1581 2655 1686 2696 comma
1706 2639 1827 2706 definitur
1841 2639 1867 2690 in-

533 2722 653 2780 tervallis
665 2729 730 2776 tono
742 2719 845 2788 majore
857 2725 884 2771 et
896 2721 962 2771 tono
974 2715 1085 2785 minore,
1104 2731 1159 2772 non
1171 2715 1210 2768 ita
1223 2713 1276 2769 duo
1290 2723 1430 2772 commata.
1458 2719 1543 2776 Porro
1558 2719 1684 2788 Saturno,
1705 2719 1794 2776 altiori
1805 2729 1828 2772 et
1838 2733 1869 2770 u·

533 2803 642 2860 lentiori
653 2799 789 2871 planctae,
806 2797 959 2854 debebatur
974 2795 1071 2851 harum
1088 2792 1205 2863 partium
1218 2809 1272 2847 non
1284 2792 1332 2847 illa
1343 2794 1442 2864 potius,
1462 2813 1532 2865 quae
1542 2797 1635 2866 major,
1653 2797 1721 2853 licet
1738 2799 1761 2853 is
1779 2799 1870 2854 habaet

533 2881 671 2954 propriam
689 2880 721 2948 ⁴1,
738 2876 877 2946 majorem,
896 2877 944 2932 sed
960 2876 1106 2946 illa,'quae
1116 2871 1191 2942 prior
1203 2879 1230 2927 et
1243 2871 1389 2944 pulchrior,
1407 2873 1460 2930 hoc
1472 2881 1514 2930 est
1527 2875 1612 2946 magis
1624 2873 1791 2932 harmonica.
1819 2875 1870 2929 Nan

534 2963 562 3017 in
586 2977 629 3015 ax.
649 2961 689 3015 10.
715 2955 855 3028 praecedit
881 2963 1023 3027 respectus
1045 2951 1196 3023 prioritatis
1219 2959 1247 3007 et
1268 2951 1443 3021 perfectionis
1467 2953 1653 3022 harmonicae,
1682 2955 1791 3009 ultimus
1813 2961 1871 3008 tenet

502 3094 508 3106 ,
535 3044 677 3109 respectus
696 3034 864 3105 quantitatis,
883 3035 947 3104 quia
964 3032 1041 3089 nulla
1057 3029 1232 3101 pulchritudo
1251 3037 1293 3084 est
1310 3030 1338 3084 in
1352 3031 1509 3100 'quantitate
1529 3047 1579 3102 per
1596 3047 1635 3088 se.
1672 3033 1718 3089 lta
1737 3041 1821 3090 motus
1836 3033 1871 3085 Sa·

535 3117 608 3175 turni
631 3115 702 3169 liunt
724 3111 794 3183 ⁰⁸1⁸„
821 3113 903 3168 tertia
929 3113 1017 3183 major
1041 3109 1209 3176 adulterina,
1235 3115 1266 3166 ut
1289 3107 1336 3164 lib.
1355 3109 1405 3166 Ili.
1436 3109 1555 3180 onp.12.
1580 3111 1791 3182 appellavimus,
1813 3111 1871 3166 loris

619 3193 668 3229 aad!

536 3211 600 3254 vero
623 3192 748 3340 uciiii',
780 3283 818 3348 an
845 3266 920 3327 iuter
950 3283 1056 3326 causas
1088 3261 1181 3326 additi
1201 3261 1331 3324 Saturno
1359 3265 1511 3326 commatis
1536 3265 1575 3324 ait
1596 3265 1871 3335 commemorandum,

537 3365 571 3418 ut
596 3358 711 3418 scilicet
741 3359 871 3414 extrema
902 3353 1021 3412 Saturni
1050 3350 1208 3414 intervalla
1235 3359 1356 3429 possent
1386 3354 1563 3412 constituere
1593 3355 1809 3432 proportionem
1833 3347 1871 3432 if,

509 3455 639 3506 ‘tonum
660 3441 817 3516 majorem,
841 3459 879 3502 an
901 3442 1001 3518 potins
1023 3439 1055 3500 id
1077 3438 1153 3500 ultro
1177 3439 1363 3500 resultaverit
1385 3457 1421 3500 cx
1444 3435 1540 3500 causis
1563 3439 1803 3502 antecedentibus
1823 3457 1872 3498 nro

537 3541 631 3594 tuum.
675 3527 778 3589 Habes
800 3529 888 3602 igitur
918 3527 967 3588 lnic
988 3529 1102 3604 potius,
1133 3525 1199 3586 loco
1226 3521 1387 3600 corollarii,
1419 3525 1552 3601 causam,
1584 3545 1635 3588 cur
1661 3545 1753 3608 supra
1774 3546 1832 3606 cap.
1851 3529 1872 3596 l,

537 3620 590 3680 iol.
613 3618 687 3676 284.
718 3615 873 3674 intervalla
895 3615 1015 3676 Saturni
1037 3613 1222 3690 deprehensa
1243 3616 1303 3674 slot
1331 3615 1393 3674 toni
1423 3615 1543 3690 majoris
1564 3617 1784 3692 proportionem
1808 3633 1873 3675 con·

537 3707 627 3784 plecti
647 3703 788 3780 proxime.

624 3789 842 3864 Proponit-io
864 3787 1024 3848 XXXIX.
1068 3788 1103 3846 In
1132 3785 1292 3847 harmoniis
1322 3786 1506 3862 planetarum
1530 3789 1747 3850 universalibus
1778 3789 1873 3866 generis

539 3882 604 3940 duri
627 3879 772 3940 Satnmus
794 3883 876 3935 motu
899 3883 1002 3936 exacta
1024 3874 1168 3953 perihelio
1191 3872 1368 3934 concordare
1391 3893 1450 3935 non
1472 3879 1579 3954 potuit,
1602 3893 1657 3936 nec
1671 3875 1790 3955 Jupiter
1808 3883 1873 3936 motu

538 3977 641 4032 exacte
663 3963 789 4043 aphelio.
1442 4028 1445 4040 Δ

626 4051 693 4105 Cum
711 4047 782 4103 enim
801 4045 910 4104 Saturni
928 4045 1052 4114 aphelius
1071 4061 1132 4099 cum
1150 4045 1269 4101 Telluris
1292 4053 1320 4100 et
1338 4045 1451 4100 Veneris
1475 4045 1590 4114 apheliia
1614 4055 1709 4102 exacte
1728 4045 1873 4104 concordare

540 4130 671 4191 debuerit,
699 4143 749 4196 per
765 4143 806 4196 pr.
825 4127 871 4190 31,
894 4121 1068 4178 concordabit
1086 4139 1147 4178 cum
1164 4123 1260 4180 lisdem
1279 4124 1359 4178 ctiam
1383 4125 1406 4179 is
1426 4125 1535 4180 Saturni
1553 4133 1655 4188 motus.
1680 4127 1727 4197 qui
1747 4139 1787 4184 est
1803 4129 1873 4183 inteo-

540 4211 595 4265 sior
614 4225 695 4278 qnam
713 4205 837 4274 apheiius
856 4204 923 4272 ejus,
941 4217 991 4272 per
1008 4218 1090 4256 unam
1107 4203 1215 4257 tertiam
1234 4203 1329 4260 duram
1347 4201 1393 4272 ⁴!,;
1418 4203 1519 4272 aphelii
1536 4205 1607 4260 enirn
1626 4205 1743 4264 Telluris
1761 4217 1787 4266 et
1802 4209 1872 4262 Vena·

537 4291 576 4344 ris
594 4288 698 4343 iaciunt
715 4291 820 4340 sextam
839 4283 948 4348 duram,
975 4297 1044 4350 quae
1070 4297 1120 4351 per
1138 4281 1324 4338 demonstrata
1341 4281 1403 4338 libri
1421 4285 1469 4338 lll.
1489 4283 1631 4342 divisibilis
1650 4295 1692 4342 est
1716 4289 1745 4342 in
1762 4287 1872 4340 distensa·

443 4387 455 4406 κ
505 4431 510 4440 ³
540 4383 591 4421 ron
610 4373 638 4419 et
655 4366 763 4418 tertiam
782 4363 884 4425 duram,
904 4377 967 4430 ergo
985 4367 1075 4415 motus
1094 4359 1213 4430 Saturni,
1232 4361 1279 4431 qui
1297 4361 1386 4416 adhuc
1404 4361 1517 4418 celerior
1529 4363 1633 4418 esthon
1648 4363 1703 4430 jam
1719 4365 1872 4424 concordio,

539 4445 612 4500 inira
627 4452 719 4498 tamen
736 4442 949 4510 magnitudinem
966 4437 1100 4494 intervalli
1119 4437 1252 4508 concinni,
1269 4439 1293 4494 is
1311 4457 1366 4495 uon
1385 4449 1481 4499 exacte
1501 4442 1683 4500 concordabit
1718 4446 1756 4500 At
1768 4443 1826 4498 talis
1841 4447 1872 4493 est

538 4521 689 4593 perihelIus
715 4521 825 4576 Saturni
848 4519 1015 4589 ipsissimus,
1040 4518 1106 4587 quia
1128 4518 1212 4572 distat
1237 4519 1271 4573 ab
1290 4519 1348 4588 ejus
1367 4519 1474 4589 aphelio
1501 4522 1564 4591 plns
1587 4537 1667 4592 quam
1689 4521 1826 4579 intervallo
1842 4519 1872 4583 is,

538 4601 601 4672 plus
619 4601 723 4657 scilicet
747 4615 801 4654 uno
823 4606 955 4678 commate
975 4597 1030 4668 ⁸⁰1„
1052 4597 1242 4668 (quodminus
1267 4606 1310 4653 est
1327 4601 1458 4654 concinno
1475 4601 1596 4668 minimo)
1620 4617 1669 4670 per
1691 4619 1733 4672 pr.
1752 4603 1792 4658 38
1824 4599 1871 4654 lion

539 4679 687 4736 concordat
708 4679 791 4748 igitur
813 4685 908 4733 exacte
931 4679 1081 4748 perihelius
1102 4675 1219 4732 Saturni.
1256 4677 1292 4730 At
1315 4693 1365 4732 nec
1388 4685 1483 4734 exacte
1506 4678 1631 4747 aphelius
1655 4680 1748 4749 ionis,
1772 4682 1794 4736 is
1814 4676 1870 4731 eoin

541 4777 604 4816 cum
621 4758 753 4828 perihelio
772 4757 889 4828 Saturni,
907 4775 963 4813 non
980 4765 1077 4813 exacte
1095 4761 1271 4826 consonante,
1290 4763 1422 4815 consonat
1439 4773 1489 4827 per
1507 4757 1639 4827 diapason
1657 4757 1871 4826 paucorumne

539 4856 583 4910 pr.
601 4839 633 4903 8,
654 4853 738 4907 quare
755 4853 805 4905 per
823 4837 896 4892 dicta
913 4835 973 4891 libr.
991 4837 1042 4890 111.
1060 4851 1111 4890 nec
1129 4835 1194 4904 ipse.
1206 4841 1303 4892 exacta
1320 4851 1469 4892 consonare
1487 4837 1595 4907 poterit

628 4929 845 5005 Propositio
868 4927 936 4990 xa
981 4926 1029 4985 nd
1052 4940 1234 4985 communem
1248 4925 1335 4986 Jovis
1359 4934 1388 4987 et
1402 4925 1506 4988 Martis
1528 4927 1740 5004 divergentium
1758 4933 1869 4986 motuum

541 5017 725 5077 harmoniam
756 5011 821 5098 'iss‘
841 5014 1051 5092 uisdapason,
1084 5013 1230 5090 prioribus
1260 5016 1424 5075 rationibus
1455 5015 1630 5091 stabilitam,
1663 5014 1732 5076 addi
1762 5009 1869 5092 oportuit

540 5103 649 5165 lemma
671 5103 865 5164 Platonicum

628 5186 699 5241 iiam
717 5185 781 5254 quia
798 5185 870 5240 inter
886 5181 1009 5252 aphelios
1029 5182 1138 5238 Satnmi
1156 5189 1184 5237 et
1201 5183 1316 5240 Telluris
1335 5179 1507 5241 debuitsesse
1529 5183 1583 5254 ἰω
1609 5186 1662 5240 boc
1680 5193 1722 5240 est
1745 5183 1816 5252 ’Ἰμμ
1830 5190 1868 5246 ptr

542 5265 594 5336 31,
617 5266 652 5321 ab
679 5263 788 5337 aphelio
815 5279 880 5320 aero
898 5259 1015 5318 Telluris
1039 5261 1075 5322 ad
1097 5261 1256 5336 perihelium
1282 5265 1378 5323 blattis
1401 5261 1578 5322 debuitesse
1597 5263 1642 5334 ¹12,
1661 5261 1714 5318 hoc
1731 5269 1772 5316 est
1787 5255 1866 5323 ”iso
