4242 6384
524 820 590 881 260
887 826 896 835 ’
938 810 981 869 Dc
999 810 1263 883 Contigurationibns
1281 816 1459 876 Harmonicis.

522 996 688 1083 praelectae
718 1000 796 1055 sont.
840 992 887 1051 Da
911 993 1045 1069 principa
1068 992 1185 1069 quidem
1213 998 1327 1057 animae
1356 998 1510 1073 facultate,
1546 1016 1622 1077 quae
1651 1018 1732 1061 mens
1761 1000 1854 1077 dicitur,

522 1093 638 1163 praeter
660 1082 720 1155 llla,
744 1098 821 1159 qnae
843 1097 934 1157 supra
957 1097 1020 1156 cap.
1040 1083 1067 1139 l.
1092 1098 1128 1140 ex
1150 1082 1256 1143 Proclo
1278 1085 1378 1159 attuli,
1402 1085 1475 1145 nibil
1498 1087 1636 1147 admonet
1657 1091 1800 1165 negotium
1819 1108 1856 1147 ra·

522 1168 695 1244 dictionum,
719 1168 800 1247 quod
823 1166 918 1227 dicam
940 1167 1078 1243 amplius.
1122 1168 1176 1229 Est
1200 1170 1251 1230 illa
1273 1182 1421 1249 punctum,
1446 1180 1478 1233 ut
1499 1192 1596 1251 mens3
1619 1184 1665 1234 est
1688 1176 1813 1249 circulus,
1833 1188 1858 1234 ut

521 1260 723 1332 ratiocinati03
755 1264 801 1316 eat
822 1256 935 1331 imago,
958 1254 1060 1314 vultus
1083 1254 1190 1331 divini,
1222 1268 1266 1317 est
1289 1260 1455 1333 harmonia,
1480 1262 1578 1337 quoad
1601 1266 1748 1341 energiam
1769 1282 1858 1335 unam3

520 1356 590 1406 sunt
611 1349 641 1405 iu
665 1363 701 1406 ea
723 1344 808 1403 ideae
830 1350 860 1403 et
881 1343 996 1419 species
1019 1342 1330 1423 matbematioae,'per
1353 1348 1507 1427 circutum,
1538 1351 1588 1408 dat
1604 1350 1669 1409 villa
1699 1350 1792 1421 bisce,
1820 1351 1860 1407 dat

521 1443 551 1493 et
572 1432 732 1494 harmoniis
763 1448 821 1490 erse
842 1446 929 1489 auum
951 1429 1157 1489 intellectuale.
1203 1430 1286 1493 Haec
1316 1436 1414 1493 omnia
1436 1439 1563 1511 requirat
1591 1438 1683 1497 lector
1705 1456 1740 1497 ex
1763 1438 1860 1513 supari-

521 1522 641 1597 oribus,
673 1521 722 1580 bic
742 1518 876 1595 pluribus
898 1530 958 1574 non
981 1525 1025 1575 est
1048 1532 1132 1591 opus.
1178 1508 1276 1579 Unum
1300 1522 1355 1580 boc
1378 1538 1483 1582 moneo
1507 1516 1544 1583 de
1566 1522 1664 1584 Procli
1688 1534 1860 1601 argumenta-

519 1612 618 1669 tione:
650 1626 709 1668 non
732 1606 827 1665 rideri
850 1603 933 1661 illam
955 1604 1009 1661 niti
1035 1604 1119 1663 bonis
1140 1606 1292 1688 exemplis,
1315 1608 1383 1667 dum
1406 1608 1540 1683 inculcat,
1564 1610 1631 1671 ideo
1646 1610 1750 1686 lineas,
1772 1624 1861 1689 super·

519 1698 600 1757 dcies
623 1704 653 1756 et
674 1700 785 1773 puncta
806 1694 835 1749 in
859 1692 958 1749 anima
979 1691 1152 1765 statuenda,
1177 1698 1247 1770 quia
1270 1698 1299 1753 ia
1322 1698 1478 1757 sensilibus
1501 1696 1598 1758 nullae
1621 1716 1714 1775 purae
1738 1708 1767 1759 et
1787 1716 1861 1775 sepa·

518 1795 603 1845 ratae
624 1782 800 1861 mperticias,
824 1779 920 1838 lincea
944 1777 991 1836 vel
1015 1788 1125 1854 puncta
1145 1782 1212 1839 sint
1258 1783 1349 1860 Atqui
1371 1802 1426 1843 nac
1447 1788 1477 1844 in
1500 1788 1599 1845 anima
1621 1794 1666 1845 est
1690 1787 1768 1846 linea
1790 1803 1860 1863 pura,

519 1890 551 1932 se
573 1876 639 1948 ipsa
661 1871 833 1954 subsistens,
855 1864 908 1925 aed
931 1867 1060 1924 inexistit
1076 1868 1106 1923 in
1121 1867 1272 1945 superficie
1288 1872 1418 1942 metrali,
1442 1871 1526 1947 cujus
1549 1882 1594 1931 est
1616 1876 1795 1951 extremitas,
1814 1890 1861 1930 non

518 1962 614 2019 minus
643 1958 732 2034 quam
760 1958 793 2013 ln'
819 1953 976 2013 sensilibus
1005 1955 1219 2029 quantitatibus
1260 1960 1407 2035 corporeis
1436 1961 1512 2020 inest
1547 1959 1716 2038 superficies
1745 1978 1821 2019 mera
1840 1962 1861 2015 in

519 2048 704 2107 extremitate
719 2044 864 2119 ,corporis
888 2039 969 2099 linea
988 2056 1069 2100 mera
1093 2042 1120 2097 in
1145 2047 1326 2105 extremitate
1348 2046 1526 2125 superficiei,
1547 2060 1689 2123 punctum
1713 2066 1820 2107 merum
1840 2050 1861 2102 in

519 2144 649 2196 extremo
672 2132 782 2191 lineae:
817 2128 1051 2207 imperfectorum
1085 2131 1162 2188 enirn
1186 2134 1381 2206 quantitatum
1404 2150 1463 2193 aare
1485 2144 1529 2193 est
1552 2138 1646 2194 iaceas
1674 2138 1705 2193 in
1729 2136 1861 2213 perlectis.

518 2221 638 2282 Scilicet
665 2211 772 2297 genera
794 2216 913 2293 quidem
934 2213 1142 2275 mathematica
1165 2234 1223 2277 non
1247 2228 1314 2277 eunt
1337 2218 1422 2279 aliter
1445 2222 1474 2280 in
1498 2222 1609 2295 anima,
1641 2240 1732 2298 quam
1757 2225 1861 2281 unirer-

517 2308 594 2369 aalia
615 2316 713 2369 cetera
734 2312 952 2383 conceptusque
975 2306 1058 2376 rarii,
1083 2304 1221 2365 abstracti
1238 2318 1256 2365 a
1271 2306 1448 2388 sensilibus,
1471 2316 1502 2368 at
1524 2310 1686 2385 specierum
1711 2308 1862 2368 mathema·

515 2400 640 2457 tlcarum
662 2393 723 2466 illa,
750 2408 826 2469 quae
849 2390 975 2449 circulus
992 2388 1105 2463 dicitur,
1129 2390 1216 2468 longe
1232 2392 1292 2453 alia
1313 2398 1426 2455 tatiorle
1449 2398 1525 2456 inest
1540 2396 1665 2471 animae,=
1688 2390 1748 2456 non
1764 2404 1862 2455 tanturn

516 2492 550 2543 ut
573 2484 640 2543 idea
660 2495 757 2541 rarum
779 2488 973 2549 externarum,
997 2477 1049 2535 sed
1073 2478 1162 2538 etlam
1185 2488 1217 2537 ut
1238 2481 1331 2540 forma
1354 2482 1500 2559 quaedam
1522 2484 1615 2559 ipsius
1639 2487 1768 2559 animae,
1791 2482 1862 2541 deni-

517 2587 574 2648 que
608 2578 641 2630 ut
668 2570 881 2646 promtuarium
913 2567 1030 2622 unicum
1067 2569 1161 2629 annis
1192 2571 1389 2644 geometricae
1428 2580 1459 2639 et
1490 2570 1691 2637 arithmeticae
1725 2572 1861 2638 scientiae,

501 2649 735 2735 'quorumillu'd
757 2658 788 2713 in
811 2653 943 2712 doctrina
966 2654 1099 2725 sinuum,
1129 2653 1186 2713 boc
1215 2658 1244 2713 ln
1268 2656 1394 2717 mirabili
1425 2656 1666 2733 logsritbmorum
1688 2662 1862 2735 negotiosa

515 2742 783 2813 evidentissimum,
813 2745 847 2799 ut
869 2743 898 2797 in
922 2738 1028 2813 quibua
1060 2756 1097 2796 ax
1120 2740 1229 2801 circulo
1261 2745 1331 2801 ortis
1363 2745 1473 2803 abacus
1497 2744 1615 2820 qnidam
1646 2748 1724 2804 inest
1748 2748 1862 2804 omniun

514 2831 795 2909 multiplicationum
818 2836 848 2889 at
871 2826 1066 2897 divisionum,
1098 2843 1175 2902 quae
1198 2845 1327 2905 unquam
1350 2830 1412 2891 lieri
1434 2827 1573 2909 pdssant,
1604 2832 1696 2894 veluti
1717 2832 1782 2908 jam
1804 2848 1863 2890 con·

515 2920 665 2981 lectarum.
689 2917 749 2977 Sed
764 2916 837 2975 satis
852 2913 889 2973 de
912 2912 1043 2991 principa
1067 2916 1182 2975 animae
1205 2916 1361 2991 facultate3
1388 2918 1639 2978 veniamus'nunc'
1661 2919 1700 2978 ad
1717 2920 1862 2978 inferiores.

602 3004 866 3077 Facultasitaque
891 2998 990 3059 vitalis
1013 3002 1043 3057 in
1059 3001 1178 3061 bomine
1200 3018 1258 3062 non
1274 3002 1441 3065 harmonias
1456 3012 1570 3064 tantum
1586 3006 1674 3065 radiis
1698 3003 1805 3065 lucidis
1826 3008 1863 3061 iu-

517 3094 637 3154 rolntas
660 3106 759 3151 secum
781 3089 880 3160 babet,
902 3085 954 3147 sed
976 3090 1067 3145 etlam
1088 3086 1267 3161 barmoniae,
1291 3108 1428 3151 sonorum
1451 3094 1604 3169 speciebus
1627 3084 1814 3153 incrustatas.
1834 3090 1863 3148 Et

515 3198 604 3240 sonos
627 3179 746 3256 quidem
768 3177 888 3236 auribus
911 3174 1074 3251 hauritut
1088 3175 1235 3251 obiectum
1258 3180 1415 3257 proprium,
1449 3178 1546 3239 'radios
1569 3193 1638 3241 vero
1662 3179 1793 3241 siderum
1814 3194 1862 3235 nou

514 3274 549 3327 nt
570 3268 664 3327 oculis
688 3282 753 3339 eos,
785 3262 838 3323 sed
859 3270 894 3326 ut
916 3262 968 3319 illo
995 3262 1061 3337 ipso
1084 3266 1279 3341 perceptionis
1308 3265 1397 3343 paulo
1419 3256 1553 3343 superius
1576 3266 1741 3345 explicatae
1766 3268 1862 3327 obscu-

514 3356 586 3413 riori
607 3353 694 3414 modo
717 3352 860 3423 admittit,
889 3348 927 3407 ad
954 3346 1126 3409 barmoniae
1156 3358 1297 3410 connatas
1320 3352 1401 3413 ideas
1424 3356 1598 3414 examinat.¹
1625 3353 1703 3413 Nam
1726 3372 1771 3429 aa,
1796 3366 1860 3429 quat

514 3440 651 3501 videntur
673 3439 776 3511 oculis,
796 3439 931 3497 serviunt
953 3434 1106 3509 discursui,
1132 3436 1348 3499 harmoniarum
1371 3435 1482 3516 agnitio
1505 3444 1569 3500 sine
1592 3440 1724 3501 discursu
1749 3450 1802 3501 est.
1823 3438 1863 3497 sic

515 3530 647 3587 innatam
669 3544 733 3586 esse
755 3524 837 3609 pollo
859 3522 1024 3599 gallinaceo
1048 3524 1145 3583 ideam
1168 3525 1266 3601 milvi,
1302 3528 1401 3585 sciscit
1428 3524 1459 3589 J.
1484 3528 1516 3588 C.
1540 3524 1688 3605 Scaliger;
1717 3546 1777 3587 non
1809 3543 1861 3585 ean

515 3615 635 3692 quidem
657 3612 828 3689 simplicem,
852 3611 904 3671 sed
927 3625 994 3668 cnm
1016 3621 1088 3670 nota
1109 3611 1265 3689 fugiendae
1281 3614 1427 3689 perniciei.
1471 3614 1549 3675 Hinc
1572 3617 1660 3691 igitur
1682 3616 1795 3675 babent
1817 3614 1862 3671 boc

515 3706 631 3762 animae
653 3701 826 3773 humanae,
846 3696 927 3775 qnod
949 3696 1004 3756 snb
1027 3706 1144 3775 tempus
1166 3710 1338 3778 aspectuum
1361 3699 1541 3761 coelestium
1555 3705 1732 3779 praecipuos
1756 3704 1863 3779 capiunt

514 3792 640 3866 impetus
664 3788 702 3847 ad
724 3788 858 3865 negotia,
888 3802 969 3862 quae
997 3784 1055 3844 sub
1084 3787 1220 3846 manibus
1243 3787 1366 3860 babent,
1395 3790 1571 3867 peragenda.
1617 3788 1703 3864 Quod
1733 3793 1809 3850 enirn
1829 3794 1864 3845 est

514 3875 758 3948 bovi‘stlmnlus,
791 3889 869 3951 equo
893 3873 1063 3933 calcarent
1087 3874 1262 3948 celetismus,
1285 3876 1371 3933 militi
1394 3886 1564 3954 tympanum
1580 3884 1609 3935 et
1630 3876 1796 3948 classicum,
1818 3890 1863 3933 su·

515 3964 657 4024 ditoribns
681 3965 778 4023 oratio
800 3964 957 4035 incentiva,
981 3960 1085 4020 turbae
1107 3965 1281 4022 rusticorum
1304 3962 1465 4022 modulatio
1489 3980 1541 4041 per
1562 3958 1708 4036 fistulam,
1735 3960 1861 4023 utriculos

516 4058 546 4111 et
567 4051 761 4130 pandoram,
779 4049 839 4108 boc
858 4057 904 4108 est
924 4050 1087 4122 universis,
1121 4042 1279 4127 praecipue
1303 4066 1372 4110 vero
1395 4052 1424 4107 in
1447 4066 1537 4109 unum
1562 4052 1766 4128 congregatis,
1800 4065 1861 4107 con·

424 4176 428 4181 .
515 4129 652 4214 figuratio
675 4138 809 4200 coelestis
831 4136 1003 4196 idoneorum
1023 4136 1226 4212 planetarum
1258 4144 1290 4196 ut
1313 4146 1342 4197 et
1364 4128 1470 4213 singuli
1498 4140 1527 4195 in
1551 4141 1612 4197 suis
1628 4137 1858 4197 meditationibus

516 4227 670 4303 operisque
692 4228 857 4297 incitentur,
880 4232 910 4283 et
930 4226 1059 4282 universi
1083 4224 1121 4283 ad
1144 4225 1370 4300 conspirandum
1385 4224 1598 4301 sociandasque
1622 4224 1757 4285 dexteras
1772 4240 1860 4301 prom·

508 4316 604 4373 tiaras
626 4312 708 4373 flant
752 4312 858 4388 ltaque
880 4313 909 4369 in
933 4311 1038 4370 militia
1060 4311 1162 4371 videas
1184 4310 1356 4389 plerumque
1378 4310 1506 4389 proelia,
1536 4328 1666 4388 pugnas,
1690 4314 1857 4377 invasiones,

515 4398 660 4473 assultus,
687 4400 943 4475 expugnationes,
974 4396 1132 4470 tumultus,
1162 4400 1283 4476 panicos
1313 4410 1435 4458 terrores
1465 4400 1520 4458 sub
1543 4407 1675 4476 tempora
1697 4406 1857 4477 aspectuum

514 4486 620 4546 Mar‘tia
642 4493 673 4546 et
693 4486 847 4557 Mercurii,-
878 4484 967 4543 Jovis
990 4492 1020 4544 et
1041 4482 1164 4559 Martis,
1193 4484 1272 4545 Solis
1295 4494 1325 4545 et
1346 4485 1467 4559 Martis,
1497 4486 1613 4545 Saturni
1637 4492 1667 4545 et
1689 4486 1791 4545 Martis
1812 4492 1857 4542 etc.

515 4577 656 4649 existere3
688 4576 719 4631 in
742 4572 913 4651 epidamicis
936 4572 1044 4630 morbis
1075 4571 1174 4647 plures
1203 4580 1332 4651 tempore
1356 4573 1522 4632 validorum
1549 4576 1722 4650 aspectuum
1745 4572 1854 4632 docum-

514 4662 600 4735 bera,
631 4663 750 4739 gravina
772 4661 918 4735 torqueri,
950 4666 1003 4718 aut
1032 4662 1120 4718 etiam
1153 4661 1241 4733 mori,
1271 4669 1376 4719 natura
1404 4678 1445 4719 sc.
1469 4660 1620 4720 deliciante
1649 4662 1678 4717 in
1702 4660 1781 4719 ldcta
1802 4672 1857 4716 cun

514 4750 631 4823 morbo,
663 4748 701 4807 ad
725 4764 812 4824 quarn
834 4746 944 4804 luctam
974 4742 1043 4825 (non
1068 4762 1138 4805 rero
1161 4746 1198 4805 ad
1221 4744 1358 4829 mortem)
1378 4750 1524 4806 incitatur
1544 4748 1594 4823 -ab,
1614 4754 1743 4823 aspectu.
1764 4769 1767 4777 ’
1787 4744 1857 4819 Quae

515 4838 614 4896 omnia
634 4852 695 4894 non
717 4834 831 4894 coelum
854 4835 948 4911 ipsum
972 4834 1041 4892 lacit
1063 4834 1127 4892 sine
1150 4832 1264 4907 medio,
1293 4836 1345 4894 sed
1375 4836 1490 4894 animae
1518 4829 1644 4893 laculta'a
1667 4835 1779 4905 vitalis,
1802 4844 1856 4889 cum

514 4921 692 4983 coelestibus
715 4923 874 4981 harmoniis
896 4928 992 4997 opera¹
1008 4935 1064 4981 sna
1086 4924 1274 4989 consocians,
1304 4924 1498 4999 principatum
1528 4922 1607 4980 tebet
1629 4922 1658 4979 in
1681 4920 1750 4999 boc,
1775 4917 1856 4991 vulgo

515 5012 559 5087 sic
581 5009 669 5084 dicto,
691 5010 806 5069 influxu
827 5006 912 5068 coeli.
936 4991 1055 5068 Scilicet
1078 5008 1153 5068 baec
1176 5026 1234 5085 qox
1257 5008 1383 5068 influxus
1405 5010 1562 5069 lancinavit
1581 5006 1771 5085 philosophos
1792 5020 1856 5062 nou·

514 5095 631 5169 nullos‘,
662 5106 696 5155 nt
717 5110 784 5157 com
805 5096 971 5173 ineptiante‘
989 5090 1080 5171 vulgo
1103 5097 1160 5175 ipsi
1184 5098 1322 5170 insanire,
1360 5112 1448 5173 qnam
1477 5110 1592 5155 mecum
1614 5112 1716 5172 sapere
1739 5092 1853 5153 mallent

516 5182 647 5259 Quor‘nm
665 5201 736 5244 sana
759 5193 848 5261 quam
870 5182 984 5243 inllrrna
1005 5188 1052 5243 ast
1074 5190 1195 5242 catena:
1227 5190 1306 5243 astra
1333 5200 1420 5261 agere
1443 5178 1472 5241 i'n
1495 5186 1608 5257 adrem,
1641 5182 1719 5242 bunc
1740 5184 1769 5239 in
1789 5188 1854 5237 tcm-

513 5269 716 5351 peramentnm
737 5274 885 5349 corporis,
907 5261 965 5331 boc
982 5270 1047 5348 iam
1070 5273 1100 5329 iu
1121 5272 1258 5331 animam.
1303 5271 1375 5341 Esto
1397 5271 1454 5330 boc
1476 5272 1505 5328 in
1528 5268 1720 5347 quibasdam,
1742 5276 1773 5329 at
1792 5259 1852 5342 qnid
