4242 6384
795 747 885 806 Notae
902 746 1031 806 Editoris.
1524 758 1591 818 m

225 919 287 976 olis
313 922 428 993 quieta
446 927 509 979 ortu
519 919 669 992 mcum,
687 921 806 996 Atlantis
823 926 971 991 prospectu
987 921 1016 984 in
1033 920 1156 980 nebulas.
1175 923 1345 994 Διιίῑιιιιιιιι
1360 923 1513 1014 ᾱιιωψ
1530 925 1593 997 init,

225 999 287 1056 sies
312 1001 491 1057 salsissimos
509 1001 651 1072 quaesivit,
670 1001 806 1070 alleporiis
823 1002 864 1058 ita
874 1001 954 1069 lusit,
972 1009 1089 1070 atquae
1107 1008 1172 1058 sunt
1183 1003 1364 1062 mendacius
1381 1013 1594 1074 pemequoeew

225 1088 233 1134 t
253 1082 400 1136 crinibus
422 1081 551 1136 traham
586 1082 618 1136 In
642 1081 772 1138 imitando
796 1081 879 1138 verba
904 1080 961 1136 iere
984 1080 1092 1149 ungula
1115 1080 1234 1136 retinen
1256 1081 1381 1145 studuit,
1400 1083 1535 1140 mansura
1557 1084 1593 1140 sd

225 1174 294 1212 ram
319 1159 479 1216 materiam
516 1160 557 1214 ln·
570 1159 745 1229 problematis
763 1160 914 1216 scribendis
932 1159 1074 1230 paradoxa
1090 1159 1130 1214 illi
1148 1158 1294 1229 placuere,
1321 1159 1453 1219 Gallicam
1469 1162 1590 1234 hoscam

225 1253 282 1292 rae
307 1237 426 1294 Graeca
443 1237 614 1306 ffisoenmm,
633 1239 725 1296 studia
741 1239 881 1296 literarum
898 1254 959 1298 esse
977 1239 1085 1308 signum
1100 1239 1229 1296 interitus
1247 1240 1417 1306 (humanae.
1453 1241 1487 1297 ln
1505 1258 1592 1313 oppo-

225 1317 312 1372 endo
336 1331 482 1386 nunquam
494 1315 648 1388 quicquam,
665 1317 739 1386 quod
757 1335 812 1374 non
829 1318 869 1372 ita
886 1324 1019 1386 censeret,
1039 1317 1138 1376 attulit
1161 1319 1196 1372 In
1211 1318 1396 1374 describendis
1408 1320 1465 1375 suis
1477 1319 1593 1376 inventis

225 1413 336 1466 emper
351 1397 428 1451 aliud
441 1395 532 1450 intulit
542 1393 571 1450 is‘
582 1395 719 1461 mundum,
735 1412 816 1464 quam
828 1395 880 1450 fuit
891 1396 919 1452 iu
933 1395 1091 1464 exemplari
1127 1397 1296 1454 Mathemata
1307 1414 1374 1468 prae
1385 1398 1483 1454 ceteris
1495 1399 1593 1455 smdiis

225 1475 336 1530 mavit.
368 1475 400 1529 In
411 1473 585 1545 philosophia
602 1481 709 1528 textum
720 1475 874 1531 Aristotelis
891 1475 950 1544 ipae
962 1475 1042 1543 legit·
1059 1476 1235 1544 quesdones
1249 1478 1412 1549 cwacsipsit
1427 1478 1456 1533 in
1467 1477 1593 1550 Physica,

225 1554 327 1608 :thira
343 1553 405 1608 fere
423 1554 552 1625 neglexit,
571 1554 611 1610 sic
628 1559 657 1608 et
673 1553 771 1622 topicis
787 1552 919 1622 neglectis
938 1552 1075 1622 analytica
1090 1556 1243 1626 posteriora
1257 1559 1364 1620 sumsit.
1390 1557 1444 1614 Sed
1461 1556 1594 1614 Planctus

225 1637 369 1698 professor
384 1637 562 1701 philosophiae
581 1619 606 1687 st
622 1636 762 1686 medicinas
781 1634 957 1703 ‘l'ubingsnsisl
975 1632 1015 1688 illi
1032 1633 1080 1690 hic
1095 1633 1208 1704 placuit
1242 1635 1411 1706 In3physica
1427 1636 1594 1705 &thumum

225 1715 368 1781 aspexit.
403 1713 435 1773 In
453 1713 523 1768 libro
546 1717 643 1780 quarto
662 1710 846 1782 Meteororum
871 1711 990 1768 inhaesit
1014 1715 1163 1784 praecipue
1186 1713 1359 1784 disputando.
1394 1716 1428 1772 In
1444 1715 1595 1786 Theologia

225 1793 319 1846 tatim
342 1791 423 1847 initio
442 1791 476 1846 de
494 1789 741 1862 praedestinatione
759 1791 860 1860 incepit
878 1798 907 1846 et
924 1791 952 1846 in
970 1783 1086 1848 Lutheri
1103 1793 1264 1859 senteutiam
1282 1793 1317 1852 de
1329 1811 1407 1850 serso
1424 1795 1537 1853 arbitrio
1554 1795 1594 1852 iu-

226 1869 294 1924 idit.
341 1871 383 1926 Et
401 1870 513 1940 mirum,
541 1884 673 1926 annorum
696 1867 825 1924 tredecim
851 1869 960 1938 scripsit
978 1869 1145 1942 Tubispam,
1171 1879 1202 1928 nt
1219 1872 1373 1928 mitteretur
1389 1871 1431 1929 illi
1447 1873 1594 1942 disputatio

225 1949 247 2003 le
268 1946 553 2019 praedestinatione,
572 1947 645 2002 unde
662 1948 689 2002 in
709 1947 895 2019 disputatione
912 1949 1021 2020 quidam
1039 1967 1103 2006 enm
1118 1951 1158 2005 ita
1175 1951 1296 2006 vexavit:
1321 1951 1443 2018 budam,
1471 1953 1520 2022 buit
1537 1955 1593 2022 curi

225 2030 402 2084 entationes
420 2029 454 2084 de
473 2027 740 2098 praedestinatione?
776 2029 877 2085 Postea
898 2029 1014 2103 Lutheri
1035 2031 1199 2086 sententiam
1222 2030 1282 2098 ejas
1300 2029 1387 2087 libelli
1403 2032 1514 2088 missam
1531 2033 1597 2090 fecit

225 2117 244 2162 tt
264 2125 300 2164 se
322 2108 365 2162 ad
384 2109 530 2196 surptatem
548 2123 609 2164 cum
627 2108 739 2164 llunnio
767 2110 929 2178 composuit.
967 2110 1068 2166 Verum
1095 2109 1200 2168 suun.
1215 2110 1413 2166 controversias
1438 2110 1512 2168 alias
1535 2111 1595 2168 cu-

225 2187 372 2245 tinistica's
390 2203 549 2260 aggressus,
575 2186 743 2244 semodium
769 2187 946 2258 interposuit,
963 2188 1022 2244 ‘tali
1040 2188 1122 2244 modo
1148 2201 1267 2258 persona
1282 2187 1336 2242 Dei
1353 2187 1486 2259 conficta,
1510 2204 1592 2259 quem

225 2281 392 2334 sacramus
410 2267 499 2338 qualis
509 2267 562 2324 ‚sit
599 2267 644 2322 Sic
661 2265 693 2322 in
707 2268 790 2324 verbs
809 2283 942 2330 ‹manae›
962 2267 1154 2327 Hebraismnm
1170 2263 1334 2320 inducendo.
1362 2266 1430 2321 cnm
1446 2266 1594 2336 aliquando

225 2348 388 2418 etintendit,
415 2347 634 2404 antechristum
662 2355 689 2402 et
707 2349 742 2404 ab
766 2345 962 2416 antiquissimis
988 2347 1142 2418 ignoratam
1167 2344 1254 2403 fuisse
1279 2345 1521 2418 memactiopem,
1546 2345 1594 2402 ilio

225 2426 374 2484 duxerunt
391 2427 469 2483 illum
485 2427 633 2484 certamina
649 2423 780 2496 partium,
807 2425 862 2482 huc
878 2425 931 2482 loci
949 2425 1059 2488 obscuri
1077 2439 1216 2481 sacratum
1233 2422 1382 2482 hermam
1417 2424 1511 2495 Etiam
1527 2440 1593 2494 aaa·

225 2505 298 2560 tibus
320 2523 383 2560 non
401 2506 583 2562 omnimodam
601 2504 802 2570 damnationem
819 2504 987 2574 propositam
1005 2501 1182 2570 existimavit,
1204 2511 1295 2559 motus
1313 2500 1499 2572 speculatione
1515 2505 1595 2562 mise·

225 2584 369 2640 ricordiae
388 2583 504 2642 divinae.
539 2580 571 2640 ln
591 2583 708 2640 mathesi
726 2581 812 2638 multa
828 2582 942 2638 rimatus
960 2588 1014 2650 est,
1040 2580 1120 2649 quasi
1141 2596 1197 2639 uon
1209 2581 1275 2636 eint
1295 2581 1417 2652 memte,
1439 2599 1510 2653 qnae
1531 2591 1597 2654 post

225 2663 277 2729 ism
297 2663 497 2720 anteissenta
517 2663 602 2718 sidit..
629 2661 807 2734 Fmrolugium
829 2657 947 2718 coeleste
972 2658 1118 2730 confinxit,
1140 2665 1240 2719 notatu
1256 2659 1405 2730 theoriam,
1424 2668 1453 2716 et
1468 2653 1594 2733 inprimis'

226 2744 355 2814 quinque
373 2759 503 2814 corpora,
519 2741 645 2800 difficilia
664 2740 762 2798 omnia.
834 2799 837 2806 ,
1406 2780 1408 2785 .

315 2824 354 2878 In
376 2822 498 2878 historiis
522 2818 707 2886 hebdomades
725 2815 849 2875 Danielis
873 2815 952 2872 aliter
976 2814 1131 2885 explicavit
1171 2818 1277 2876 liorem
1298 2818 1460 2890 hsspdacae
1482 2837 1590 2878 monar-

227 2901 307 2958 chiae
326 2901 475 2956 historiam
492 2898 610 2968 scripsit,
630 2895 819 2956 calendarium
836 2895 989 2950 Romanum
1006 2895 1190 2969 investigarit.
1224 2897 1256 2953 In
1279 2898 1352 2954 omni
1368 2915 1469 2970 genem
1485 2901 1591 2972 proies·

230 2979 340 3036 sionum
361 2979 528 3049 disputando
546 2977 677 3048 inhaesit,
695 2975 829 3032 lectiones
847 2968 1002 3030 extrahens.

318 3060 369 3116 Sic
388 3060 470 3116 etiam
488 3061 598 3124 chartas
624 3057 738 3128 exiguas
762 3069 827 3110 ase
845 3051 962 3122 scriptus
980 3055 1144 3126 asservavit,
1171 3053 1261 3114 libros·
1274 3073 1452 3130 quoscunque
1464 3056 1595 3135 oblatos,

234 3141 370 3206 umnam
388 3139 471 3195 utiles
489 3139 554 3194 olim
573 3139 692 3205 futuros,
710 3133 847 3190 mordicus
865 3131 987 3194 retinnit.
1052 3209 1054 3214 ι
1423 3183 1441 3210 .-
1622 3148 1629 3172 ι

318 3218 448 3288 Tempus
463 3217 601 3280 minimum
626 3212 709 3270 dilabi
727 3228 808 3282 aegre
825 3211 902 3281 tulit,
925 3209 1057 3270 abstinuit
1080 3211 1221 3272 hominum
1243 3217 1381 3277 consortio
1405 3225 1501 3276 conns
1517 3217 1593 3290 cupi·

234 3293 334 3352 ditatas
355 3311 430 3356 suas.
465 3297 561 3354 Tenes
578 3297 607 3352 in
624 3311 654 3350 re
672 3293 831 3364 pecuniaria
849 3291 974 3362 nimiunn
992 3291 1021 3346 in
1039 3293 1200 3352 oeconomia
1217 3292 1330 3366 rigidus,
1350 3297 1593 3354 minutissimorum

236 3387 343 3443 censor,
368 3378 469 3446 quibus
486 3376 612 3434 omnibus
629 3382 738 3444 tempus
757 3373 917 3430 extrahitur.
953 3371 1070 3427 Laboris
1093 3373 1199 3430 interea
1215 3375 1448 3448 pertaesissimus,
1476 3377 1545 3434 adeo
1562 3383 1595 3434 at

236 3451 290 3508 sols
309 3457 464 3527 cupiditate
481 3455 639 3514 retineatur.
675 3454 713 3510 Et
731 3459 822 3508 tamen
839 3450 956 3522 pulchra
971 3455 1036 3506 sunt
1053 3466 1125 3522 quae
1142 3452 1260 3524 appetiit
1278 3455 1377 3526 omnia,
1395 3455 1590 3529 ouantemque

239 3535 435 3602 utplurimum
452 3535 505 3594 luit
522 3539 696 3592 consecutus.

321 3615 421 3672 Crusio
437 3629 490 3684 par
507 3613 648 3682 diligentia
665 3609 817 3678 minutula,
835 3607 929 3664 labore
948 3606 1030 3680 longe
1046 3607 1169 3680 inferior,
1182 3609 1287 3684 jndicio
1304 3611 1399 3682 maj0r.
1435 3611 1593 3672 habetabat

238 3691 280 3750 ille
297 3695 468 3765 colligendo,
486 3693 532 3750 hic
550 3689 715 3762 separando,
733 3687 780 3744 illa
797 3691 930 3754 rastrum,
948 3685 994 3744 hic
1012 3703 1124 3744 cuneus.
1164 3748 1168 3756 ,
1481 3722 1486 3741 ,
1555 3743 1560 3754 ,

320 3789 477 3847 Mercurius
500 3789 530 3856 in
553 3787 614 3842 Vll.
638 3785 806 3844 celeritatem
831 3791 861 3839 et
889 3782 992 3840 labens
1020 3784 1127 3855 odium,
1154 3784 1220 3854 qnia
1244 3785 1271 3842 is
1298 3801 1408 3857 quoquc
1434 3787 1593 3856 selonest,

243 3866 276 3942 Θ
300 3862 478 3946 ἰιιεοιιίιίἢ
497 3867 664 3940 diluentium
683 3873 711 3920 et
727 3864 911 3922 tenacitatem.
946 3863 1024 3920 llaec
1042 3863 1098 3918 duo
1115 3870 1182 3919 sunt
1197 3865 1227 3919 in
1242 3864 1353 3922 homine
1370 3867 1514 3938 costumia,
1531 3883 1593 3938 pes·-

241 3957 318 4016 petuo
335 3950 478 4022 pomdtere
494 3955 603 4016 tempus
622 3946 762 4007 amissum
785 3949 814 3998 et
830 3949 922 3998 amen
939 3957 1048 4012 semper
1064 3943 1190 4000 amittere
1209 3951 1317 4014 sponte.
1350 3945 1503 4002 hlutarius
1521 3949 1593 4003 enlm

241 4028 304 4096 iocis
329 4039 360 4087 et
380 4030 454 4086 lusui
477 4027 598 4085 deditum
623 4023 691 4080 lacit
712 4031 741 4080 et
764 4019 991 4079 delectatiumbns
1013 4023 1116 4092 ingenii
1138 4024 1166 4078 in
1184 4021 1267 4080 rebus
1284 4024 1440 4082 levioribus.
1475 4027 1546 4081 llam
1562 4027 1591 4082 in

245 4111 353 4178 poenica
370 4109 426 4166 luit
442 4108 515 4165 lusui
532 4105 735 4175 deditissimus3
753 4109 785 4158 nt
802 4099 935 4169 adolevit,
954 4099 1008 4156 alia
1025 4102 1143 4158 animum
1160 4097 1346 4173 delectabant,
1371 4104 1433 4167 aliis
1446 4104 1530 4174 igitur
1546 4105 1593 4161 de·

245 4187 309 4246 ditus
326 4191 389 4260 fuit,
407 4203 481 4258 ergo,
501 4199 571 4258 quae
589 4186 727 4242 hominem
744 4179 1036 4249 delectabantiudicii
1054 4188 1099 4237 est
1110 4189 1240 4240 statuere
1276 4183 1344 4238 (inm
1355 4191 1448 4240 autem
1459 4184 1593 4240 esaeias

245 4268 367 4334 paeoniae
391 4266 489 4323 slusa
507 4265 654 4340 dbsterret,
680 4278 764 4333 saepe
781 4273 875 4317 tecum
899 4261 977 4318 ludit.
1006 4261 1052 4352 ‚st
1075 4262 1241 4333 amacium,
1267 4265 1399 4320 tenacitas
1421 4272 1464 4319 est
1482 4264 1592 4320 non‘ad

248 4345 1029 4494 lt..'‘i.l.tl‘”ltt.t.ttltt?t.ldilit
1046 4340 1134 4487 “til
1152 4339 1593 4490 sublimitatis

250 4509 341 4562 sutem
380 4503 465 4559 Forte
482 4503 563 4560 etiam
580 4503 674 4563 ¹multa
691 4508 820 4560 mutatur
844 4497 934 4570 pudor
957 4497 1106 4566 epmtada.
1132 4497 1186 4554 Est
1209 4513 1310 4568 nempe
1330 4507 1461 4568 armatus
1483 4506 1513 4556 et
1528 4516 1592 4556 con·

250 4583 336 4638 temtos
351 4581 518 4652 indiciorum
535 4580 695 4652 vulgarium,
719 4587 763 4636 est
784 4595 883 4649 nempe
901 4577 937 4634 sd
959 4575 1029 4636 dura
1049 4577 1205 4634 inclinatus.
1241 4576 1337 4636 &osio
1358 4591 1423 4632 vero
1439 4575 1594 4634 Mercurius

251 4657 400 4720 insutione
417 4669 461 4718 est
482 4669 511 4718 et
527 4663 555 4716 in
580 4661 753 4732 oppositiohe
775 4658 893 4715 Saturni.
930 4656 1020 4713 Credo
1036 4655 1219 4725 hlercumum,
1243 4669 1299 4724 quo
1319 4653 1431 4710 liberior
1452 4654 1489 4711 sit
1508 4654 1593 4712 radiis

253 4738 364 4814 abtum,
387 4742 443 4804 hoc
461 4743 550 4798 minus
568 4747 727 4810 comptum
745 4736 900 4809 significare
915 4733 1064 4804 judiciam,
1089 4741 1122 4790 ut
1137 4741 1167 4790 et
1183 4734 1343 4792 accadens
1378 4735 1412 4790 E.
1428 4751 1455 4804 g.
1479 4735 1593 4812 aillar·

254 4821 342 4878 turium
360 4821 478 4892 adspicit
496 4821 643 4889 Saturnus,
667 4818 820 4888 infrigidat,
850 4823 882 4872 ut
900 4814 1032 4872 hebescat
1048 4813 1200 4884 maenium,
1224 4813 1386 4885 siinpitar,
1409 4813 1549 4871 humectat
1564 4823 1594 4871 ct

256 4899 361 4973 etms,
383 4901 441 4958 illic
463 4901 546 4972 igitur
569 4899 661 4956 omnia
677 4899 825 4956 mahumm
847 4896 883 4952 ad
904 4893 1126 4963 lucristndinm,
1151 4894 1197 4948 hic
1215 4893 1309 4950 omnis
1332 4892 1367 4949 ad
1384 4893 1527 4950 honorum.
1557 4894 1592 4958 di

257 4971 315 5036 litis
331 4980 457 5051 adspicit,
476 4986 508 5035 ut
525 4978 599 5050 mihi,
618 4978 729 5034 nimium
746 4982 840 5034 terret
875 4973 1043 5043 Praecipitat
1059 4972 1144 5043 igitur
1163 4971 1302 5039 ingenium
1322 4977 1352 5027 at
1369 4971 1405 5028 ad
1421 4973 1491 5030 ἰτιιιιι
1511 4973 1592 5046 rapit,

259 5055 378 5129 silum,
406 5059 442 5115 sd
460 5058 619 5126 varietates,
642 5056 706 5112 inde
723 5056 758 5112 ad
775 5055 921 5122 historias,
942 5051 1090 5126 tribalia,¹
1104 5049 1140 5106 ad
1158 5049 1309 5119 pacanda,
1332 5050 1368 5106 ad
1385 5051 1538 5116 audadsm,
1555 5051 1591 5107 ad

259 5139 501 5209 ”imeneorum
526 5152 598 5206 quae
614 5141 679 5192 nato
696 5134 788 5192 omaia
808 5131 948 5202 adjacent3
976 5132 1012 5188 ad
1030 5129 1285 5189 conmdcendam.
1312 5127 1347 5184 ad
1368 5127 1591 5200 impugnandum,

260 5211 287 5266 ll
298 5217 529 5288 reprehendendos
546 5225 642 5272 omnes
659 5213 776 5281 ordines,
795 5211 831 5270 ad
849 5211 957 5269 criticos
975 5227 1075 5268 mores.
1110 5209 1182 5268 Nam
1202 5207 1337 5274 notabile,
1360 5207 1490 5279 qmcpnid
1507 5209 1591 5267 homo
