4242 6384
785 752 869 811 unet
885 752 933 809 tv.
952 752 1041 827 ceput
1056 748 1079 809 i.
1343 714 1347 727 '
1539 764 1608 825 m

245 938 375 997 murima
398 936 646 1015 synphonunrm
668 933 774 995 entim
795 936 875 993 intus
896 934 927 991 in
948 934 1048 993 animo
1069 948 1124 995 auo
1145 933 1279 996 meditari
1294 936 1513 997 harmoniarum
1532 936 1608 999 dua-

245 1044 304 1085 mm
326 1025 505 1102 pluriumve
527 1040 650 1097 vocum,
680 1038 756 1099 ques
785 1030 883 1081 tamen
912 1022 1068 1084 introrsum
1098 1038 1156 1081 non
1180 1026 1298 1101 recipit;
1330 1030 1362 1084 at
1384 1026 1435 1085 ills
1457 1025 1609 1087 harmonia

244 1130 299 1172 non
322 1124 374 1171 est
398 1112 457 1173 ilio
479 1120 549 1173 actu
571 1108 706 1183 seuallh,
728 1125 784 1168 nos
806 1124 877 1169 raro
899 1106 936 1167 ds
960 1108 1075 1169 sensilis
1098 1112 1226 1171 essentia
1248 1110 1404 1188 loquimur.

329 1197 448 1273 Qualis
469 1216 541 1260 sero
563 1205 609 1259 est
631 1196 683 1257 illa
704 1194 858 1273 receptio?
887 1212 984 1254 nonne
1006 1198 1087 1271 soni,
1112 1204 1145 1256 ut
1166 1199 1301 1276 exemplo
1324 1202 1432 1261 notiori
1455 1206 1521 1259 utar
1542 1200 1609 1262 loco

244 1290 396 1359 omniurn,
432 1294 563 1364 perstent
584 1286 655 1345 ioris
678 1291 760 1344 extra
791 1300 877 1343 aures
900 1285 929 1340 iu
952 1286 1036 1358 aiirs,
1067 1290 1097 1343 at
1118 1292 1187 1344 ants
1209 1302 1298 1346 sonos
1326 1293 1423 1347 motus
1446 1304 1608 1365 corporum,

245 1372 280 1432 ad
302 1390 442 1450 quorum
465 1375 661 1451 quantitatem
681 1373 748 1439 soni
769 1368 953 1446 sequuntur?
974 1386 1072 1429 nonne
1094 1372 1115 1427 ii
1138 1380 1258 1432 manent
1280 1376 1308 1431 in
1331 1376 1392 1433 suis
1415 1374 1609 1452 corporibus?

245 1460 400 1535 quomodo
434 1478 505 1538 ergo
531 1456 760 1537 ingrediuntur?
802 1453 995 1534 Respondso,
1027 1461 1133 1535 partim
1164 1460 1293 1537 agendo,
1321 1464 1427 1539 partim
1448 1463 1608 1539 patiendo,

243 1548 379 1624 agendo,
415 1548 496 1609 dnm·
509 1550 623 1625 'speeies
645 1548 799 1618 emittant,
828 1544 947 1622 pulsata
968 1552 1066 1605 motus
1089 1548 1152 1627 sui,
1181 1562 1283 1619 sonos,
1318 1548 1416 1609 lueida
1437 1549 1561 1609 luminis·
1580 1557 1609 1609 et

245 1635 349 1695 eoloris
372 1638 444 1711 sui,
474 1635 591 1708 udins,
621 1642 651 1694 et
672 1636 750 1693 sicut
769 1630 933 1708 loquimur,
963 1650 1028 1693 cum
1054 1634 1171 1709 objecta
1193 1634 1316 1695 dicimus
1346 1652 1465 1696 movero
1488 1654 1608 1713 sensus3

242 1739 363 1783 morere
389 1740 468 1784 vero
488 1730 535 1783 est
556 1738 658 1798 agere,
689 1718 829 1797 patiendo
859 1734 929 1783 reru
959 1736 1018 1778 non
1051 1722 1135 1797 ipsas
1162 1738 1281 1799 reaper
1303 1740 1350 1793 se,
1379 1723 1432 1784 sed
1454 1724 1608 1801 speciebus

244 1812 317 1882 suis,
346 1826 437 1887 quae
467 1809 537 1869 dum
557 1811 738 1881 sentiuntur,
769 1815 983 1880 memorantur,
1013 1818 1234 1885 comparantur,
1265 1828 1379 1889 semper
1403 1810 1514 1887 aliquid
1544 1814 1609 1889 pati

245 1897 355 1955 debent
380 1916 422 1957 ex
444 1914 502 1957 usu
524 1895 672 1973 loquendi.
712 1896 756 1953 lit
778 1896 896 1954 omnino
923 1892 997 1954 haec
1018 1896 1084 1972 ipsa
1106 1896 1229 1955 duorum
1258 1900 1446 1957 terminorum
1468 1898 1608 1959 adunatio

248 1987 274 2041 in
295 1988 422 2059 urimo,
452 2002 504 2065 per
525 2000 614 2060 quam
636 1981 760 2043 resultat
780 1983 908 2043 essentia
930 1980 1099 2041 harmonias
1122 1982 1284 2063 sensibilis,
1312 1987 1406 2062 ipsum
1429 1986 1541 2046 seilicet
1562 2004 1609 2047 re·

247 2071 308 2129 terri
339 2080 374 2131 et
409 2072 574 2151 comparari
603 2079 649 2130 sst
674 2070 763 2131 rebus
787 2069 911 2145 junctim
934 2071 1037 2127 sumtis
1068 2068 1127 2131 tale
1149 2074 1316 2151 quippiam,
1348 2072 1435 2149 quale
1458 2076 1609 2152 quippiam

248 2167 287 2217 est
305 2160 405 2219 rebus
428 2159 552 2235 singuiis
574 2157 676 2229 rideri,
699 2154 803 2229 audiri,
827 2172 922 2231 eoque
942 2156 1038 2215 minus
1055 2158 1152 2245 etiam.
1198 2157 1272 2217 Sunt
1293 2162 1401 2245 quippo
1422 2160 1609 2221 haecomnia

249 2248 407 2322 passiones
431 2246 592 2323 quasdam
617 2244 854 2328 seduaequirocs
876 2242 987 2315 dictes,
1010 2260 1117 2321 magno
1140 2246 1361 2323 significationis
1383 2248 1505 2311 ambitu.

330 2333 399 2395 Sed
423 2336 636 2393 constituamus
658 2331 766 2408 gradus
788 2332 988 2409 passionum·
1011 2330 1142 2391 Primum
1172 2336 1281 2411 patitur
1304 2335 1386 2395 verbi
1409 2352 1499 2395 caum
1519 2352 1609 2417 aqua,

250 2436 311 2479 cum
341 2420 467 2497 egelida
497 2424 626 2481 existens
654 2419 773 2495 ignibus
800 2416 927 2477 admotis
958 2411 1091 2496 tepesc'it.
1138 2412 1219 2479 iliter
1241 2421 1423 2497 significatus
1452 2424 1514 2500 pati
1537 2422 1608 2484 dicit

251 2507 414 2582 humorem,
439 2526 505 2568 cum
526 2506 639 2583 aliquid
668 2508 733 2583 agit
753 2508 830 2583 ipse,
855 2505 917 2563 scil.
940 2504 1137 2567 humectando
1164 2506 1259 2581 mia,
1290 2524 1358 2568 nam
1381 2526 1449 2587 pars
1472 2510 1536 2586 ejus
1558 2528 1608 2571 ra·

251 2598 323 2668 piror
345 2599 378 2652 in
405 2604 523 2658 mestus
543 2597 682 2655 exsiccati
706 2592 793 2669 eique
814 2594 968 2665 miscetur,
999 2588 1079 2669 quod
1108 2603 1153 2653 est
1174 2596 1251 2671 pati;
1281 2596 1325 2656 elo
1347 2603 1377 2660 et
1399 2598 1510 2673 patitur
1530 2614 1609 2674 aqua

251 2698 312 2739 rum
334 2691 493 2758 gustatur,
524 2690 637 2759 partem
660 2682 737 2740 euim
760 2666 885 2756 deglutit
906 2674 1076 2741 siticulosus
1100 2681 1272 2757 digeritque.
1319 2682 1377 2743 Sed
1406 2686 1493 2744 tertio
1519 2687 1608 2745 etism
1728 2702 1731 2712 ·

253 2770 417 2843 significatu
442 2772 551 2847 patitur
573 2786 652 2845 aqua
673 2770 703 2825 in
726 2775 853 2842 gustatu,
876 2783 942 2827 curn
964 2764 1107 2850 elingua
1128 2770 1233 2829 saltem
1256 2773 1441 2843 contingitur,
1464 2788 1522 2830 non
1540 2781 1608 2833 tsn-

254 2863 309 2913 tum
331 2861 408 2933 qula
421 2857 550 2934 'linguas
573 2856 671 2915 calore
693 2855 800 2925 caisiit,
823 2872 888 2913 cum
903 2856 976 2931 -ipsa
996 2872 1050 2913 suo
1073 2855 1179 2933 frigore
1202 2854 1333 2932 linguam
1355 2858 1529 2934 trigeiacist,
1552 2876 1608 2920 neo

257 2952 362 3004 unium
386 2944 467 3017 ideo,
490 2946 562 3020 qnia
576 2943 678 3013 haeret
698 2940 810 3018 aliquid
832 2958 927 3018 aquae
947 2944 979 2999 in
1001 2942 1111 3018 lingua,
1134 2940 1186 3003 sed
1202 2945 1372 3022 simpliciter
1395 2948 1465 3021 quis
1480 2950 1609 3024 tangitur

256 3031 410 3108 elingua,
441 3031 521 3107 quod
542 3038 588 3091 est
615 3032 700 3106 quasi
723 3030 871 3089 lenissime
901 3029 979 3089 ieriri
1007 3038 1058 3088 aut
1088 3031 1198 3107 pulsari
1228 3040 1278 3091 tut
1301 3032 1427 3111 impelli,
1456 3033 1533 3111 unde
1563 3041 1609 3093 est

258 3124 346 3177 notus
368 3118 477 3183 localis
499 3119 626 3195 partium
654 3119 683 3174 in
706 3124 789 3191 toto;
810 3120 922 3175 moveri
942 3124 1082 3177 seruent
1103 3120 1175 3195 pati.
1221 3117 1349 3193 Quartus
1371 3128 1435 3180 estc
1458 3120 1608 3197 significa-
1685 3122 1689 3133 ’

258 3210 314 3277 tus,
345 3224 411 3283 quo
434 3208 496 3285 pati
521 3205 628 3265 dicitur
648 3220 740 3280 aqua,
770 3220 835 3263 oum
863 3206 970 3262 smisso
993 3218 1102 3282 sapore
1129 3206 1194 3265 ierit
1220 3224 1306 3267 narse
1336 3208 1518 3286 odoratuque
1541 3224 1608 3286 per·

260 3293 367 3367 cipitur,
390 3295 503 3372 percipi
526 3299 625 3353 autern
647 3299 693 3351 set
713 3294 791 3369 pati3
821 3300 851 3351 at
872 3290 921 3351 hic
943 3292 1063 3368 quidem
1084 3295 1195 3369 patitur
1220 3304 1278 3353 non
1301 3297 1379 3372 ipsa,
1410 3295 1462 3355 sed
1485 3296 1608 3356 effluxae

259 3378 315 3452 ejus
336 3398 513 3459 corporeus,
543 3396 603 3456 qua
623 3381 762 3455 passione
784 3380 873 3438 etiarn
895 3378 1058 3437 absumitur
1088 3380 1152 3455 eius
1174 3380 1294 3457 ailquid.
1341 3382 1467 3459 Quintus
1489 3384 1607 3461 gradus,
1655 3385 1659 3393 '

260 3480 310 3538 quo
332 3472 397 3545 pati
422 3467 598 3543 intelligitur
618 3482 705 3543 aqua,
728 3483 794 3525 cum
816 3468 955 3543 strepitus
978 3466 1043 3542 ejus
1063 3467 1196 3527 auditura
1219 3470 1343 3546 primum
1359 3473 1436 3531 snim
1451 3472 1608 3547 ipsasque

262 3552 285 3607 in
307 3564 389 3614 motu
414 3562 475 3628 est,
505 3550 750 3641 deindex'species
774 3556 967 3613 immateriata
994 3570 1106 3630 aquae,
1140 3564 1173 3615 ut
1198 3563 1349 3631 moretur,
1379 3556 1548 3617 didnnditur
1570 3559 1608 3617 ab

262 3640 318 3715 ipsa
345 3645 376 3701 in
409 3658 526 3703 omnem
554 3642 695 3702 ambitum
723 3642 918 3717 recipitnrque
947 3642 978 3698 in
1000 3648 1115 3701 meatus
1144 3644 1276 3719 aurium,
1303 3644 1377 3705 haec
1406 3648 1536 3723 receptio
1565 3652 1609 3705 sat

264 3732 352 3801 passio
375 3746 437 3790 nou
458 3730 554 3807 ipsius
574 3744 689 3806 aquue,
719 3728 770 3787 sed
793 3730 900 3805 speciei
923 3728 1001 3804 ejus,
1024 3746 1077 3787 ssu
1101 3728 1243 3789 defluxus
1257 3732 1321 3807 ejus
1345 3734 1547 3805 immateriati,
1580 3738 1609 3792 at

263 3812 368 3877 inhao
398 3819 568 3894 receptione
596 3815 764 3891 deperditur
793 3815 904 3891 aliquid
932 3823 1062 3893 tempora
1100 3822 1130 3876 ct
1156 3816 1372 3897 multiplicitate
1398 3821 1607 3896 receptionum.

263 3898 328 3960 liam
349 3904 485 3965 obtusior
506 3911 552 3963 est
573 3916 678 3977 sonus,
707 3904 759 3979 qui
781 3918 904 3979 magnae
926 3902 1121 3961 multitudinis
1150 3906 1269 3963 auribus
1300 3914 1351 3965 aut
1373 3907 1506 3967 vestibus
1528 3908 1607 3967 acci·
1671 3912 1675 3921 ⁴

264 3984 307 4059 dit,
328 4000 379 4051 aut
402 3994 455 4068 qui
478 3993 552 4053 inter
574 3992 664 4050 nirss·
682 3989 850 4052 decidentes
873 3992 1022 4049 emittitur.
1069 3988 1172 4064 Sexto,
1196 3993 1283 4050 etiam
1308 4006 1371 4053 eum
1384 3993 1500 4053 videtur
1522 4011 1609 4070 aqua,

266 4072 361 4135 datitm
382 4076 512 4154 aliquid:
535 4078 643 4137 emittit
663 4095 692 4136 ιι.
716 4094 734 4137 a
756 4077 909 4155 superficie
933 4076 990 4136 rel
1003 4079 1098 4152 quasi,
1121 4079 1255 4137 nimirum
1279 4096 1297 4137 a
1315 4078 1462 4139 coloribus
1484 4083 1556 4154 suis,
1578 4084 1608 4140 iu

267 4174 395 4236 utentum
420 4166 564 4237 colorata,
586 4166 686 4225 radios
708 4164 746 4225 sd
769 4164 901 4237 oculum,
924 4166 976 4239 qui
997 4162 1071 4235 radii
1093 4170 1265 4240 tanguntur,
1290 4169 1535 4245 repercutiuntur,
1559 4184 1608 4231 re·

267 4251 443 4326 qringuntnr,
465 4262 610 4328 eoguntur
630 4252 668 4312 ad
690 4260 840 4331 punctum,
863 4253 1047 4330 excipiuntur
1068 4268 1087 4311 a
1106 4252 1245 4311 ratiiormi
1268 4255 1367 4315 tunica
1390 4256 1500 4327 coacti,
1532 4272 1608 4331 quae

268 4335 445 4400 tomuissent
459 4342 692 4418 passionesnon
707 4341 800 4417 ipsius
822 4355 929 4416 equas,
950 4339 1002 4399 sed
1023 4340 1132 4415 speciei
1152 4341 1363 4402 immateriatae
1385 4360 1436 4403 seu
1452 4341 1607 4403 radiorum.
1668 4402 1671 4409 ,

271 4420 301 4481 ir
317 4425 346 4484 hi
367 4426 444 4487 radii
462 4427 525 4503 ism
547 4428 577 4485 in
600 4426 656 4486 hac
678 4430 844 4505 receptions
865 4426 938 4485 nihii
961 4425 1101 4505 perdunt,
1129 4444 1224 4504 nequa
1247 4427 1320 4489 loeis
1342 4446 1437 4506 nsqns
1460 4437 1608 4508 tempor03

272 4523 365 4574 remoto
388 4516 467 4574 snlru
494 4513 573 4589 quod
596 4516 707 4594 tangit,
738 4523 862 4591 pergunt
892 4513 1015 4574 ulterius
1044 4516 1163 4591 penitus
1195 4514 1316 4592 illibati,
1346 4516 1425 4594 quod
1457 4534 1516 4577 nou
1539 4517 1609 4577 iacit

272 4612 353 4659 mons.
397 4600 541 4679 Septimo,
565 4609 721 4678 postquam
737 4600 799 4660 hae
822 4603 934 4679 species
961 4604 1117 4677 ipsumque
1139 4601 1214 4662 adso
1244 4620 1348 4681 corpus
1371 4620 1466 4679 aquae
1489 4606 1518 4662 in
1542 4620 1608 4664 cor·

273 4683 353 4757 iores
364 4706 504 4749 sensuum
526 4692 721 4747 instrumenta
741 4692 825 4765 prius
844 4687 957 4764 aliquid
980 4693 1116 4765 egerunt,
1141 4688 1190 4748 ilis
1212 4706 1252 4749 sc
1276 4692 1332 4750 sibi
1355 4692 1539 4751 conformiter
1561 4692 1608 4751 ‘ai-

274 4767 384 4837 ftttrunt
411 4777 528 4852 sibique
551 4774 767 4847 assimilatum,
798 4782 830 4833 nt
858 4782 890 4835 ut
911 4769 1030 4851 linguas
1060 4782 1090 4834 st
1113 4778 1188 4835 outie
1217 4778 1435 4839 membranulas
1465 4778 1556 4855 irigus
1580 4786 1609 4839 et

277 4872 397 4937 teporem,
419 4865 533 4925 narium
553 4863 674 4939 spiritus
697 4861 817 4923 odoram
840 4864 1029 4941 perceperint,
1051 4864 1171 4939 spiritus
1188 4864 1323 4924 auditorii
1340 4866 1404 4940 sius
1426 4862 1608 4943 sonitu'per·

278 4952 399 5023 want,
429 4952 530 5013 suoru
562 4950 627 5025 ejus
654 4949 719 5010 inea
742 4948 921 5023 colluceant,
952 4952 1053 5025 ltaque
1076 4958 1164 5027 typus
1193 4958 1222 5010 et
1250 4952 1448 5029 speciesejus
1478 4956 1609 5013 sensoria

279 5028 344 5095 inerit
361 5039 495 5109 tornsts.
519 5044 607 5114 quam
630 5036 708 5097 oculi
731 5044 809 5097 certa
833 5038 1067 5114 circumgestaut,
1091 5039 1179 5099 etiarn
1202 5038 1303 5099 ablata
1317 5038 1379 5114 illa,
1402 5055 1491 5119 saepe
1514 5042 1607 5101 inrito
1726 5073 1728 5084 ·

280 5112 391 5185 bonine:
410 5126 474 5201 jsrn
497 5124 554 5185 hac
575 5126 690 5203 species
711 5124 834 5185 senates
855 5124 895 5184 ab
917 5135 1056 5184 sensuum
1079 5125 1234 5185 restibulis
1256 5144 1307 5187 ssu
1331 5126 1448 5187 orificiis
1463 5130 1609 5205 recipiun-

284 5211 320 5264 tu
336 5212 489 5275 inum
514 5228 567 5291 per
588 5213 650 5271 rim
676 5214 955 5292 repraesentativum
987 5228 1039 5273 seu
1061 5212 1291 5292 phantasticam,
1323 5223 1538 5292 cognoscuntur
1558 5232 1610 5303 per
