4242 6384
533 786 598 844 tuo
731 817 735 833 ·
1003 776 1170 848 Appendicls
1187 775 1413 833 harmonicorum

533 961 563 1019 iu
585 965 673 1018 cautu
697 969 766 1018 vero
788 951 948 1014 secandum
972 955 1061 1030 duos,
1092 955 1172 1032 quod
1195 956 1349 1018 discrimen
1368 955 1536 1033 ,diiigenter
1556 953 1701 1016 inculcari
1725 954 1788 1012 libro
1803 954 1843 1012 ll.

533 1045 583 1104 lol.
608 1045 679 1102 228.
725 1042 762 1100 Et
791 1039 861 1116 quid
892 1041 1016 1102 multis?
1059 1043 1120 1102 Res
1143 1047 1209 1120 ipsa
1230 1043 1373 1119 loquitur:
1404 1043 1532 1102 humana
1564 1060 1621 1100 nox
1648 1041 1761 1102 saltibus
1778 1044 1845 1099 nte-

533 1129 614 1190 valla
636 1139 779 1208 permeat,
811 1145 868 1186 non
899 1131 1030 1190 tensione
1059 1133 1216 1203 continua,
1240 1130 1425 1207 planetarum
1446 1139 1544 1189 motus
1576 1147 1613 1189 ex
1640 1130 1769 1188 cclcrihm
1791 1129 1847 1185 tardi

531 1217 604 1278 liunt
627 1219 759 1276 tensione
782 1218 930 1288 contiuua,
954 1233 1012 1276 non
1035 1217 1130 1293 saltu;
1160 1235 1221 1294 oua
1243 1221 1401 1294 negatione
1424 1217 1542 1278 sublata
1564 1226 1611 1276 est
1631 1219 1724 1276 omnis
1743 1231 1850 1274 morsm

434 1309 436 1314 ’
536 1307 712 1381 temporaria
728 1303 889 1362 durationis
905 1303 1037 1378 ejusdem
1052 1305 1220 1365 celeritatis.
1264 1303 1345 1378 Hoc,
1370 1306 1426 1366 hoc
1451 1323 1540 1364 unum
1562 1313 1623 1378 est,
1646 1302 1773 1374 Rohsrte,
1792 1303 1851 1376 quod

536 1393 623 1452 selim
652 1395 682 1449 in
711 1391 841 1449 divinam
866 1392 973 1466 ingenii
1005 1393 1047 1450 tui
1078 1395 1137 1451 rim
1165 1393 1293 1468 penitius
1315 1411 1381 1453 esse
1406 1395 1599 1464 transfusum,
1630 1391 1742 1450 rideres
1768 1391 1852 1454 suta

532 1497 621 1556 quam
643 1481 860 1558 impertinentes
883 1487 1086 1552 comparentur
1108 1482 1183 1538 inter
1204 1498 1238 1539 se
1260 1489 1406 1558 tempora,
1435 1478 1564 1554 periodis
1585 1476 1764 1554 planetarum
1790 1479 1855 1533 attri·

532 1567 614 1628 bula.
659 1566 805 1642 Tempora
828 1566 905 1622 euim
927 1565 1000 1627 nihil
1023 1575 1091 1624 surrt
1113 1570 1169 1630 nisi
1191 1583 1343 1642 numerus,
1374 1586 1428 1627 nee
1450 1574 1618 1626 mensurant
1646 1583 1682 1624 sa
1704 1565 1855 1624 durationem

534 1656 684 1714 uniformia
707 1669 758 1730 per
780 1659 878 1728 partes
901 1661 1014 1724 motus;
1037 1653 1147 1712 lalleris
1162 1655 1219 1724 hic,
1243 1655 1379 1727 liuberte,
1402 1657 1602 1729 tenaciusque,
1625 1669 1715 1727 quam
1731 1651 1855 1724 huicape·

532 1742 675 1800 calatiani
705 1739 864 1808 conducet,
898 1739 1041 1798 adhaeres
1063 1741 1269 1817 aequabilitati
1299 1755 1449 1814 motuum,
1481 1759 1571 1818 quum
1593 1741 1683 1798 tradit
1708 1739 1856 1800 sahoaon'n

534 1837 637 1902 vetus3
660 1827 729 1886 hinc
751 1833 808 1898 est,
832 1825 911 1900 quod
934 1825 1113 1886 celeritatem
1135 1830 1278 1904 cujusque
1300 1831 1441 1890 aestimas
1462 1845 1498 1888 ex
1521 1835 1651 1903 ternpore
1675 1825 1791 1896 reditus,
1814 1841 1856 1881 non

534 1919 622 1992 igitur
645 1931 759 1974 mecum
783 1915 811 1970 in
834 1911 932 1986 globis
956 1915 1026 1988 ipsis
1050 1913 1248 1990 planetarum,
1277 1916 1331 1974 sed
1353 1933 1419 1976 num
1440 1918 1632 1990 scriptoribus
1660 1913 1822 1972 theoriarnm
1838 1923 1858 1966 et

533 2021 600 2062 cum
622 2000 782 2061 Aristotele
806 2003 834 2056 iu
859 2004 1041 2060 concentrico
1068 2005 1200 2076 versaris,
1224 2007 1275 2078 qul
1297 2004 1441 2078 cujusque
1463 2002 1600 2078 planctae
1621 2012 1753 2078 systema
1772 1998 1857 2058 claudit

533 2091 661 2150 exterius
691 2089 838 2163 vellitque.
884 2087 975 2163 Atqui
1008 2097 1070 2146 toto
1099 2091 1143 2148 sic
1171 2100 1283 2150 erratur
1311 2091 1410 2162 coal03
1441 2089 1592 2165 rejiciendi
1617 2098 1690 2146 sunt
1719 2105 1755 2146 ca
1783 2088 1858 2144 anino

531 2177 627 2236 fictitii
656 2176 756 2246 orhes,
790 2173 1024 2250 amplectendum
1052 2192 1089 2234 cx
1115 2175 1183 2236 libri
1210 2181 1268 2236 rusi
1293 2176 1329 2236 V.
1359 2181 1455 2253 capite
1479 2181 1508 2235 3.
1532 2178 1649 2236 axioma
1673 2176 1705 2236 c.
1735 2172 1784 2230 tol.
1804 2175 1859 2231 lit.

532 2280 591 2324 non
615 2265 685 2338 quia
708 2262 737 2320 id
760 2262 877 2320 axioma
900 2278 996 2320 rueum
1018 2269 1073 2332 est,
1095 2264 1147 2322 sed
1170 2266 1242 2340 quia
1263 2267 1340 2323 ratio
1363 2266 1524 2324 certissima
1546 2263 1720 2323 coelestium
1741 2261 1860 2318 ohserva-

534 2353 647 2408 tionum
669 2348 706 2422 ad
730 2347 858 2408 calculos
882 2357 1021 2408 revocata
1043 2347 1080 2407 dc
1103 2352 1256 2424 ipsissimis
1279 2351 1462 2428 planetarum
1485 2351 1656 2427 corporibus
1673 2356 1803 2417 testatur,
1823 2361 1860 2402 rr

532 2455 596 2496 rum
627 2437 848 2522 esseaxioma.
895 2434 992 2510 Quare
1024 2437 1081 2494 etsi
1108 2437 1181 2496 nihil
1211 2438 1297 2515 plane
1329 2439 1469 2498 dixissem
1500 2441 1531 2503 in
1553 2437 1750 2512 explicatione
1779 2443 1859 2492 motin

533 2525 653 2584 humani
675 2523 711 2582 de
733 2525 875 2582 mensuris
898 2531 1069 2598 temporum,
1092 2524 1190 2582 nullus
1211 2526 1280 2584 hine
1302 2543 1381 2584 error
1403 2529 1433 2584 in
1454 2527 1562 2584 librum
1577 2525 1614 2583 V.
1638 2527 1730 2598 inque
1752 2530 1858 2580 conam

533 2613 714 2689 perationem
736 2619 868 2668 motuum
890 2609 1060 2669 coelestium
1084 2611 1281 2672 harm0nicam
1304 2613 1488 2673 redundaret

620 2697 673 2756 Ad
696 2695 880 2774 Anslysiu
905 2696 956 2754 Vl.
1002 2697 1068 2756 Non
1090 2697 1172 2756 solus
1194 2717 1265 2775 ego,
1297 2699 1443 2772 Roberte,
1474 2699 1596 2758 minima
1627 2693 1785 2754 intervalla
1811 2709 1861 2768 pro

533 2787 671 2844 nunciavi
694 2784 830 2856 dissona,
861 2783 934 2842 dixit
956 2782 1033 2842 idem
1061 2794 1130 2844 ante
1151 2803 1199 2845 mc
1221 2787 1409 2847 Ptolemaeus
1440 2801 1601 2860 omnesque
1629 2782 1706 2842 adeo
1730 2784 1861 2856 scriptore

533 2873 703 2932 harmonici.
750 2870 825 2930 Vide
854 2887 891 2930 nc
913 2872 1019 2930 trustra
1046 2879 1075 2930 ts
1098 2873 1261 2949 profitearis
1291 2884 1465 2934 assertorem
1488 2876 1691 2947 audquornm,
1726 2878 1759 2928 ut
1789 2881 1863 2928 conta

535 2975 610 3036 quos
633 2959 681 3018 hic
703 2958 779 3018 ultro
803 2975 927 3034 pugnas.

621 3045 680 3106 Sed
709 3046 823 3121 explica
852 3053 904 3106 tua
932 3046 1078 3103 conuaria
1104 3055 1285 3121 argumenta.
1344 3046 1373 3126 l)
1400 3047 1516 3120 Tonas,
1545 3047 1605 3116 ais,
1642 3051 1715 3102 torro
1746 3048 1863 3102 maranti

535 3151 630 3208 nsque
651 3140 816 3207 temperato
839 3133 881 3192 od
902 3133 1077 3192 otthonum.
1123 3131 1214 3192 Ludis
1244 3137 1505 3210 aequivocatione,
1536 3143 1624 3192 tonus
1646 3129 1694 3190 hie
1727 3130 1781 3188 tihi
1810 3125 1864 3184 idea

536 3229 581 3278 est
609 3219 689 3296 quod
718 3233 824 3290 sonus,
857 3220 996 3277 terminus
1025 3235 1078 3294 pro
1111 3219 1275 3280 intervallo.
1321 3222 1395 3282 Cum
1424 3222 1500 3280 duae
1530 3217 1658 3280 chordae
1686 3217 1800 3276 iaciant
1818 3214 1865 3270 nni

539 3323 661 3378 sonum,
685 3305 871 3365 intervallum
896 3305 944 3364 hic
967 3304 1080 3364 nullum
1102 3315 1148 3364 cst
1171 3325 1266 3384 eoque
1287 3325 1346 3368 non
1371 3318 1470 3386 potest
1491 3307 1548 3366 dici
1570 3315 1673 3377 tonus3
1701 3313 1790 3362 tonas
1809 3302 1866 3360 eurr

537 3400 696 3477 estonum
727 3411 761 3452 ex
791 3392 962 3452 intervallis.
1009 3393 1049 3450 At
1078 3392 1238 3454 harmonici
1267 3403 1369 3455 tonum
1391 3397 1542 3455 dissonum
1571 3393 1672 3452 dicunt
1692 3387 1866 3453 narrator

537 3480 623 3556 eujus
654 3479 729 3538 duae
759 3497 863 3552 voees,
897 3491 966 3538 tono
996 3479 1154 3552 distantes,
1185 3484 1259 3541 inter
1286 3501 1319 3542 sa
1342 3483 1503 3542 incontra
1549 3485 1583 3556 2)
1607 3479 1807 3538 Sanitoninra
1827 3473 1867 3530 ol

535 3565 634 3625 ditum
662 3567 831 3626 harmoniis
859 3567 1017 3626 nonnulis
1042 3569 1120 3642 facit
1148 3569 1245 3626 aliam
1273 3571 1489 3644 harmoniam
1526 3583 1692 3627 somonam
1725 3567 1818 3640 ἐρίων
1840 3569 1866 3616 at

534 3653 742 3714 bauroollum.
789 3653 940 3726 Effectum,
964 3653 1101 3726 lieberto,
1123 3671 1182 3714 non
1203 3664 1283 3715 recte
1305 3658 1473 3742 considerap
1496 3672 1548 3732 pro
1564 3670 1663 3714 musa
1710 3650 1786 3710 Sunt
1799 3653 1867 3705 inter·

533 3739 616 3802 valla
638 3743 845 3800 consonantias
869 3739 1095 3814 distinguentia,
1127 3759 1228 3818 aquo
1251 3743 1348 3804 ollieio
1371 3747 1532 3814 concinna,
1554 3739 1679 3815 ἑμμελη,
1701 3737 1761 3797 dici
1782 3735 1866 3795 solent

535 3837 567 3887 nt
590 3845 647 3886 non
671 3845 810 3902 consona,
834 3849 985 3904 conpara.
1034 3827 1143 3888 Moneo
1164 3831 1305 3890 lectorem
1320 3849 1427 3904 meum,
1450 3849 1488 3890 ne
1510 3829 1559 3889 hic
1571 3837 1600 3887 te
1615 3826 1726 3897 audiat,
1751 3825 1800 3900 qni
1813 3837 1867 3880 oon

536 3916 682 3976 lusionem
706 3915 770 3974 vult
794 3919 898 3990 vitare,
922 3915 991 3974 dum
1015 3933 1093 3991 quas
1115 3925 1184 3976 sunt
1205 3917 1318 3992 eadem,
1341 3928 1373 3978 tu
1397 3921 1561 3996 promiscue
1583 3922 1613 3975 et
1630 3929 1761 3973 consona
1782 3906 1866 3986 appel·

535 4002 581 4062 lss
605 4012 634 4062 et
656 4002 785 4064 dissona.
793 3999 833 4080 ³⁸)
1895 4048 1896 4053 ,

626 4089 676 4148 nd
700 4089 893 4166 Analysin
907 4089 986 4150 ,Vll
1034 4088 1196 4153 Causarum
1218 4107 1279 4150 una
1301 4099 1346 4150 est
1366 4089 1469 4166 procul
1491 4089 1597 4165 dnbio,
1624 4103 1675 4146 cur
1696 4087 1798 4162 prasio
1818 4097 1867 4139 nr·

536 4177 616 4236 sicae
646 4180 867 4254 compositionis
894 4195 952 4236 non
981 4179 1145 4252 attigerim,
1175 4176 1255 4252 quod
1284 4180 1338 4236 sim
1361 4177 1426 4252 ejus
1446 4179 1566 4253 ignarus
1596 4183 1627 4234 et
1653 4176 1685 4230 in
1714 4173 1771 4232 hoc
1799 4181 1866 4244 oper

537 4264 755 4325 inexercitatus.
802 4265 844 4322 Ex
875 4266 983 4340 quibus
1012 4272 1110 4322 tamen
1141 4272 1172 4326 tu
1201 4265 1392 4337 stromatibus
1424 4282 1552 4339 operum
1581 4278 1719 4320 meorum
1747 4257 1803 4317 hoc
1820 4257 1866 4314 sint

524 4367 602 4410 mea
624 4352 807 4410 confessione
830 4351 999 4426 prohassisl
1045 4351 1126 4410 Cedo
1156 4351 1317 4410 cantilenas
1340 4351 1563 4428 aPythsgora‚
1597 4348 1787 4418 Ptolemaeo,
1808 4343 1867 4400 Por·

538 4437 644 4514 phyrio
668 4440 857 4514 compositas.
902 4441 948 4496 An
973 4439 1061 4512 igitur
1092 4445 1122 4496 et
1143 4437 1198 4496 hos
1226 4455 1246 4496 tt
1268 4438 1382 4498 theoria
1403 4437 1545 4514 repellis?
1589 4433 1767 4500 barsabas
1788 4427 1867 4506 philo·
1894 4504 1895 4509 ἵ

537 4524 656 4600 sophos,
680 4525 730 4600 qui
755 4525 791 4584 de
814 4527 969 4584 creationis
993 4543 1082 4600 opere
1102 4524 1321 4600 speculationes
1343 4543 1413 4586 suas
1436 4524 1610 4595 obtrudunt,
1634 4539 1701 4580 cum
1724 4517 1866 4578 creaverim

537 4613 594 4688 ipsi
618 4611 700 4672 nihil.
711 4607 753 4685 59)
798 4611 924 4672 Scilicet
938 4615 1026 4671 eiiam
1050 4613 1080 4670 ln
1102 4611 1206 4682 oculis,
1229 4613 1319 4670 etlam
1340 4615 1371 4670 in
1385 4614 1571 4689 experientia
1585 4611 1682 4685 operis
1696 4607 1782 4668 alieni
1795 4603 1867 4660 babet

538 4715 625 4758 suum
652 4699 767 4758 theoria
797 4697 970 4758 subsidium.
1016 4699 1061 4756 De
1092 4707 1188 4758 cetero
1219 4701 1341 4773 ignosco
1373 4700 1528 4758 acerbitati
1551 4707 1619 4756 tuas
1645 4697 1680 4752 in
1704 4686 1867 4752 assumendis

538 4788 612 4846 mais
636 4787 891 4848 extenuationihus
920 4785 1138 4860 augendisque;
1172 4788 1281 4861 quippe
1308 4788 1450 4862 scripsisti
1478 4790 1579 4844 iratus.
1623 4782 1670 4841 Tu
1693 4780 1817 4856 quidem,
1842 4779 1867 4829 tit

538 4873 586 4932 hic
616 4881 645 4931 et
674 4875 704 4932 in
735 4874 934 4950 superioribus
965 4880 1099 4948 apparet,
1133 4871 1231 4948 msg'ni
1260 4874 1333 4932 lacis
1355 4875 1557 4950 proportiones
1586 4872 1675 4930 etism
1698 4867 1777 4938 illas,
1806 4873 1865 4936 ow

539 4959 673 5018 homiues
696 4962 725 5018 in
748 4963 825 5020 trutis
848 4961 967 5020 musicis
990 4961 1218 5032 constituerunt,
1247 4959 1348 5035 qualia
1370 4959 1455 5037 plura
1476 4959 1551 5018 libro
1573 4973 1640 5016 mco
1663 4954 1717 5014 lV.
1738 4953 1785 5013 lol.
1807 4946 1864 5012 tus,

542 5063 618 5120 quae
642 5055 718 5108 certe
740 5064 799 5107 nou
822 5047 889 5108 ideo
910 5048 1021 5124 probae
1044 5054 1113 5106 sant
1136 5050 1353 5123 proportiones,
1380 5048 1532 5122 quianon
1554 5047 1596 5104 ita
1623 5042 1725 5102 multis
1745 5047 1808 5100 ante
1825 5049 1864 5091 κ’

541 5133 614 5192 culis
643 5153 662 5192 a
686 5133 820 5194 Guldone
845 5139 945 5196 Aratio
976 5137 1123 5209 sociisque
1151 5143 1221 5192 sunt
1246 5133 1359 5194 electae
1387 5133 1426 5192 ad
1453 5141 1572 5192 cantum
1598 5127 1794 5200 scribendam,
1822 5115 1863 5180 erl

541 5221 611 5300 quia
632 5223 782 5282 imitantur
804 5221 864 5284 alia
886 5220 1031 5299 quaedam
1043 5229 1177 5294 ¹natiuae
1198 5238 1252 5282 sen
1275 5221 1333 5282 Dei
1354 5221 1492 5282 creatoris
1513 5235 1612 5297 opcra
