4242 6384
744 783 827 842 hibor
845 783 892 842 ili.
912 785 1066 857 caputii
1341 803 1347 814 ⁴
1515 797 1578 858 geg

234 957 342 1014 ionibus
360 959 511 1016 incitantur
517 1001 525 1032 ‚
551 960 653 1032 qnippe
677 975 739 1016 ctum
756 959 903 1016 harmoniis
922 959 1106 1034 delectentur,
1133 978 1184 1018 eeu
1206 963 1272 1034 qaia
1288 962 1342 1022 lici
1358 964 1504 1034 imagines,
1531 981 1582 1022 sen

234 1035 284 1103 quia
301 1037 385 1094 nodo
404 1037 578 1094 inenarrabili
596 1037 806 1096 naueiormatae
824 1046 888 1096 sunt
905 1038 933 1094 iu
951 1039 1046 1098 dscnli
1064 1042 1248 1112 geometriam

305 1115 351 1170 ite
369 1116 439 1172 haec
457 1115 614 1176 harmonica
632 1113 864 1185 conformationi
883 1127 1013 1188 qnantum
1030 1118 1196 1187 harmonica,
1216 1117 1373 1182 Ptolemaeo
1385 1121 1513 1179 coelestis
1526 1131 1580 1194 sat,

234 1193 281 1247 nihi
299 1197 453 1263 temeuris,
476 1203 532 1252 mm
550 1195 740 1265 materialiter,
768 1197 802 1251 ob
821 1197 935 1268 angsilos
953 1193 1103 1264 radiorum,
1132 1213 1213 1265 quam
1239 1197 1401 1270 formaliter,
1430 1201 1467 1255 ob
1484 1217 1579 1258 eorum

234 1279 288 1325 uter
306 1287 337 1327 sc
356 1271 557 1340 habitudinem,
576 1290 648 1345 quae
666 1275 825 1330 aestimatur
842 1275 876 1330 ab
895 1273 985 1330 anima
1002 1272 1151 1329 sublunari

304 1351 505 1418 Argumentum
529 1351 612 1410 affero
636 1351 770 1424 dogmatis
796 1353 849 1408 mei
872 1352 1117 1422 euidentissimum,
1145 1355 1218 1422 qnod
1244 1354 1476 1425 configurationes
1501 1357 1579 1423 istae,

234 1441 286 1494 quaa
309 1445 363 1485 nos
387 1433 415 1486 in
433 1432 525 1490 Turis
549 1433 682 1490 sentimus
704 1432 832 1488 cilicacea
856 1439 884 1488 et
903 1447 1048 1502 operosas,
1077 1448 1132 1490 nou
1151 1432 1207 1487 sint
1230 1433 1301 1489 inter
1317 1434 1443 1503 planetas
1460 1437 1536 1506 ipsos
1549 1438 1579 1492 in

234 1505 301 1573 uelo,
320 1507 373 1564 sed
391 1517 497 1566 tantum
515 1513 587 1568 iuter
605 1513 729 1568 binorum
748 1513 839 1568 udos
856 1512 918 1570 illos
937 1511 1011 1570 solos
1031 1519 1060 1568 et
1079 1513 1190 1578 meos,
1216 1513 1265 1581 qui
1282 1514 1309 1568 in
1328 1514 1441 1570 herram
1457 1524 1579 1572 noem

234 1586 355 1657 ucidunt3
375 1588 429 1658 hic,
450 1592 567 1661 iuquam,
586 1592 614 1646 in
632 1592 725 1647 Turis
745 1606 796 1646 nec
813 1589 920 1662 nephas
937 1589 1049 1647 aiibiin
1067 1590 1170 1646 mundo
1188 1599 1254 1648 sunt
1270 1591 1325 1648 bac
1341 1591 1579 1673 untgnnnoues,

234 1681 277 1720 um
294 1675 370 1733 sunt,
389 1675 418 1723 et
435 1679 500 1726 sunt
516 1670 610 1740 potius
629 1673 656 1726 in
675 1685 811 1728 concursu
828 1668 966 1726 radiorum
983 1668 1114 1738 pracati,
1133 1686 1215 1739 quam
1231 1671 1261 1725 in
1279 1671 1398 1742 circulo,
1417 1673 1580 1730 miramur

234 1753 322 1800 autum
341 1748 469 1820 angulus,
487 1767 542 1819 qno
559 1758 732 1818 concurrunt,
748 1748 943 1822 ,imaginatione
960 1764 1040 1804 muns
1058 1765 1093 1806 ex
1112 1765 1248 1806 concursu
1264 1749 1403 1822 descripti,
1422 1752 1577 1822 cujusmodi

234 1837 294 1880 rcus
312 1827 369 1882 etsi
387 1829 476 1898 uobis,
493 1829 542 1900 qui
559 1827 646 1886 oculis
665 1829 774 1898 admur,
792 1827 950 1899 suppeditat
965 1829 1094 1885 zodiacus
1112 1828 1235 1896 meilis,
1254 1829 1496 1888 innumerabilibus
1513 1831 1579 1888 tixis

234 1903 364 1960 istinctus
384 1915 412 1961 et
429 1907 509 1976 quasi
527 1906 630 1964 divisus
648 1907 832 1975 subtilissime,
852 1917 881 1964 at
898 1915 998 1964 natura
1015 1907 1140 1968 auimalh
1157 1906 1398 1985 thunium-alium,
1417 1910 1577 1982 amulorum
1635 1946 1639 1954 ι

234 1993 311 2037 tuum
330 1999 502 2054 mensorem,
529 2001 622 2052 secum
639 1987 701 2058 ipsa
717 1986 801 2044 habet
818 1989 901 2044 intus.
939 1987 1046 2056 Cogitet
1061 1987 1120 2056 jam
1137 1985 1319 2058 philosophus
1336 1987 1448 2064 aiiqms:
1474 1991 1575 2048 sicor-

234 2074 282 2114 ura
299 2062 435 2124 co'eiestia
454 2063 514 2133 ipsa
531 2063 694 2135 principium
711 2064 795 2135 hunus
814 2065 955 2122 efficaciae
982 2083 1031 2135 per
1049 2065 1280 2134 configurationes
1302 2063 1331 2120 in
1354 2082 1385 2122 se
1404 2067 1474 2140 ipsis
1494 2069 1578 2126 habe-

234 2147 276 2192 cut
293 2150 492 2210 moveruntque
510 2141 579 2198 haec
597 2143 739 2208 interiore,
758 2161 825 2205 uon,
845 2153 875 2200 ut
892 2159 943 2215 ego
963 2146 1040 2214 volo,
1058 2145 1208 2214 objective.
1226 2143 1276 2201 aed
1291 2143 1392 2212 active,
1415 2146 1526 2204 acdona
1543 2164 1578 2204 en

234 2215 282 2284 peis
299 2221 466 2290 corporibus
485 2219 621 2280 defluente
639 2224 675 2283 ad
694 2239 744 2278 noe
763 2239 824 2278 cum
842 2221 938 2295 radiis,
961 2241 1016 2294 que
1032 2218 1117 2294 igitur
1135 2224 1241 2277 ratione
1263 2222 1391 2293 planetae
1408 2239 1459 2294 per
1477 2241 1507 2282 sc
1525 2222 1579 2282 siu-

234 2293 272 2360 uli
288 2304 406 2364 possent
423 2299 579 2368 resciscere,
599 2300 708 2370 quaudo
726 2301 770 2355 hic
789 2301 815 2354 iu
832 2299 931 2381 ‚uicina
948 2300 1041 2360 mundi
1052 2300 1118 2371 pile,
1137 2301 1165 2354 in
1177 2300 1277 2371 Terris,
1296 2301 1369 2356 inter
1380 2315 1410 2356 se
1422 2301 1478 2357 bini
1495 2302 1580 2360 radiis

234 2373 273 2428 uis
290 2383 435 2445 aspectum
459 2378 618 2450 formarent,
642 2380 708 2450 quia
730 2387 858 2450 aspectus
882 2380 989 2436 nonnisi
1014 2379 1140 2436 binorum
1163 2379 1334 2450 planetarum
1353 2386 1407 2447 est,
1435 2397 1490 2450 quo
1507 2400 1579 2440 com·

234 2454 314 2508 neruo
335 2455 394 2510 bini
412 2455 539 2526 planetae
557 2459 628 2514 inter
645 2475 676 2514 ae
694 2457 851 2529 longissime
869 2459 957 2522 dissiti
975 2458 1091 2514 consilia
1102 2472 1154 2514 sua
1172 2457 1411 2527 communicarent,
1430 2461 1501 2516 vires
1514 2475 1577 2518 cou-

234 2527 317 2588 irrent
343 2533 436 2604 adque
454 2534 564 2591 Terram
582 2544 610 2592 et
627 2537 656 2592 iu
674 2537 765 2593 radios
782 2554 850 2594 suos
868 2539 903 2594 sd
921 2546 1060 2596 monente
1078 2544 1240 2608 aspectuum
1259 2537 1434 2593 demitterent
1457 2540 1579 2597 eudem·

234 2623 280 2676 qne,
297 2612 418 2681 primum
436 2623 519 2684 atque
538 2623 628 2670 oessat
645 2625 787 2685 aspectus,
816 2629 924 2674 cessare
942 2617 1075 2674 iacerent.
1107 2609 1156 2672 'in
1168 2633 1223 2671 non
1240 2615 1400 2686 piusquam
1413 2619 1457 2673 Dii
1471 2623 1578 2675 essent?

234 2685 259 2740 dt
274 2705 308 2744 ne
326 2691 422 2746 multis
440 2693 607 2762 argumentis
625 2695 663 2749 sit
680 2712 757 2766 opus,
777 2695 847 2752 ierat
863 2697 909 2753 hic
926 2697 985 2766 ipse
1004 2697 1238 2766 comparationum
1255 2693 1483 2754 Ptolemuicarum
1506 2713 1580 2756 cam·

234 2782 270 2834 pua
288 2769 398 2838 justum
421 2771 552 2827 interme
578 2779 606 2828 et
624 2769 810 2830 Ptolemaeum
833 2773 974 2844 judicium.
1012 2777 1206 2848 Comparamus
1234 2774 1331 2830 mento
1359 2775 1491 2843 coelestia
1506 2791 1578 2848 *cum

234 2843 398 2914 mnemia,
423 2849 457 2904 ab
477 2851 573 2906 eodem
591 2851 662 2906 enim
686 2853 762 2909 fonte
780 2853 919 2910 fluxerunt
942 2855 968 2912 iu
989 2862 1135 2923 utrumque
1158 2869 1246 2924 genus
1263 2869 1353 2908 rerum
1379 2845 1497 2911 rationes
1514 2855 1578 2910 har·

234 2927 349 2982 nemeae.
389 2929 460 2996 Quid
478 2932 561 3000 igitur
579 2939 635 3004 est,
662 2933 736 3001 quod
759 2935 874 2990 choreas
899 2939 989 2989 movet
1011 2931 1046 2986 ed
1069 2931 1197 2987 cenum?
1233 2929 1304 2986 tium
1328 2929 1447 3000 chordae
1468 2931 1522 2988 hoc
1539 2932 1578 2990 ia-

234 3003 312 3058 ciunt?
349 3007 407 3062 Gur
424 3009 506 3077 igitur
530 3011 605 3066 surdi
624 3027 677 3066 uon
695 3020 838 3068 morentur
863 3011 897 3067 ad
916 3019 1015 3072 cantus,
1037 3010 1147 3081 legem?
1182 3009 1280 3065 Nonne
1302 3010 1409 3079 species
1426 3025 1578 3068 maeoseu·

234 3079 313 3136 tiarum
332 3083 362 3138 in
382 3101 462 3142 aures
480 3087 598 3144 influunt
615 3088 707 3166 ibique
730 3107 847 3160 asensu
872 3091 1009 3148 communi
1032 3107 1067 3146 ex
1084 3089 1215 3146 instinctu
1236 3086 1355 3144 naturali
1378 3103 1428 3158 pro
1449 3087 1578 3157 jucundis

234 3162 348 3229 demde
369 3169 577 3236 approbantur?
613 3168 710 3224 Nonne
728 3171 819 3226 anima
837 3178 892 3238 est,
916 3183 987 3236 quae
1013 3166 1145 3239 percepta
1167 3168 1303 3224 cantilena
1326 3181 1427 3237 corpus
1445 3182 1523 3222 suum
1542 3167 1578 3223 ud

234 3237 280 3304 tina
296 3241 372 3311 leges
391 3253 419 3316 et
435 3243 591 3316 rhythmum
610 3249 721 3302 mouet?
741 3248 814 3318 quod
832 3249 864 3304 iit
883 3263 936 3302 non
956 3250 1059 3320 tantum
1078 3248 1106 3302 in
1124 3247 1277 3303 voluntario
1288 3249 1366 3302 mutu
1378 3246 1508 3316 corporis,
1527 3245 1577 3302 sed

234 3315 299 3405 mam
317 3321 345 3376 in
366 3322 483 3379 naturali
502 3331 577 3380 motu
595 3324 796 3397 delectationis,
815 3329 851 3383 ob
864 3343 962 3384 suaves
974 3327 1177 3384 consonantias.
1212 3326 1328 3386 Frustra
1335 3323 1381 3380 hic
1392 3331 1578 3396 contempera·

235 3402 318 3452 sonem
337 3417 468 3458 sonorum
487 3402 578 3472 ullam,
597 3405 649 3461 uisi
668 3405 830 3461 rationalem
849 3413 876 3460 et
895 3405 952 3461 soie
971 3415 1061 3462 mente
1080 3421 1129 3462 seu
1148 3420 1198 3474 per
1209 3403 1380 3472 disciplinam
1398 3419 1448 3460 seu
1465 3405 1577 3461 instinc

236 3479 279 3527 uu
295 3481 499 3550 perceptibilem
517 3483 637 3554 allegant
654 3485 924 3556 pseudophilosophi.
1054 3543 1056 3548 ,
1135 3487 1140 3496 ’

251 3629 257 3640 .
306 3557 343 3612 itt
361 3559 494 3616 intense
514 3559 623 3632 quidem
642 3564 675 3620 de
694 3565 806 3620 materie
824 3565 876 3620 mei
894 3563 955 3619 iibri
972 3565 1078 3633 quarti,
1098 3565 1176 3635 cuius
1194 3563 1357 3635 animuum,
1375 3561 1516 3619 immonis
1534 3572 1578 3616 ra·

238 3625 382 3706 hdonutu,
410 3655 483 3694 mere
507 3647 636 3697 temesae
660 3649 711 3699 est.
747 3641 828 3701 Aliud
852 3643 964 3713 aliquod
988 3652 1117 3714 superest
1132 3657 1220 3714 genus
1237 3640 1410 3712 monice,
1436 3637 1578 3696 sumine

239 3710 339 3770 meleu
358 3731 408 3772 sen
426 3719 592 3776 mutianum
609 3721 715 3790 potius,
742 3721 776 3777 de
795 3736 849 3792 quo
867 3730 895 3777 et
911 3721 1086 3777 Ptolemaeus
1111 3721 1167 3790 agit
1190 3719 1327 3792 capitibus
1348 3716 1525 3787 sequentibus
1549 3723 1578 3771 et

239 3801 276 3854 tto
291 3791 359 3848 libro
377 3809 437 3853 meo
456 3797 551 3868 quinto
569 3799 612 3866 egi
629 3797 712 3868 idque
730 3800 907 3870 praecipuum
925 3815 1038 3872 scopum
1062 3797 1115 3856 ieci
1132 3800 1218 3859 tutitn
1236 3798 1289 3854 mei
1308 3797 1398 3871 operis
1419 3795 1576 3851 humone.

787 4065 1008 4156 cincun.

254 4201 285 4258 Ut
308 4217 415 4266 motas
441 4209 590 4268 siderum
617 4207 798 4270 secundum
825 4211 1048 4268 altitudinem
1075 4216 1291 4280 comparetur
1315 4208 1500 4297 generibus
1525 4211 1564 4264 iu'

789 4298 1006 4366 harmonial).

311 4443 475 4506 Secundam
497 4451 630 4506 motuum
651 4447 782 4523 medem
802 4444 963 4508 secundum
985 4442 1171 4506 altitudinem
1193 4444 1375 4521 insumemus
1399 4441 1524 4504 similem
1547 4445 1576 4504 ei

246 4529 303 4596 parti
322 4531 520 4607 harmonicus,
549 4549 626 4610 qnae
648 4549 757 4610 genera
788 4531 868 4594 dicta
889 4532 989 4592 habet.
1033 4531 1118 4593 Sicut
1145 4534 1223 4593 enim
1241 4533 1284 4604 'in
1305 4530 1362 4590 hac
1388 4546 1498 4605 genera
1518 4531 1577 4590 nia

245 4625 304 4686 suut,
325 4619 556 4695 enhmmonium,
580 4619 804 4694 chromaticum,
828 4619 1036 4698 diatonicum,
1055 4618 1195 4680 distincta
1216 4618 1431 4695 quantitatibus
1451 4633 1577 4695 propor-

247 4697 337 4766 tionem
358 4708 387 4766 in
410 4706 603 4768 tetrachordis
616 4703 669 4782 ¹¹),
700 4708 742 4767 sic
765 4714 795 4768 et
816 4705 868 4767 illa
898 4714 957 4767 tres
979 4707 1090 4768 formas
1111 4705 1334 4766 humanorum
1362 4705 1577 4783 mmplectitun

248 4787 352 4869 chius,
380 4794 469 4856 medii
498 4803 528 4864 ct
549 4797 668 4856 maximi
678 4791 745 4868 ¹¹¹),
777 4811 854 4870 quae
880 4801 910 4855 et
932 4797 1029 4872 ipsae.
1047 4795 1212 4872 quantitate
1237 4809 1376 4855 camum
1403 4809 1576 4854 mcumran·

249 4871 336 4953 tuum),
380 4883 526 4945 hemana
548 4883 637 4960 igitur
658 4882 822 4942 mediorum
843 4881 1074 4954 iuoersailorum,
1091 4883 1150 4958 ‘qni
1171 4880 1334 4942 mediocres
1354 4880 1486 4956 unibus
1506 4896 1577 4940 cur·

250 4973 285 5016 Μ
309 4967 424 5042 habent,
458 4987 546 5047 quam
577 4973 708 5047 proxime
738 4969 922 5029 chromaticis
951 4971 1109 5050 gutturibus
1127 4968 1196 5044 jure
1218 4971 1285 5044 quia
1307 4977 1473 5047 comparet,
1503 4969 1576 5044 quia

252 5047 319 5109 tilam
338 5059 365 5114 iu
386 5057 432 5116 hie
456 5056 563 5118 liehani
586 5071 687 5118 secent
710 5057 807 5116 media
830 5055 1015 5116 tetrachorda
1031 5054 1077 5135 ν)Ᾰ;
1106 5063 1137 5115 at
1159 5058 1211 5132 qut
1233 5057 1369 5115 minimos
1391 5069 1494 5115 curant
1516 5054 1575 5114 ha·

252 5127 316 5212 litt,
344 5145 404 5203 aius
433 5147 452 5204 it
485 5143 523 5204 ad
546 5144 702 5205 intervalia
723 5163 742 5206 a
763 5143 855 5204 Terra
883 5135 1012 5208 maxima
1040 5147 1257 5219 cousequantur
1285 5145 1349 5203 sire
1379 5140 1418 5202 ad
1445 5142 1575 5215 minima,

253 5227 441 5304 rttpondebunt
470 5231 668 5293 enharmoniis
698 5229 872 5313 generibus,
901 5229 971 5310 qnia
992 5231 1063 5293 bina
1091 5229 1267 5292 tetrachordi
1299 5227 1456 5292 mumma
1488 5227 1577 5290 simul
