4242 6384
642 755 823 819 llsrmcnieis.
861 762 945 820 Liber
960 763 1010 821 lli.
1029 766 1119 835 ceput
1136 760 1209 823 xvi.
1535 762 1594 830 193

253 938 325 997 alise
348 955 450 999 omnes
472 940 642 1019 plerumque
664 944 814 1019 graviores
836 946 901 1019 ipse
922 943 970 1017 (ut
991 942 1043 1003 iila
1065 960 1104 1003 sc.
1129 946 1272 1021 parvitate
1295 952 1324 1003 et
1344 942 1544 1003 imbecillitate
1567 951 1597 1004 et
1656 963 1662 976 ·

251 1025 540 1105 calummeqnippe
563 1039 650 1088 acuta
671 1033 808 1102 existens,
831 1032 928 1088 minus
949 1027 1117 1113 obstrepat]
1140 1032 1284 1091 commum
1295 1024 1437 1092 concentu
1459 1030 1498 1090 ed
1513 1032 1596 1109 prin-

251 1114 356 1189 cipium
387 1120 485 1173 tactus
511 1120 659 1193 sequentis
686 1117 783 1175 lecum
805 1125 948 1195 occupent
969 1120 1007 1176 ab
1031 1118 1111 1177 iliius
1134 1118 1200 1177 loco
1228 1118 1395 1192 dissonum,
1427 1120 1596 1195 priusquam

251 1202 311 1276 ipse
331 1198 387 1258 iilo
409 1218 464 1260 suo
484 1202 552 1263 loco
574 1206 731 1263 excesserit
761 1204 886 1286 indeque
908 1204 993 1263 iilam·
1012 1205 1103 1264 veluti
1132 1204 1240 1265 lentem
1263 1206 1411 1282 expellent
1438 1207 1526 1283 inque
1549 1207 1597 1269 in-

251 1288 382 1345 leriorem
404 1288 574 1365 pierumque
596 1290 784 1368 protrudent;
812 1310 871 1368 que
894 1294 1049 1352 occasione
1072 1294 1159 1352 etiem
1183 1292 1395 1373 concordentiis
1423 1300 1452 1351 et
1476 1292 1596 1352 clausu-

251 1374 299 1445 lis,
331 1390 415 1449 queue
442 1375 641 1438 dissonantias
672 1378 845 1452 absumunt,
878 1388 978 1437 natum
1009 1398 1075 1439 esse
1104 1396 1208 1439 nomen
1241 1379 1439 1439 cadentierem
1471 1380 1596 1439 videtur.
1665 1370 1668 1377 ’

331 1459 416 1535 Quin
438 1465 606 1523 etiemboe
627 1466 797 1537 observent,
821 1474 854 1523 ut
874 1482 974 1541 pugna
997 1466 1211 1526 dissonantium
1234 1466 1377 1526 ordinarie
1401 1469 1597 1526 committetur

250 1562 302 1605 uon
325 1556 391 1607 tam
414 1550 515 1610 crebro
537 1570 573 1610 ex
596 1552 749 1611 intervallo
771 1555 935 1630 propinquo
956 1560 987 1611 et
1008 1556 1083 1612 inter
1105 1553 1266 1627 secundae,
1296 1570 1384 1629 qnam
1407 1556 1482 1612 inter
1504 1554 1597 1631 septi-

250 1652 327 1707 mas,
350 1646 387 1693 ot
410 1638 453 1696 its
475 1656 533 1697 vox
555 1643 695 1717 superior,
719 1639 840 1716 depulsa
863 1641 918 1697 boc
939 1648 1027 1715 pacto
1049 1640 1087 1699 de
1110 1641 1160 1699 iilo
1180 1658 1233 1700 suo
1248 1640 1324 1714 loco,
1347 1658 1397 1719 per
1412 1643 1596 1699 semitonium

249 1732 295 1779 eet
316 1730 425 1781 tonum
454 1722 564 1785 defluet
591 1726 778 1795 adsertam,
810 1736 863 1785 aut
894 1727 991 1785 evolet
1021 1727 1058 1786 ad
1088 1738 1222 1787 octavam
1253 1744 1317 1787 cum
1345 1728 1597 1804 praevertentibus

250 1807 469 1885 dmignandem.

328 1896 412 1957 Sunt
432 1906 463 1957 et
482 1897 561 1958 eliae
582 1900 782 1978 dissonantiae
804 1900 1006 1974 crebemimee,
1029 1902 1127 1959 miuus
1148 1901 1332 1973 artificiosae,
1356 1918 1422 1961 eum
1445 1916 1504 1959 vox
1526 1916 1597 1975 gre-

249 1986 290 2040 ris
310 1987 471 2044 continuet
490 2002 596 2045 sonum
617 2002 717 2059 suum,
746 2003 867 2047 manens
895 1989 924 2043 in
947 1990 1084 2061 unisono,
1116 1996 1146 2046 at
1176 2005 1232 2047 vox
1255 1996 1341 2047 acute
1369 1989 1407 2047 ab
1429 1986 1508 2045 iliius
1531 1990 1597 2045 soni

250 2072 343 2144 pavis
367 2071 513 2148 diapason
536 2075 662 2133 excurrit
682 2074 826 2132 celeribus
848 2075 991 2145 sonitibus
1014 2074 1052 2133 ad
1075 2074 1204 2151 aliquem
1227 2092 1278 2151 per
1301 2074 1436 2152 diapente
1461 2074 1507 2133 vel
1531 2072 1598 2131 die-

251 2168 380 2217 tesseron
405 2160 451 2217 illi
473 2176 647 2231 consonam,
680 2178 733 2236 per
754 2160 822 2218 loce
843 2164 987 2219 concinna
1013 2161 1186 2221 intermedia
1208 2164 1307 2221 omnia
1328 2162 1524 2239 pervolitans,
1552 2162 1598 2224 ilc

253 2254 280 2302 et
298 2244 425 2306 alteruis
442 2260 590 2306 consonet
612 2248 817 2323 dissonetque3
846 2265 960 2323 sempor
988 2256 1087 2307 aetem
1118 2248 1218 2309 ordine
1242 2250 1320 2325 prior
1348 2256 1505 2321 consonet;
1536 2246 1598 2307 dis-

252 2335 385 2392 sonantia
408 2342 439 2392 et
461 2334 559 2393 brevis
582 2342 638 2405 est,
671 2337 782 2410 quippe
804 2337 834 2392 in
858 2344 1027 2395 nenscensn
1055 2343 1085 2395 et
1107 2338 1136 2393 in
1159 2354 1247 2407 sono,
1278 2338 1329 2412 qui
1352 2343 1397 2395 est
1419 2334 1519 2395 ordine
1542 2350 1598 2409 po·
1689 2332 1695 2343 ’

252 2421 366 2493 moer,
393 2428 427 2478 ut
448 2423 475 2477 si
497 2430 592 2480 tectim
613 2424 809 2498 proportionis
832 2420 940 2497 duplae
963 2425 1092 2499 quinque
1116 2422 1239 2483 discenti
1255 2440 1344 2482 sonos
1362 2432 1428 2482 eum
1443 2438 1502 2481 uno
1519 2422 1597 2480 bessi

253 2506 380 2581 copulet,
406 2508 514 2583 priene,
538 2510 630 2580 tertie,
654 2510 757 2583 quinte
779 2508 903 2567 discenti
927 2510 1147 2579 consonabunt,
1172 2508 1301 2570 secunde
1324 2519 1353 2569 et
1375 2518 1499 2585 quarta
1503 2506 1599 2567 disso-

253 2594 358 2653 nubem
381 2602 438 2653 eut
460 2596 655 2670 imperfectius
671 2598 880 2655 consonabunt.
927 2596 1015 2655 liccs
1055 2630 1110 2646 -ἡ
1241 2630 1308 2639 --
1318 2619 1498 2686 50-—

1049 2610 1539 2813 lp-ssffiffil

1132 2831 1299 2877 u..c.s.eitudl
1330 2830 1502 2875 midiae.

1308 2931 1392 2937 —--
1395 2930 1533 2937 ..-..--—-

1075 2924 1255 3044 :aa
1288 2944 1532 3057 {fite—-

334 3124 393 3183 111.
418 3123 516 3200 Hujus
538 3127 626 3203 igitur
649 3129 763 3186 rarioris
785 3128 929 3185 mixturae
952 3127 1025 3184 ratio
1049 3134 1093 3184 est
1116 3124 1218 3184 eedem
1241 3124 1399 3204 naturalis,
1422 3142 1498 3201 quae
1521 3124 1599 3186 illius

259 3210 369 3269 altanus
394 3211 646 3287 frequentissimae
669 3222 698 3272 et
719 3226 894 3289 perpetuae,
922 3213 991 3272 dum
1013 3215 1163 3272 vertentur
1184 3214 1403 3275 consonantiae.
1448 3210 1599 3287 Quemad-

259 3296 367 3356 modum
394 3299 471 3357 enim
492 3300 522 3357 in
544 3300 669 3377 simplici
691 3300 819 3360 melodia
841 3300 977 3359 deductio
1000 3302 1082 3360 vocis
1105 3303 1190 3358 unius
1213 3299 1369 3375 singularis
1392 3298 1525 3359 eradica
1547 3318 1600 3378 sy·

259 3388 382 3445 ιιιιιιιιιιι
406 3402 462 3461 per
479 3387 635 3445 intervella
656 3386 775 3447 dusone
796 3387 847 3446 sed
871 3390 1013 3447 concinne
1039 3399 1135 3446 umen
1169 3385 1263 3447 tendit
1285 3387 1322 3445 ed
1345 3386 1410 3445 loca
1433 3386 1599 3447 harmonice

260 3480 472 3548 erumperetur
493 3473 583 3532 radici
605 3476 694 3551 inque
717 3477 753 3534 iis
777 3477 960 3548 immoratur,
983 3478 1026 3534 sic
1048 3482 1206 3533 maeonius
1229 3473 1398 3546 melodicus,
1422 3473 1459 3533 eb
1475 3476 1599 3535 unisono

260 3556 310 3616 iere
332 3561 488 3634 incipiens,
510 3578 563 3635 per
584 3561 807 3621 concordantias
827 3565 963 3634 minores,
988 3560 1077 3637 volgo
1101 3561 1283 3637 imperfectas
1305 3560 1412 3633 dictas,
1436 3568 1488 3621 eut
1511 3564 1599 3622 etiem

260 3662 302 3717 per
322 3646 522 3705 dissonantias
545 3649 599 3707 bes
630 3650 722 3707 tendit
744 3648 782 3708 ed
805 3649 930 3724 majores
958 3657 988 3707 et
1010 3649 1153 3725 perlectas
1177 3650 1383 3707 consonantias
1414 3654 1442 3707 et
1470 3648 1599 3724 plerum-

263 3748 309 3805 que
331 3730 522 3813 (pracsortim
544 3737 574 3791 in
596 3732 670 3815 line)
692 3736 730 3795 ed
753 3736 1020 3795 identisonantiem.
1538 3728 1541 3735 ¹

336 3820 392 3878 tv.
416 3820 542 3898 Rursum
558 3823 633 3881 sicut
647 3825 677 3879 in
691 3823 843 3881 centdeois
857 3824 1038 3898 simplicibus
1051 3838 1151 3881 earum
1171 3822 1343 3897 linguarum,
1368 3837 1444 3896 quea
1463 3821 1599 3898 rbytbmo

262 3916 389 3967 consum
410 3914 441 3967 et
460 3908 642 3983 longitndine
669 3911 716 3969 vel
739 3912 882 3969 brevitate
910 3908 1104 3985 syllabarum,
1136 3909 1267 3967 brevium
1297 3906 1414 3983 quidem
1445 3910 1520 3967 vetio
1542 3908 1598 3968 ba-

263 3992 336 4051 betur
355 4010 419 4053 noe
440 4012 557 4071 magne,
579 3997 686 4071 longas
706 4014 775 4056 vero
798 3997 928 4074 syllabas
951 4010 980 4055 ot
1000 3996 1074 4054 iines
1097 4010 1233 4053 versuum
1261 3993 1299 4053 ed
1320 3994 1386 4053 loce
1409 3995 1501 4089 primo
1523 4010 1599 4054 sono

262 4094 382 4142 musone
405 4081 572 4158 dirigimus,
604 4086 647 4141 sic
669 4085 794 4143 etiam
785 4102 815 4141 ιιι
838 4092 980 4142 concentu
1008 4090 1077 4140 sent
1099 4082 1322 4153 consonantiae,
1355 4080 1481 4139 mino'res
1504 4079 1599 4142 dictae

264 4176 288 4223 et
305 4169 506 4246 imperfectae,
534 4186 609 4245 ques
631 4172 735 4229 cursim
758 4170 981 4247 pervolitemus3
1011 4176 1080 4228 sunt
1102 4176 1132 4227 et
1152 4168 1317 4283 perlectae,
1345 4167 1479 4243 adquae
1503 4168 1599 4228 tendi-

264 4268 333 4329 mrur,
355 4272 436 4332 quae
458 4256 525 4315 ideo
547 4256 644 4316 dictae
665 4266 733 4315 sent
756 4257 913 4317 clausulae.

361 4343 401 4402 V.
425 4342 574 4421 Amplius,
604 4346 680 4402 sieut
708 4347 790 4421 ipsae
819 4345 1027 4403 consonantiae
1055 4340 1202 4418 singulae,
1236 4343 1357 4399 seorsim
1387 4340 1597 4417 consideratae,

267 4437 324 4486 sunt
342 4446 380 4489 eo
401 4434 521 4489 nomine
541 4438 656 4505 petae,
686 4431 765 4507 quod
791 4448 850 4490 non
872 4430 958 4508 plane
986 4428 1111 4489 identice
1141 4436 1260 4501 sonent,
1291 4428 1343 4487 sed
1366 4428 1508 4505 figuratae
1531 4436 1600 4487 sunt

271 4514 476 4586 quodammodo
499 4523 528 4576 et
550 4516 762 4590 diversisonee,
787 4526 819 4583 et¹
838 4517 1021 4577 latitudinem
1043 4516 1172 4591 aliquam
1194 4515 1397 4591 qualitativam
1424 4524 1599 4593 occupantes

269 4598 293 4655 in
310 4604 419 4675 eudbu,
442 4612 575 4663 umorem
598 4605 744 4665 trabentes
767 4622 785 4663 a
807 4605 906 4680 ligeris
927 4604 1023 4681 plenis
1045 4603 1244 4679 regularibus,
1277 4622 1295 4661 e
1318 4604 1424 4679 quibus
1447 4611 1477 4663 st
1499 4605 1600 4662 orian-

271 4695 321 4760 ter,
341 4694 384 4750 sie
402 4692 466 4766 jem
488 4700 646 4751 concentus
668 4692 861 4764 harmonicus,
884 4708 938 4751 sen
953 4689 1074 4766 sequela
1088 4690 1212 4766 plurium
1227 4689 1442 4750 harmoniarum
1457 4698 1599 4768 perpetue

271 4774 322 4832 tine
341 4796 441 4837 enum
464 4781 606 4837 varietate
629 4782 752 4854 gretiam
776 4794 891 4843 ornnem
914 4778 1018 4854 perdit.

344 4865 387 4924 lix
408 4865 465 4925 bec
485 4864 680 4942 explicatione
704 4866 880 4925 delinitionis
902 4860 1008 4925 musae
1031 4862 1106 4923 tradi
1128 4870 1251 4939 possunt
1268 4864 1375 4939 legum,
1399 4880 1474 4939 quas
1497 4863 1599 4921 obser·

275 4960 332 5007 vent
352 4954 550 5029 compenistee
572 4955 603 5009 in
625 4952 796 5029 coaptandis
826 4951 1047 5012 concordentiis.
1093 4950 1168 5011 Nem
1197 4952 1297 5025 quaeri
1323 4956 1431 5026 potest,
1463 4966 1539 5026 quae
1561 4952 1599 5009 sit

275 5047 349 5096 uuae
368 5038 527 5112 naturalis,
558 5056 609 5098 eur
630 5038 741 5099 licitum
770 5040 829 5098 sibi
860 5045 977 5116 putent,
1007 5038 1109 5097 tertias
1132 5046 1161 5096 et
1183 5043 1280 5095 sextas
1306 5036 1455 5096 naturales
1486 5038 1600 5113 aliquot

276 5121 389 5187 udinem
411 5126 563 5203 deinceps3
585 5136 705 5204 quartas
728 5136 758 5187 et
779 5127 897 5203 quintas
920 5133 950 5186 et
972 5124 1146 5186 oeteves'ei
1169 5122 1278 5183 similes
1301 5140 1337 5183 er
1362 5124 1514 5199 speciebus
1537 5126 1599 5183 sin-

319 5234 404 5285 ιιιιαι
419 5235 495 5287 oper·
509 5235 535 5277 v.
904 5246 908 5256 .
1106 5242 1110 5253 ·
1405 5228 1443 5287 13
