4242 6384
539 785 603 845 isa
877 795 884 811 ι
1009 775 1177 848 Appendieis
1193 778 1419 836 flamonicorum

539 957 647 1024 circulo
670 958 842 1034 inscriptas,
865 955 976 1019 scilicet
999 965 1201 1035 tetragonum
1224 960 1385 1035 trigonum,
1407 961 1553 1021 ominus
1566 959 1693 1030 nmina
1715 955 1866 1016 sadum

540 1047 678 1126 quodqus
701 1045 803 1103 borum
825 1053 1002 1104 monstratur
1024 1063 1078 1106 seu
1100 1049 1229 1123 gignitur
1249 1065 1301 1124 per
1324 1050 1573 1123 compararim
1597 1045 1723 1105 esuum
1743 1059 1868 1102 comoro-

540 1147 620 1209 rum,
644 1139 676 1192 ui
698 1141 785 1191 tonus
807 1133 901 1208 maim
923 1149 976 1192 ssu
997 1129 1041 1218 Ἃ
1063 1151 1117 1211 per
1137 1135 1337 1210 nouauguium
1359 1138 1462 1210 nequit
1482 1137 1579 1210 gigni,
1601 1133 1676 1192 nibii
1699 1134 1775 1191 euim
1793 1133 1871 1204 gignit

540 1218 755 1296 nonungulum,
781 1235 846 1284 cum
868 1221 907 1278 sit
929 1219 1021 1296 iigura
1043 1221 1327 1295 indemonstrabilis3
1349 1232 1382 1280 at
1404 1221 1527 1282 rssoitat
1549 1217 1592 1304 Ἴ,
1614 1239 1651 1280 ex
1673 1220 1872 1297 comparum

538 1309 721 1369 diatessaron
743 1323 811 1366 cuns
834 1305 985 1382 diapente,
1009 1311 1081 1385 quia
1102 1309 1197 1370 differt
1219 1304 1261 1392 ⁸l,
1283 1327 1302 1368 a
1324 1304 1367 1392 Ἴ,
1390 1327 1444 1386 por
1464 1305 1532 1392 Ἅι
1764 1363 1771 1376 ,

624 1394 670 1453 Tu
693 1411 800 1470 nega,
832 1394 988 1454 intervalia
1017 1398 1131 1456 minora
1160 1399 1230 1456 oriri
1259 1415 1295 1457 ex
1318 1399 1454 1456 consonis
1478 1396 1649 1472 majoribus.
1695 1394 1781 1452 Enim
1808 1407 1874 1463 ruo,

539 1481 677 1552 Roberte,
702 1497 790 1558 quam
814 1480 865 1539 diu
887 1489 916 1540 te
939 1483 1034 1558 ipsum
1057 1485 1087 1541 in
1110 1483 1257 1544 Hermetis
1278 1487 1320 1542 tui
1343 1483 1426 1544 ineos
1448 1483 1598 1555 abdidisti,
1621 1485 1715 1541 tuitrrs
1735 1498 1769 1539 ea
1789 1481 1875 1540 existi·

537 1572 696 1628 mationem
719 1575 881 1644 utcunque,
912 1571 1031 1644 perinde
1054 1587 1091 1630 ac
1111 1574 1137 1631 si
1159 1573 1190 1629 in
1213 1571 1388 1630 bamooicis
1416 1573 1507 1631 scires
1533 1569 1646 1646 aliquid
1672 1569 1783 1628 certius
1804 1567 1875 1624 rebu

537 1656 762 1728 mathematicis,
787 1673 861 1731 quas
885 1657 1075 1716 contemsisii.
1120 1659 1205 1718 Nunc
1225 1668 1381 1735 postquam
1397 1659 1504 1736 prodis
1525 1662 1556 1715 in
1573 1656 1759 1733 palaestram
1777 1653 1875 1712 matbe-

537 1747 682 1816 maticam,
707 1743 807 1802 statim
830 1743 965 1802 omnibus
988 1745 1059 1804 bulo
1080 1747 1253 1821 professioni
1273 1746 1400 1806 addictis
1421 1747 1498 1806 adeo
1520 1745 1693 1804 mauiiestua
1716 1760 1763 1814 es,
1792 1751 1825 1799 ιιι
1841 1743 1875 1796 in·

537 1831 655 1906 di'g'nam
680 1845 798 1906 operam
822 1828 996 1892 clamitaturi
1018 1833 1088 1906 sint,
1111 1851 1158 1892 rue
1177 1837 1210 1892 in
1233 1849 1269 1894 eo
1290 1832 1407 1907 sudare,
1431 1843 1465 1893 ut
1477 1843 1508 1893 te
1524 1833 1645 1892 doceam
1660 1847 1748 1890 nrum
1761 1837 1876 1897 trauan,

538 1919 646 1996 quibus
669 1933 782 1976 mecum
804 1933 926 1993 pugnas.
1584 1992 1588 2005 .
1742 1953 1747 1960 ·

627 2003 756 2064 aneri
778 2019 897 2077 muna,
928 2006 1044 2082 inquis,
1077 2009 1196 2066 nadair
1227 2011 1383 2068 mnununi
1414 2011 1546 2069 ιιιιιιίιηα
1571 2023 1724 2084 sumtum
1754 2009 1876 2062 ιιιιιιιιιιι.

542 2089 767 2150 Ooneoncnticc
788 2091 1029 2152 denominantur
1049 2111 1072 2150 a
1092 2097 1238 2168 ιιιιηιενίι,
1261 2113 1331 2170 erpo
1345 2099 1563 2156 wimondus
1583 2095 1744 2154 ωπιιιιιιιιι·
1765 2093 1878 2148 cucuso

537 2191 684 2238 mensuro
713 2185 855 2238 utuntur.
899 2179 970 2240 Non
995 2180 1218 2255 animadvertis,
1248 2191 1277 2242 ie
1299 2182 1412 2258 aliquid
1441 2179 1615 2242 coriciudere
1644 2189 1752 2240 conus
1769 2179 1878 2254 jactator

538 2266 591 2324 abs
616 2274 645 2323 te
668 2275 799 2338 veteres,
823 2267 874 2341 qui
897 2270 1104 2326 consonemus
1126 2269 1256 2331 iacessunt
1283 2268 1599 2331 incommensurabiles.
1607 2263 1649 2346 ⁴³)
1694 2265 1827 2326 Hoociue
1845 2274 1877 2320 est

539 2351 686 2411 ceinture?
730 2353 794 2411 Non
824 2363 854 2410 ιιι
879 2353 986 2412 reione
1017 2353 1126 2430 dogma
1147 2358 1355 2431 geometricum
1386 2358 1421 2417 de
1444 2357 1681 2436 proportionibrm
1714 2355 1877 2412 incommen-

539 2437 727 2512 surabiiibus,
752 2439 803 2498 sed
828 2440 1022 2516 objectionem
1046 2441 1141 2502 solum
1164 2446 1313 2522 proponis,
1335 2463 1414 2504 more
1437 2444 1614 2521 disputantis
1637 2447 1667 2500 in
1686 2440 1802 2512 sclicla,
1822 2455 1877 2496 oon·

540 2545 586 2596 rra
608 2525 723 2586 scilicet
742 2525 860 2603 dogma,
880 2527 961 2604 quud
984 2529 1121 2589 concedis
1145 2547 1245 2590 rerum
1259 2549 1334 2591 esse.
1381 2514 1458 2609 Ergo
1480 2549 1555 2608 cape
1571 2527 1813 2588 dissolutionem:
1832 2541 1875 2580 nou

540 2613 606 2673 ideo
629 2617 841 2672 consonantiae
864 2623 932 2673 snut
955 2617 1076 2691 numeri,
1100 2620 1171 2693 quia
1193 2617 1416 2679 denominantur
1438 2621 1614 2692 enumeris,
1636 2625 1751 2690 magica
1772 2623 1816 2673 est
1835 2612 1876 2668 dri·

535 2698 660 2760 larentia
683 2703 757 2760 inter
777 2705 977 2778 septenarium
1001 2713 1031 2762 et
1053 2703 1213 2781 diapason,
1244 2707 1320 2765 iuter
1342 2709 1560 2783 quaternarium
1582 2715 1612 2764 et
1634 2703 1795 2778 diapente,
1822 2704 1876 2756 iuter

536 2789 692 2847 ternarium
722 2795 751 2847 et
781 2788 979 2863 dlaiemmon3
1009 2795 1194 2867 septenarius
1221 2795 1348 2853 comtes
1370 2793 1461 2852 babet
1491 2810 1593 2870 omnes
1614 2789 1771 2867 ejusdem,
1798 2797 1829 2846 ui
1845 2788 1875 2842 tit

537 2873 640 2948 dicam,
665 2877 852 2950 quantitatis,
882 2875 1023 2954 diapason
1046 2879 1315 2940 babetintsrralla
1336 2887 1449 2957 sepiem
1479 2878 1632 2938 dissimilia
1660 2885 1693 2936 et
1715 2871 1876 2950 inaequrle

536 2971 637 3021 tonum
661 2963 802 3039 majorem
826 2969 882 3036 ter,
912 2965 1051 3024 minorem
1075 2967 1135 3040 bis,
1158 2968 1344 3026 semitonium
1366 2969 1422 3026 bis.
1467 2968 1533 3026 Aut
1549 2969 1575 3025 si
1593 2963 1751 3042 jurandus
1774 2972 1817 3022 est
1835 2958 1874 3016 ai·

536 3052 700 3122 versarius,
734 3050 892 3126 adjuretur
908 3064 1000 3110 eane:
1014 3081 1016 3090 =
1031 3061 1076 3112 ast
1099 3056 1128 3110 iu
1150 3054 1325 3128 intervallo,
1356 3053 1437 3132 quod
1458 3057 1575 3131 pencris
1603 3055 1753 3112 rationem
1778 3049 1875 3113 baberi

537 3145 582 3194 est
605 3135 684 3212 quod
708 3139 833 3213 speciei,
857 3140 1035 3198 conveniunt
1057 3143 1145 3214 igitur
1167 3141 1325 3201 intervalia
1346 3150 1460 3218 septem
1483 3159 1533 3214 eo,
1560 3139 1641 3216 quod
1662 3142 1694 3197 in
1717 3153 1824 3216 genere
1842 3137 1875 3190 in·

537 3223 659 3282 terrulis
676 3226 826 3296 concinna,
851 3223 991 3284 dissident
1007 3227 1035 3282 in
1051 3230 1150 3304 specio
1165 3230 1387 3303 quantitatibus,
1410 3232 1456 3287 uti
1471 3229 1589 3288 dictum.
1634 3225 1794 3301 Quatenus
1808 3225 1876 3296 igion

537 3323 597 3368 vox
619 3313 742 3385 generis,
766 3312 947 3384 caudunum,
971 3322 1156 3388 comparatur
1179 3319 1294 3387 unitati,
1318 3325 1586 3376 commensurantur
1607 3331 1678 3374 saue
1693 3312 1808 3390 (potius
1821 3325 1876 3367 coe·

536 3396 734 3474 numerantur)
757 3397 911 3456 intervalia
936 3415 1074 3459 consona.
1119 3402 1195 3462 Nem
1217 3402 1360 3479 diapason
1389 3404 1479 3462 babet
1502 3413 1614 3480 septem
1636 3403 1798 3470 mucione,
1826 3396 1875 3452 ¹¹5⁸·

538 3491 626 3560 pente
649 3491 783 3560 quatuor,
808 3483 990 3545 diatessaron
1013 3489 1079 3547 tria.
1123 3489 1165 3547 sii
1187 3501 1332 3565 quatenus
1354 3490 1489 3550 differunt
1510 3491 1651 3550 conoimu
1664 3485 1875 3563 quantitatibus

537 3587 724 3646 nequaquam
753 3587 855 3630 corum
886 3589 976 3632 uuum
1007 3577 1143 3636 emetiinr
1170 3592 1271 3636 omnes
1301 3580 1515 3638 consonantias
1560 3575 1621 3636 Sed
1647 3575 1747 3646 dicas,
1781 3576 1807 3632 ai
1833 3585 1874 3627 non

437 3689 442 3697 =
535 3675 640 3731 unum,
671 3665 701 3716 at
724 3660 779 3718 iria
798 3659 922 3734 junctim
946 3669 1043 3720 surnta
1066 3664 1238 3723 emetientur
1261 3665 1385 3724 omnes?
1430 3665 1540 3726 Verum
1569 3663 1626 3722 boc
1658 3678 1719 3720 non
1744 3669 1791 3720 est
1812 3674 1874 3716 eom

537 3761 715 3818 mensurare,
739 3745 790 3804 sed
814 3745 937 3806 dirersis
953 3751 1096 3808 mensuris
1111 3753 1170 3824 uti,
1195 3755 1279 3827 quasi
1295 3751 1376 3811 dicas
1398 3753 1597 3811 dimensurars
1612 3748 1770 3826 quodlibet
1783 3761 1873 3806 corum

538 3831 653 3892 Norunt
675 3840 843 3907 geometras
866 3833 1064 3896 definitionem
1087 3841 1391 3913 commensurationis,
1422 3857 1499 3916 quae
1521 3856 1610 3897 unam
1638 3837 1736 3896 solam
1761 3849 1874 3894 commn-

541 3935 607 3979 nem
623 3919 796 3979 'mensuram
818 3925 948 3997 requirit,
972 3941 1030 3982 non
1055 3923 1129 3984 duas
1151 3927 1281 3986 interea
1304 3925 1621 3997 incommensurabiles,
1644 3934 1677 3983 ut
1698 3921 1780 4000 quod
1794 3919 1881 3980 aaron

538 4010 588 4066 uni
611 4017 657 4066 est
679 4009 876 4088 impossibiie,
899 4009 929 4068 id
952 4009 1038 4072 cedat
1059 4012 1153 4071 alteri.
1320 4079 1328 4092 ,
1538 4075 1543 4086 ,

623 4093 689 4154 Hoc
716 4097 805 4170 igitur
837 4094 1027 4159 fundamento
1058 4102 1172 4175 posito,
1206 4104 1414 4160 conaonautias
1441 4117 1512 4160 esse.
1535 4103 1611 4159 ieter
1633 4115 1666 4157 se
1688 4105 1723 4158 ut
1744 4107 1871 4155 numeret,

537 4181 664 4257 illasque
694 4185 836 4242 concinno
868 4185 1024 4246 intervallo
1054 4181 1315 4268 (quantocunque)
1347 4199 1379 4247 ut
1409 4205 1546 4247 numeros
1576 4189 1689 4260 unliuta
1706 4178 1872 4252 ,mensurni

433 4267 436 4273 ’
534 4269 596 4345 jam
618 4285 779 4345 memores
797 4271 962 4330 macbinsm
985 4271 1107 4330 ulterius
1129 4283 1160 4332 et
1180 4278 1252 4349 quia
1272 4277 1416 4335 rationem
1437 4276 1664 4351 consequentiae
1681 4267 1871 4353 prbpriscnofl

537 4357 668 4428 invenis,
693 4373 752 4427 cur,
777 4357 801 4414 si
824 4360 952 4418 manime
971 4359 1148 4436 probasses,
1172 4365 1379 4420 consonantias
1402 4380 1467 4421 esse
1489 4365 1564 4421 inter
1584 4379 1618 4420 ss
1640 4353 1871 4419 commensurabi-

538 4441 591 4514 ics,
614 4449 770 4518 propiores
793 4449 880 4502 ionos
894 4453 931 4502 ·et
954 4448 1110 4504 semitonia
1132 4450 1230 4523 priora
1257 4449 1339 4508 diem
1361 4452 1576 4519 consonantiis,
1610 4447 1650 4506 ad
1671 4442 1872 4506 dmdirudinen

540 4529 685 4604 coniugis:
711 4533 797 4601 aaut,
821 4532 926 4606 inquis,
950 4536 1056 4592 unitae
1076 4551 1107 4591 ss
1121 4537 1188 4610 ipsa
1209 4543 1252 4594 ert
1273 4545 1301 4595 ei
1311 4540 1402 4612 prior
1415 4538 1556 4597 omnibus
1573 4537 1720 4609 numeru,
1741 4536 1784 4592 sic
1795 4531 1870 4588 siim

538 4619 722 4677 conmanunt
751 4620 840 4694 priter
867 4625 909 4678 ssi
937 4623 1152 4680 comonmiiis.
1198 4623 1289 4698 Atqui
1318 4626 1394 4684 ratio
1416 4633 1650 4700 comparatorum
1683 4629 1729 4680 est
1749 4616 1870 4678 dimmit-

498 4776 503 4788 Ι
536 4705 624 4780 sinna:
651 4700 679 4782 i)
702 4706 816 4776 unitas,
833 4706 873 4763 ‘ni
895 4707 1006 4765 numeri
1029 4725 1146 4781 omnes,
1171 4712 1344 4776 mantuani
1367 4728 1455 4787 opos,
1488 4714 1664 4782 condunum
1686 4708 1802 4783 requirit
1821 4711 1868 4760 ter·

537 4793 638 4850 minos
661 4791 732 4856 ioris
761 4795 936 4852 constitutos
965 4795 994 4850 in
1021 4797 1121 4871 sonis,
1158 4795 1189 4875 2)
1211 4799 1308 4858 onitas
1337 4799 1463 4874 simplex
1485 4805 1593 4859 est‘et·
1616 4800 1704 4857 unica
1719 4795 1869 4874 (quaen

536 4879 649 4937 numeri
672 4879 700 4936 in
723 4877 872 4938 abstracto
895 4879 1123 4957 considerantur,
1147 4892 1181 4941 ut
1202 4888 1399 4958 nrrnuerantea
1422 4887 1533 4964 quippe
1547 4885 1707 4962 dequibus
1730 4894 1761 4941 tu
1781 4879 1866 4952 loni*

537 4962 597 5044 ris),
622 4963 796 5024 concinnum
818 4983 876 5026 non
899 4967 944 5026 est'
966 4968 1105 5045 simplex,
1134 4969 1271 5030 differunt
1293 4973 1369 5031 enirn
1393 4974 1411 5031 ii
1435 4971 1484 5034 -vei
1507 4975 1527 5030 i
1548 4976 1693 5033 concinna
1715 4962 1866 5046 quantilli·

537 5051 593 5109 bus
625 5059 655 5110 ei
677 5051 814 5112 differunt
842 5071 878 5114 eo
905 5055 971 5130 ipso
994 5065 1142 5132 respectu,
1173 5075 1232 5133 quo
1252 5063 1465 5120 consonantiae
1494 5059 1523 5118 id
1545 5068 1614 5118 sunt
1640 5056 1723 5135 quod
1744 5057 1864 5114 donatur·

537 5137 603 5195 Nisi
625 5139 702 5196 emm
724 5143 865 5199 concinna
889 5141 1070 5201 diversarum
1092 5148 1288 5220 quantitatum
1311 5148 1386 5206 iuter
1406 5164 1439 5206 se
1460 5149 1654 5219 maneantur,
1683 5161 1744 5204 nou
1763 5153 1864 5200 amns·

539 5223 622 5282 bitur.
639 5226 727 5286 uerbi
759 5243 850 5288 caum
880 5245 916 5293 er
941 5230 1030 5293 duel
1055 5235 1073 5290 ‘i
1097 5233 1176 5306 tonis
1197 5233 1358 5310 majoribus
1389 5234 1492 5312 aliqua
1519 5235 1713 5294 consonantia
1734 5229 1862 5304 dirimis
