4242 6384
473 830 514 892 32
846 825 988 898 Epistolae
1005 825 1118 909 Kepleri
1136 826 1304 898 aliorumque
1321 832 1431 884 mutuae

473 1005 581 1066 Tendit
602 1011 700 1065 autem
723 1005 861 1066 circulum
884 1005 1003 1065 durities
1024 1007 1179 1080 materiae,
1208 1013 1318 1067 rectam
1344 1023 1414 1067 vcro
1437 1003 1590 1078 chordam,
1622 1003 1737 1064 etiamsi
1760 1020 1822 1063 non

474 1096 517 1154 ita
539 1093 612 1152 dure
634 1095 685 1166 ait,
709 1093 760 1154 aed
781 1092 916 1153 flexibilis
939 1111 1188 1170 quaquaversum,
1219 1095 1312 1154 tendit
1334 1097 1461 1170 capitum
1484 1092 1614 1152 violenta
1637 1091 1766 1150 diductio
1791 1093 1823 1148 in

473 1181 578 1258 plagas
601 1175 759 1256 oppositas.
805 1181 849 1240 Sit
871 1197 939 1258 ergo
963 1180 1087 1240 circulus
1110 1181 1215 1258 aliquis
1238 1181 1490 1257 aequabiliasimus
1514 1197 1549 1239 ex
1571 1178 1667 1239 solido
1688 1178 1823 1251 metallo,

473 1271 611 1340 tinniens,
643 1271 692 1343 qui
718 1285 777 1326 non
804 1273 917 1326 tantum
942 1268 971 1326 in
995 1285 1052 1326 uno
1076 1270 1161 1344 signo
1183 1269 1312 1327 firmatus
1334 1271 1447 1342 tinniat,
1470 1267 1523 1326 aed
1545 1269 1633 1326 etiam
1655 1269 1681 1326 si
1704 1266 1824 1325 duobus

474 1359 564 1433 signia
587 1355 701 1431 ligatur,
725 1354 837 1413 divisus
861 1357 890 1412 in
912 1357 1061 1431 portiones
1085 1355 1168 1430 duas,
1191 1357 1296 1415 tinniat
1317 1356 1419 1432 pulsus
1441 1356 1479 1414 ab
1500 1362 1625 1430 utraque
1646 1360 1739 1431 parte.

581 1475 788 1536 Axiomata.
833 1475 857 1533 I.
891 1475 963 1534 Pars
994 1475 1092 1536 circuli
1119 1477 1235 1537 brevior
1263 1477 1385 1538 celerius
1413 1484 1547 1537 movetur
1576 1475 1717 1552 apulsa,
1750 1476 1824 1552 quia

476 1565 570 1624 tensio
592 1565 733 1640 majorem
757 1562 847 1622 habet
868 1565 1087 1640 proportionem
1109 1564 1146 1624 ad
1168 1572 1281 1642 partem
1299 1566 1469 1638 breviorem,
1494 1581 1581 1640 qnam
1597 1561 1634 1622 ad
1649 1563 1823 1639 longiorem.

474 1650 601 1712 celerior
629 1658 726 1711 autem
753 1659 849 1710 motus
881 1667 985 1710 sonum
1017 1651 1106 1711 habet
1135 1653 1301 1712 acutiorem.
1354 1651 1581 1728 Bresis¹itaque
1602 1669 1670 1727 pars
1692 1659 1823 1723 acutum,

473 1739 562 1817 longa
584 1757 704 1816 gravem
727 1735 777 1797 dat
800 1755 913 1813 sonum,
937 1747 967 1798 et
988 1747 1085 1814 partes
1108 1739 1246 1816 aequales
1268 1737 1422 1818 aequalem
1444 1737 1515 1799 dant
1536 1757 1649 1798 sonum.

582 1843 621 1903 IL
644 1843 717 1903 Pars
740 1842 839 1903 circuli
861 1843 1002 1920 aliquota,
1026 1860 1102 1920 quae
1124 1862 1144 1904 a
1165 1845 1235 1905 dato
1257 1844 1486 1922 circulipuncto
1508 1846 1626 1920 incepta
1645 1843 1824 1918 geometrice

475 1933 607 2006 inveniri,
640 1929 830 1990 demonstrari
860 1938 889 2004 et
920 1932 1059 1990 constitui
1086 1939 1199 2008 potest,
1222 1940 1364 1992 consonat
1385 1949 1452 1992 oum
1474 1939 1546 2000 toto.
1568 1989 1572 1995 ,
1592 1931 1630 1990 lit
1650 1937 1750 2006 partes
1774 1929 1824 1988 sel

475 2019 615 2094 chordae,
650 2026 815 2095 quaesunt
838 2017 875 2076 ad
899 2018 1022 2077 invicem
1045 2023 1078 2077 ut
1099 2028 1178 2080 totus
1201 2019 1325 2080 circulus
1355 2027 1384 2080 et
1405 2019 1474 2096 ejus
1502 2019 1634 2095 aliquota
1663 2035 1747 2093 pars,
1779 2019 1824 2076 sic

475 2108 650 2185 geometrice
674 2105 916 2180 demonstrabilis,
939 2105 1073 2166 similiter
1093 2109 1168 2166 iuter
1189 2126 1222 2168 ae
1244 2115 1415 2168 consonant.

582 2209 639 2273 III.
663 2209 800 2269 Vicissim
817 2227 884 2286 pars
907 2208 1006 2269 circuli
1021 2209 1162 2286 aliquota,
1183 2230 1261 2289 quae
1276 2208 1314 2271 sil
1328 2208 1553 2290 ἀγεωμετρητος,
1575 2207 1825 2268 demonstratione

475 2316 577 2360 carens
610 2304 714 2374 suapte
747 2304 864 2370 natura,
897 2295 1029 2356 dissonat
1058 2315 1078 2354 a
1106 2307 1169 2359 toto
1201 2301 1319 2359 circulo.
1363 2299 1401 2357 Et
1431 2302 1474 2358 aio
1506 2301 1593 2356 etiam
1628 2313 1824 2372 quaecunque

475 2384 671 2463 longitudines
693 2399 817 2444 sonorae
840 2386 869 2442 in
892 2384 944 2443 tali
966 2387 1153 2462 proportione
1175 2387 1213 2447 ad
1235 2405 1268 2448 ae
1290 2393 1391 2446 mutuo
1414 2388 1600 2445 constitutae.

582 2489 665 2549 Haec
688 2487 747 2547 duo
770 2489 919 2546 axiomata
941 2489 1089 2548 insinuaut
1110 2491 1196 2550 nobis
1226 2489 1426 2550 admirabilem
1448 2502 1566 2548 causam
1588 2487 1822 2546 harmoniarum:

476 2586 509 2638 ut
531 2575 670 2654 quicquid
694 2577 723 2634 in
745 2577 905 2652 geometria
928 2578 1060 2652 congruit
1086 2579 1248 2652 abstracte,
1280 2585 1420 2654 congruat
1446 2579 1535 2636 ctiam
1562 2578 1592 2632 in
1613 2582 1764 2646 concreto,
1797 2575 1825 2632 si

476 2667 652 2740 materiatus.
706 2663 753 2722 Ita
780 2663 843 2734 liet,
874 2671 907 2720 ut
937 2665 1098 2739 geometria
1125 2667 1164 2725 sit
1191 2665 1368 2742 archetypus
1394 2663 1511 2737 muudi,
1543 2662 1623 2738 quod
1653 2665 1742 2722 etiam
1770 2677 1826 2736 per

476 2753 584 2830 figuras
606 2751 725 2825 solidas,
748 2753 877 2826 quinque
900 2767 1022 2826 corpora
1044 2751 1146 2826 dictas,
1169 2755 1200 2811 iu
1222 2754 1450 2813 conformatione
1465 2752 1660 2828 proportionis
1675 2748 1827 2808 coelorum

478 2841 707 2901 demonstratum
730 2847 775 2898 cst
796 2857 815 2896 a
835 2855 882 2896 me
904 2839 935 2894 in
963 2855 1028 2898 mco
1051 2839 1213 2900 Prodromo
1243 2859 1296 2900 seu
1318 2839 1460 2918 Mysterio
1484 2837 1740 2914 cosmograpbioo.
1786 2835 1826 2893 Et

478 2946 544 2988 cum
567 2927 744 3005 geometrica
765 2925 844 2986 entia
861 2927 895 2985 in
918 2933 1014 2984 mente
1035 2928 1205 3002 subsistant,
1228 2936 1296 2988 sunt
1318 2930 1406 3005 igitur
1428 2928 1486 2985 duo
1508 2935 1671 2986 coaeterna.
1711 2922 1825 2982 Arche-

478 3024 566 3094 typus
589 3017 677 3090 igitur
699 3012 799 3071 mundi
822 3019 955 3072 aeternus
979 3021 1008 3072 ct
1031 3031 1107 3088 quae
1128 3015 1189 3074 alia
1209 3016 1369 3088 mirabilia,
1391 3017 1497 3090 partim
1518 3021 1548 3073 ct
1569 3011 1732 3088 paradoxa,
1754 3009 1825 3068 inde

480 3104 589 3163 exstrui
618 3107 751 3177 possunt.
796 3099 927 3174 Cumque
950 3099 1079 3160 infinitae
1109 3105 1167 3160 sint
1193 3111 1290 3178 partes
1320 3101 1419 3160 circuli
1448 3099 1702 3171 demonstrabiles,
1730 3099 1826 3156 tribus

480 3189 628 3249 ordinibus
644 3193 811 3263 surgentes:
835 3187 1004 3260 bisectione,
1021 3190 1195 3263 triseotione,
1213 3191 1436 3265 quinisectione,
1454 3187 1575 3265 singulis
1590 3181 1642 3264 per
1656 3187 1826 3246 continuam

478 3278 670 3337 bisoctioucm
703 3276 733 3331 in
763 3271 905 3331 inlinitum
935 3274 1124 3350 abeuntibus,
1156 3276 1286 3336 infinitae
1306 3279 1404 3358 ⁸etiam
1432 3275 1502 3335 licut
1524 3273 1748 3335 concordantiae
1769 3289 1824 3348 per

480 3371 600 3424 octavas
628 3379 680 3422 seu
709 3367 863 3422 dannanus
890 3368 1088 3437 propagatae;
1120 3369 1153 3422 ut
1178 3365 1253 3422 ratio
1282 3364 1355 3422 haec
1383 3365 1423 3422 sit
1451 3363 1619 3422 certissima.
1662 3359 1730 3421 Una
1759 3358 1827 3418 sola

479 3453 619 3511 instantia
647 3449 765 3509 affertur
794 3464 845 3524 per
877 3447 1141 3525 quindecangulam
1173 3468 1225 3510 seu
1253 3459 1364 3526 partem
1393 3449 1492 3510 circuli
1519 3449 1661 3510 decimam
1683 3447 1824 3524 quintam,

480 3557 556 3617 quae
588 3538 658 3597 licet
673 3537 859 3614 ‘geometrice
892 3538 1100 3611 constituatur,
1116 3555 1190 3615 'non
1224 3547 1365 3597 consonat
1393 3545 1489 3597 tamen
1518 3553 1584 3596 cum
1614 3535 1731 3596 circulo.
1777 3533 1826 3593 Ad

479 3625 650 3687 solvendam
684 3627 771 3701 igitur
803 3622 879 3682 hanc
912 3622 1106 3698 objectionem
1138 3625 1336 3685 consideretur
1368 3625 1474 3683 modus
1507 3623 1762 3684 demonstrationis
1796 3628 1828 3681 et

480 3711 707 3792 quindecangnli
735 3718 765 3770 ct
797 3718 957 3770 ceterorum
988 3715 1127 3771 omnium.
1183 3713 1344 3789 Apparebit
1375 3714 1607 3788 quinisectionis,
1640 3712 1825 3782 triseotionis,

479 3803 649 3862 biaeotionis
672 3799 751 3875 legas
775 3813 838 3856 ease
861 3799 1010 3873 proprias,
1040 3799 1199 3875 cujuslibet
1226 3803 1256 3857 in
1286 3817 1340 3859 suo
1364 3798 1465 3858 ordine
1486 3801 1516 3856 in
1538 3797 1698 3871 infinitum,
1728 3799 1771 3854 sic
1793 3803 1827 3854 ut

479 3897 594 3968 praeter
622 3889 827 3960 bisentionam,
860 3886 994 3944 omnibus
1023 3887 1115 3947 tribua
1145 3887 1297 3948 ordinibus
1326 3903 1523 3960 communem,
1555 3885 1628 3943 nihil
1657 3893 1827 3945 cananeum

480 3977 668 4055 ingradiatur.
712 3973 787 4034 Nam
818 3973 954 4032 circulus·
970 3974 999 4030 in
1031 3973 1089 4034 duo
1116 3983 1231 4034 secatur
1252 3975 1341 4035 ducta
1369 3974 1509 4034 diametro
1533 3972 1590 4031 ΑΗ
1612 3986 1666 4048 per
1686 3979 1826 4030 centrum.

889 4119 894 4128 ,
1003 4061 1040 4120 Et
1062 4062 1166 4122 exinde
1189 4067 1283 4124 omnia
1303 4079 1388 4129 arcus
1411 4064 1440 4120 ia
1463 4061 1521 4120 duo
1543 4068 1667 4132 secatur,
1689 4058 1777 4116 ducta
1790 4075 1829 4116 ex

1000 4157 1098 4209 canno
1131 4159 1211 4210 recta
1242 4153 1273 4208 in
1306 4151 1475 4210 subtenaam
1508 4144 1747 4225 perpendiculari.
1791 4144 1828 4202 ln

853 4304 857 4323 ¹
929 4273 952 4323 θ
1000 4253 1052 4296 sex
1075 4255 1145 4297 vero
1168 4245 1282 4299 secatur
1297 4237 1421 4305 circulus
1439 4235 1588 4312 applicata
1611 4233 1827 4292 semidiametro

999 4324 1054 4383 AL
1087 4325 1125 4384 ad
1157 4324 1416 4383 circumferentiam
1444 4326 1474 4380 in
1497 4325 1524 4381 Α
1552 4330 1583 4382 et
1603 4322 1639 4380 Β.
1690 4317 1775 4380 Unde
1798 4326 1828 4378 ct

999 4427 1068 4487 pars
1089 4413 1176 4471 tertia
1195 4420 1225 4470 et
1239 4409 1412 4470 duodecima
1431 4418 1460 4469 et
1474 4413 1543 4476 242
1563 4417 1617 4468 eto.
1639 4413 1827 4484 propagatur.

999 4498 1049 4558 Sic
1063 4499 1187 4558 circulus
1200 4502 1230 4556 in
1247 4499 1287 4556 10
1303 4507 1417 4557 secatur
1430 4500 1489 4556 sic:
1512 4496 1670 4572 quadretur
1687 4493 1828 4553 semidia-

999 4593 1092 4646 meter
1121 4585 1187 4659 ab,
1225 4586 1259 4643 ut'
1286 4585 1350 4662 eius
1380 4584 1554 4662 quadratum
1588 4582 1626 4641 sit
1653 4581 1711 4656 AI,
1749 4578 1828 4656 quod

1001 4679 1116 4734 secetur
1140 4670 1283 4749 parallela
1309 4672 1375 4732 MN
1404 4675 1460 4746 sic,
1490 4677 1525 4730 ut
1552 4669 1671 4746 planum
1694 4669 1749 4728 ΑΝ
1777 4666 1833 4726 fiat-

1001 4759 1126 4837 aequale
1156 4759 1314 4838 quadrato,
1328 4760 1447 4835 majoris
1477 4760 1569 4834 partis
1597 4756 1665 4816 ML
1694 4755 1743 4816 rel
1771 4753 1833 4829 NI,

1002 4847 1083 4930 quod
1104 4848 1143 4906 ait
1164 4844 1222 4907 10.
1264 4847 1300 4906 Id
1322 4854 1422 4906 autem
1443 4846 1618 4923 geometrico
1639 4844 1701 4902 lieri
1722 4849 1829 4919 potest,

485 4926 518 4998 u't
540 4939 659 5002 docetur
680 4939 755 5002 libro
777 4940 818 5003 11.
841 4942 980 5006 Euclidis.
1033 4935 1118 4994 Tunc
1140 4943 1185 4995 eet
1203 4934 1260 4994 AL
1281 4943 1346 4994 tota
1367 4934 1405 4993 ad
1427 4933 1484 4992 Lll
1512 4933 1609 5008 maius
1638 4937 1828 5008 segmentum,

484 5035 518 5086 ut
540 5028 597 5088 LM
618 5028 657 5090 ad
679 5029 740 5090 ΜΔ
762 5029 920 5090 residuum.
972 5026 1066 5104 Igitur
1087 5021 1147 5080 Lu
1167 5021 1317 5098 applicata
1345 5021 1384 5080 ad
1412 5020 1670 5080 circumferentiam
1686 5015 1830 5076 «rescindit

484 5125 597 5196 partem
628 5119 770 5179 decimam
801 5119 866 5180 ΑΚ.
912 5120 949 5178 tlt
978 5115 1034 5173 hac
1063 5109 1309 5172 demonstratione
1331 5111 1440 5185 aniate
1469 5125 1551 5184 pars,
1583 5114 1617 5165 ut
1638 5113 1668 5166 et
1689 5106 1831 5181 vicesima

486 5215 516 5267 et
538 5213 650 5268 ceterae
673 5223 774 5268 omnes
794 5195 1043 5269 communicant'
1074 5199 1251 5274 Habentqua
1273 5196 1341 5258 indo
1362 5197 1490 5273 partium
1511 5213 1565 5256 acu
1584 5209 1705 5254 acuum
1725 5191 1830 5254 borum

485 5297 641 5357 subtausae
663 5313 732 5358 suas
755 5294 794 5356 ad
816 5295 988 5356 diametrum
1007 5288 1208 5366 aequatioues.
