4242 6384
712 1776 717 1785 ,
1007 1656 1073 1736 JO.
1099 1554 1339 1751 territi]
1376 1736 1379 1743 ,

790 1814 1554 1935 rmmmmmn

712 2022 778 2111 ,iia
808 2006 1044 2129 congruentia
1083 2023 1286 2111 Figuratum
1321 2024 1617 2097 Harmouiosrum.
1707 2048 1708 2057 ¹

1069 2276 1276 2287 -u—-n—

920 2458 924 2464 ’
1007 2458 1329 2547 rttttiiiiiii.

582 2638 749 2701 Essentim
762 2637 943 2717 singularum
956 2636 1115 2715 figurarum
1130 2639 1310 2716 regularium
1329 2636 1488 2701 mentalem
1510 2654 1564 2699 sau
1585 2660 1690 2717 vespm
1709 2634 1854 2699 hactenns

498 2726 662 2805 explicari:
684 2728 817 2805 sequitur
837 2744 939 2789 worn
956 2726 1125 2803 junctarum
1140 2728 1313 2805 proprietas,
1336 2734 1367 2787 et
1387 2724 1709 2789 rememoreramus
1729 2742 1855 2803 geome-

498 2816 593 2891 triam,
615 2817 667 2893 qni
690 2823 736 2881 est
758 2818 949 2891 coagmentis
971 2814 1020 2875 rei
1041 2816 1267 2877 insociabilitas.
1310 2814 1378 2875 Nou
1399 2822 1469 2877 arnt
1491 2815 1570 2879 enirn
1591 2812 1725 2891 ejusdam
1746 2812 1854 2873 latitu-

497 2898 574 2962 dinis
603 2902 872 2963 demonstrabiiitas
900 2911 931 2963 et
958 2906 1165 2979 congruentia,
1192 2920 1258 2965 cum
1287 2902 1340 2961 ilia
1366 2901 1548 2977 alngsimum
1577 2904 1616 2961 sit
1645 2908 1675 2961 et
1696 2903 1857 2976 cumipse

497 2988 701 3067 duplicatione
720 2992 860 3064 mutiana
880 2988 1006 3049 laterum
1035 2992 1123 3051 nnius
1152 2990 1263 3067 figurae
1290 2991 1320 3047 in
1343 2988 1487 3049 inlinitum
1510 2996 1657 3063 excurrat,
1687 2990 1745 3047 ista
1767 2990 1857 3047 certis

498 3084 631 3137 coartata
650 3076 783 3153 legibus,
807 3077 916 3154 qulbus
937 3076 1037 3153 piures
1059 3077 1170 3154 figurae
1194 3080 1222 3135 in
1246 3094 1334 3137 unam
1356 3079 1528 3137 societatem
1551 3086 1707 3149 vocantur,
1736 3075 1776 3135 ob
1801 3092 1858 3133 an-

497 3164 634 3241 gulorum
655 3167 835 3224 incrementa
855 3180 887 3225 se
910 3165 1005 3240 ipsam
1026 3164 1228 3242 praepediens,
1253 3166 1312 3227 cito
1336 3164 1460 3225 damnat
1505 3165 1543 3223 Et
1565 3164 1700 3241 quamvis
1723 3161 1857 3227 deiectus

497 3252 538 3311 sit
558 3250 703 3328 marinum
724 3252 864 3311 scientiae
886 3250 1201 3329 demonstrationisque
1223 3260 1253 3313 et
1273 3250 1428 3328 plurimum
1444 3250 1578 3315 differant
1600 3251 1753 3313 nobilitate
1775 3248 1857 3323 illae,

499 3355 575 3416 ques
598 3355 653 3399 nos
674 3337 896 3415 explicavimus,
911 3338 951 3399 ab
965 3340 1011 3412 iis,
1034 3356 1109 3417 ques
1124 3339 1285 3401 dimisimus
1308 3342 1372 3401 siue
1394 3338 1526 3399 nomine:
1549 3354 1607 3397 non
1623 3346 1720 3399 umen
1734 3354 1771 3397 ne
1789 3355 1858 3397 cum

500 3426 558 3485 hec
580 3426 699 3503 quidem
722 3424 979 3487 demonstrationis
1000 3426 1156 3495 nobidtate
1178 3430 1370 3505 congruentia
1398 3426 1487 3513 plane
1508 3429 1572 3503 pari
1594 3442 1685 3503 passu
1707 3424 1857 3499 ambulat,

500 3513 636 3591 adeoque
659 3528 749 3574 unnm
772 3514 900 3573 alteriue-
917 3530 1007 3574 cansa
1027 3530 1087 3573 non
1102 3522 1156 3591 est,
1179 3512 1402 3593 sodomamque
1425 3532 1462 3575 ex
1477 3514 1580 3575 eadem
1603 3516 1859 3575 communicasse

500 3597 594 3685 (quae
616 3610 662 3661 ast
683 3600 858 3679 angulorum
879 3600 991 3677 figurae
1005 3598 1165 3686 aptitudo),
1188 3601 1326 3680 quodque
1347 3610 1445 3663 tamen
1468 3604 1530 3663 suis
1552 3602 1676 3678 legibus,
1700 3600 1858 3677 dependet

500 3687 690 3766 Quantopere
713 3706 783 3751 vero
806 3692 973 3749 uecesmia
994 3692 1034 3748 sit
1054 3690 1141 3751 nobie
1162 3689 1236 3751 haec
1258 3707 1376 3767 quoqne
1397 3688 1607 3767 speculationis
1628 3706 1707 3767 pars,
1731 3706 1767 3749 ax
1791 3690 1858 3765 ipso

501 3779 593 3837 totius
616 3779 713 3855 operis
735 3777 869 3837 instituto
891 3775 993 3836 videre
1016 3785 1069 3858 est.
1105 3775 1179 3837 Cirm
1201 3779 1278 3838 euim
1294 3780 1435 3855 originem
1457 3777 1641 3837 harmonicen
1663 3774 1788 3853 ejusque
1812 3777 1859 3835 ai-

499 3863 597 3940 iectns
619 3869 649 3923 ln
679 3872 743 3925 toto
766 3862 875 3925 mundo
903 3866 1172 3941 praestantissimos
1199 3864 1389 3942 explicandae
1410 3868 1617 3938 sumserimus,
1646 3858 1796 3941 quomodo
1821 3862 1859 3921 de

501 3954 692 4029 congruentia
721 3952 897 4029 figurarum,
932 3969 1009 4029 quae
1038 3960 1107 4012 sunt
1135 3955 1358 4031 proportionum
1385 3952 1619 4013 harmonicorum
1650 3952 1858 4026 scaturigines,

500 4042 593 4102 verba
613 4040 696 4101 nulla
717 4026 882 4101 iaciamus?
904 4056 971 4103 cunr
992 4030 1071 4101 idem'
1085 4048 1171 4102 sonet
1186 4032 1299 4101 Latinis
1322 4057 1481 4119 congruere
1496 4048 1526 4099 et
1544 4040 1749 4116 congruentia,
1774 4036 1859 4114 quod

502 4127 623 4188 Graecis
645 4124 799 4205 dpporrsn
821 4137 851 4188 et
872 4123 1013 4205 dpporrn,
1048 4144 1114 4188 cum
1144 4128 1193 4189 irio
1221 4128 1380 4205 dgmarum
1410 4128 1530 4209 allectus
1558 4128 1634 4186 intra
1663 4128 1858 4205 geometriam

501 4216 635 4292 intmqne
658 4216 897 4276 architectonicas
919 4225 1032 4291 partem
1047 4216 1136 4287 iiiam,
1160 4232 1237 4293 qnae
1253 4217 1330 4275 circa
1344 4214 1520 4293 archetypos
1535 4222 1676 4289 versatur,
1699 4216 1738 4274 eit
1760 4230 1859 4291 quae·

502 4300 570 4361 dam
593 4303 675 4362 reiut
696 4304 795 4380 imago
823 4310 854 4363 et
874 4303 1058 4380 praeludium
1082 4299 1240 4363 effectuum
1269 4309 1351 4363 extra
1373 4304 1563 4379 geometriam
1586 4302 1858 4381 extraqneumentia

501 4396 661 4465 conceptus
681 4391 711 4447 in
730 4392 807 4465 'ipsis
828 4390 916 4449 rebus
939 4390 1123 4449 naturalibus
1146 4398 1175 4449 et
1198 4386 1389 4465 coelestibus,
1413 4406 1478 4451 cnm
1500 4392 1664 4467 proprietas
1685 4388 1760 4451 haec
1781 4404 1858 4449 con-

501 4478 662 4555 montiae,
686 4494 763 4552 quse
785 4479 815 4533 in
838 4484 1012 4536 structuram
1036 4485 1066 4538 et
1087 4478 1321 4554 corporationem
1342 4477 1471 4555 aliquam
1494 4478 1567 4552 exit,
1590 4476 1658 4537 talis
1681 4478 1729 4553 sit,
1752 4483 1785 4537 ut
1809 4475 1860 4536 rel

502 4568 569 4643 ipsa
590 4572 718 4623 mentem
739 4562 960 4640 speculatricem
983 4564 1089 4623 inritet
1111 4564 1149 4624 ad
1172 4562 1284 4641 siiqaid
1301 4569 1390 4625 etiam
1405 4564 1475 4624 ioris
1489 4564 1664 4639 iaciendum,
1688 4562 1858 4639 creandum,

501 4650 730 4730 corporandum,
760 4658 851 4727 utque
877 4648 973 4711 lateus
1000 4651 1068 4710 inde
1099 4649 1136 4711 ab
1168 4660 1286 4713 aeterno
1316 4654 1347 4711 in
1369 4650 1613 4729 superbenedicta
1634 4660 1731 4713 menta
1754 4651 1858 4712 divina

500 4757 554 4819 per
575 4740 707 4801 idearum
730 4734 847 4799 ordines
868 4744 1011 4815 tanquam
1033 4740 1143 4801 bonnm
1165 4757 1318 4816 summum,
1342 4735 1389 4801 sui
1404 4742 1689 4815 communicativum,
1715 4740 1858 4800 contineri

501 4828 533 4889 iu
554 4844 610 4889 sua
630 4828 827 4889 abanactioue
849 4842 909 4886 uon
931 4828 1075 4903 potuerit,
1099 4831 1169 4905 quin
1193 4830 1222 4887 in
1245 4830 1399 4891 creationis
1423 4844 1497 4905 opus
1519 4834 1719 4905 prorumperet
1741 4826 1859 4887 Deum·

501 4932 560 4991 qne
589 4922 749 4978 mentorem
778 4914 905 4975 efficeret
934 4931 1088 4991 corporum
1116 4916 1172 4975 sub
1200 4916 1311 4977 iisdem·
1338 4915 1439 4993 figuris
1467 4914 1698 4977 conclusorum·
1724 4912 1770 4975 De
1801 4914 1858 4977 hac

502 5004 591 5079 igitur
613 5002 770 5081 figurarum
792 5005 982 5081 congruentia
1003 5005 1107 5080 paucis
1129 5020 1233 5081 mam,
1265 5022 1331 5065 cnm
1359 5004 1622 5077 demonstrationes
1645 4995 1859 5064 difficilcs'ne·

502 5105 651 5169 umqum
671 5094 740 5166 sint,
762 5108 817 5155 nec
839 5090 898 5153 elio
919 5107 995 5168 pene
1017 5098 1171 5169 apparato,
1194 5109 1283 5169 qnam
1298 5094 1364 5169 ipsa
1378 5091 1538 5169 figurarum
1558 5092 1674 5169 pictura
1692 5088 1856 5177 indigeant.

1101 5278 1255 5315 ¹*
