<?xml version="1.0" encoding="UTF-8"?>
<!DOCTYPE html PUBLIC "-//W3C//DTD XHTML 1.0 Transitional//EN"
    "http://www.w3.org/TR/xhtml1/DTD/xhtml1-transitional.dtd">
<html xmlns="http://www.w3.org/1999/xhtml" xml:lang="en" lang="en">
 <head>
  <title>
</title>
<meta http-equiv="Content-Type" content="text/html;charset=utf-8" />
  <meta name='ocr-system' content='tesseract 3.04.00' />
  <meta name='ocr-capabilities' content='ocr_page ocr_carea ocr_par ocr_line ocrx_word'/>
</head>
<body>
  <div class='ocr_page' id='page_1' title='image "./joanniskepleria20frisgoog_0364.png"; bbox 0 0 4242 6384; ppageno 0'>
   <div class='ocr_carea' id='block_1_1' title="bbox 516 744 1450 824">
    <p class='ocr_par' dir='ltr' id='par_1_1' title="bbox 516 744 1450 824">
     <span class='ocr_line' id='line_1_1' title="bbox 516 744 1450 824; baseline 0.009 -28"><span class='ocrx_word' id='word_1_1' title='bbox 516 749 581 814; x_wconf 69' lang='lat'><strong>350</strong></span> <span class='ocrx_word' id='word_1_2' title='bbox 900 757 915 778; x_wconf 76' lang='lat'><strong><em>‘</em></strong></span> <span class='ocrx_word' id='word_1_3' title='bbox 1027 744 1177 804; x_wconf 64' lang='lat' dir='ltr'><strong>itoicmata&#39;</strong></span> <span class='ocrx_word' id='word_1_4' title='bbox 1193 744 1348 824; x_wconf 76' lang='lat' dir='ltr'><strong>Harmonia</strong></span> <span class='ocrx_word' id='word_1_5' title='bbox 1446 763 1450 772; x_wconf 85' lang='grc'><strong>’</strong></span> 
     </span>
    </p>
   </div>
   <div class='ocr_carea' id='block_1_2' title="bbox 468 921 1888 2574">
    <p class='ocr_par' dir='ltr' id='par_1_2' title="bbox 468 921 1888 2596">
     <span class='ocr_line' id='line_1_2' title="bbox 514 921 1838 1002; baseline 0.002 -18"><span class='ocrx_word' id='word_1_6' title='bbox 514 921 747 1001; x_wconf 70' lang='lat' dir='ltr'><strong>aemmosss¹)=</strong></span> <span class='ocrx_word' id='word_1_7' title='bbox 770 923 973 1002; x_wconf 57' lang='lat' dir='ltr'><strong>inumbra,</strong></span> <span class='ocrx_word' id='word_1_8' title='bbox 993 939 1073 1001; x_wconf 75' lang='lat' dir='ltr'><strong>quse</strong></span> <span class='ocrx_word' id='word_1_9' title='bbox 1095 925 1229 990; x_wconf 83' lang='lat' dir='ltr'><strong>mnststit</strong></span> <span class='ocrx_word' id='word_1_10' title='bbox 1243 925 1272 984; x_wconf 87' lang='lat' dir='ltr'><strong>in</strong></span> <span class='ocrx_word' id='word_1_11' title='bbox 1288 925 1507 1001; x_wconf 78' lang='lat' dir='ltr'><strong>trauamissiose</strong></span> <span class='ocrx_word' id='word_1_12' title='bbox 1520 924 1688 1002; x_wconf 70' lang='lat' dir='ltr'><strong>sensilium</strong></span> <span class='ocrx_word' id='word_1_13' title='bbox 1711 929 1838 1000; x_wconf 76' lang='lat' dir='ltr'><strong>menam,</strong></span> 
     </span>
     <span class='ocr_line' id='line_1_3' title="bbox 515 1011 1841 1091; baseline 0 -21"><span class='ocrx_word' id='word_1_14' title='bbox 515 1015 545 1070; x_wconf 83' lang='lat' dir='ltr'><strong>in</strong></span> <span class='ocrx_word' id='word_1_15' title='bbox 567 1015 662 1089; x_wconf 81' lang='lat' dir='ltr'><strong>prims</strong></span> <span class='ocrx_word' id='word_1_16' title='bbox 682 1013 867 1089; x_wconf 65' lang='lat' dir='ltr'><strong>daemone,</strong></span> <span class='ocrx_word' id='word_1_17' title='bbox 889 1013 1105 1073; x_wconf 78' lang='lat' dir='ltr'><strong>reminiscentis</strong></span> <span class='ocrx_word' id='word_1_18' title='bbox 1122 1015 1153 1072; x_wconf 89' lang='lat' dir='ltr'><strong>in</strong></span> <span class='ocrx_word' id='word_1_19' title='bbox 1169 1011 1362 1074; x_wconf 82' lang='lat' dir='ltr'><strong>observandis</strong></span> <span class='ocrx_word' id='word_1_20' title='bbox 1376 1021 1406 1072; x_wconf 91' lang='lat' dir='ltr'><strong>et</strong></span> <span class='ocrx_word' id='word_1_21' title='bbox 1428 1013 1623 1072; x_wconf 75' lang='lat' dir='ltr'><strong>memorandis</strong></span> <span class='ocrx_word' id='word_1_22' title='bbox 1643 1015 1687 1085; x_wconf 90' lang='lat' dir='ltr'><strong>iis,</strong></span> <span class='ocrx_word' id='word_1_23' title='bbox 1710 1031 1780 1090; x_wconf 85' lang='lat' dir='ltr'><strong>quae</strong></span> <span class='ocrx_word' id='word_1_24' title='bbox 1794 1017 1841 1091; x_wconf 75' lang='lat' dir='ltr'><strong>sig·</strong></span> 
     </span>
     <span class='ocr_line' id='line_1_4' title="bbox 515 1097 1844 1178; baseline 0.001 -21"><span class='ocrx_word' id='word_1_25' title='bbox 515 1108 587 1160; x_wconf 80' lang='lat' dir='ltr'><strong>nuta</strong></span> <span class='ocrx_word' id='word_1_26' title='bbox 609 1107 693 1171; x_wconf 68' lang='lat' dir='ltr'><strong>sunta</strong></span> <span class='ocrx_word' id='word_1_27' title='bbox 716 1098 866 1159; x_wconf 83' lang='lat' dir='ltr'><strong>dissuisus</strong></span> <span class='ocrx_word' id='word_1_28' title='bbox 890 1101 920 1156; x_wconf 88' lang='lat' dir='ltr'><strong>iu</strong></span> <span class='ocrx_word' id='word_1_29' title='bbox 942 1099 1100 1176; x_wconf 71' lang='lat' dir='ltr'><strong>mgaaneo</strong></span> <span class='ocrx_word' id='word_1_30' title='bbox 1123 1107 1153 1160; x_wconf 90' lang='lat' dir='ltr'><strong>et</strong></span> <span class='ocrx_word' id='word_1_31' title='bbox 1174 1097 1359 1176; x_wconf 74' lang='lat' dir='ltr'><strong>quaerend03</strong></span> <span class='ocrx_word' id='word_1_32' title='bbox 1383 1103 1483 1178; x_wconf 83' lang='lat' dir='ltr'><strong>opinio</strong></span> <span class='ocrx_word' id='word_1_33' title='bbox 1504 1104 1534 1160; x_wconf 89' lang='lat' dir='ltr'><strong>in</strong></span> <span class='ocrx_word' id='word_1_34' title='bbox 1549 1101 1741 1176; x_wconf 75' lang='lat' dir='ltr'><strong>coniectando</strong></span> <span class='ocrx_word' id='word_1_35' title='bbox 1754 1103 1844 1174; x_wconf 68' lang='lat' dir='ltr'><strong>obitam</strong></span> 
     </span>
     <span class='ocr_line' id='line_1_5' title="bbox 516 1185 1845 1267; baseline 0.002 -23"><span class='ocrx_word' id='word_1_36' title='bbox 516 1187 590 1246; x_wconf 90' lang='lat' dir='ltr'><strong>ratio</strong></span> <span class='ocrx_word' id='word_1_37' title='bbox 613 1189 643 1246; x_wconf 90' lang='lat' dir='ltr'><strong>iu</strong></span> <span class='ocrx_word' id='word_1_38' title='bbox 665 1197 746 1247; x_wconf 89' lang='lat' dir='ltr'><strong>recta</strong></span> <span class='ocrx_word' id='word_1_39' title='bbox 774 1186 999 1263; x_wconf 80' lang='lat' dir='ltr'><strong>dijudicatione3</strong></span> <span class='ocrx_word' id='word_1_40' title='bbox 1028 1189 1152 1248; x_wconf 87' lang='lat' dir='ltr'><strong>scientia</strong></span> <span class='ocrx_word' id='word_1_41' title='bbox 1175 1189 1203 1245; x_wconf 90' lang='lat' dir='ltr'><strong>in</strong></span> <span class='ocrx_word' id='word_1_42' title='bbox 1228 1189 1360 1246; x_wconf 77' lang='lat' dir='ltr'><strong>verimtis</strong></span> <span class='ocrx_word' id='word_1_43' title='bbox 1383 1187 1641 1264; x_wconf 73' lang='lat' dir='ltr'><strong>comprehensione</strong></span> <span class='ocrx_word' id='word_1_44' title='bbox 1671 1189 1792 1267; x_wconf 89' lang='lat' dir='ltr'><strong>periacts</strong></span> <span class='ocrx_word' id='word_1_45' title='bbox 1803 1185 1845 1267; x_wconf 63' lang='grc' dir='ltr'><strong>Η).</strong></span> 
     </span>
     <span class='ocr_line' id='line_1_6' title="bbox 517 1268 1888 1350; baseline 0 -18"><span class='ocrx_word' id='word_1_46' title='bbox 517 1271 576 1333; x_wconf 83' lang='lat' dir='ltr'><strong>Sed</strong></span> <span class='ocrx_word' id='word_1_47' title='bbox 599 1275 658 1334; x_wconf 89' lang='lat' dir='ltr'><strong>aiio</strong></span> <span class='ocrx_word' id='word_1_48' title='bbox 680 1272 770 1344; x_wconf 88' lang='lat' dir='ltr'><strong>modo</strong></span> <span class='ocrx_word' id='word_1_49' title='bbox 792 1272 934 1333; x_wconf 79' lang='lat' dir='ltr'><strong>dividitur</strong></span> <span class='ocrx_word' id='word_1_50' title='bbox 956 1277 1054 1334; x_wconf 89' lang='lat' dir='ltr'><strong>anima</strong></span> <span class='ocrx_word' id='word_1_51' title='bbox 1076 1284 1178 1334; x_wconf 91' lang='lat' dir='ltr'><strong>nostra</strong></span> <span class='ocrx_word' id='word_1_52' title='bbox 1198 1277 1229 1332; x_wconf 90' lang='lat' dir='ltr'><strong>in</strong></span> <span class='ocrx_word' id='word_1_53' title='bbox 1251 1268 1501 1350; x_wconf 69' lang='lat' dir='ltr'><strong>ratiocinativam,</strong></span> <span class='ocrx_word' id='word_1_54' title='bbox 1533 1275 1711 1336; x_wconf 79' lang='lat' dir='ltr'><strong>nmctbttem</strong></span> <span class='ocrx_word' id='word_1_55' title='bbox 1733 1285 1761 1335; x_wconf 89' lang='lat' dir='ltr'><strong>et</strong></span> <span class='ocrx_word' id='word_1_56' title='bbox 1781 1277 1846 1334; x_wconf 88' lang='lat' dir='ltr'><strong>desi·</strong></span> <span class='ocrx_word' id='word_1_57' title='bbox 1887 1295 1888 1332; x_wconf 84' lang='grc' dir='ltr'>ι</span> 
     </span>
     <span class='ocr_line' id='line_1_7' title="bbox 516 1357 1849 1442; baseline 0.003 -24"><span class='ocrx_word' id='word_1_58' title='bbox 516 1359 679 1422; x_wconf 86' lang='lat' dir='ltr'><strong>deratiram</strong></span> <span class='ocrx_word' id='word_1_59' title='bbox 707 1357 846 1442; x_wconf 73' lang='lat' dir='ltr'><strong>vinem).</strong></span> <span class='ocrx_word' id='word_1_60' title='bbox 891 1359 986 1438; x_wconf 75' lang='lat' dir='ltr'><strong>igitur</strong></span> <span class='ocrx_word' id='word_1_61' title='bbox 1007 1363 1214 1422; x_wconf 68' lang='lat' dir='ltr'><strong>ratiocinativa</strong></span> <span class='ocrx_word' id='word_1_62' title='bbox 1242 1369 1358 1440; x_wconf 86' lang='lat' dir='ltr'><strong>propter</strong></span> <span class='ocrx_word' id='word_1_63' title='bbox 1387 1379 1492 1422; x_wconf 79' lang='lat' dir='ltr'><strong>cauam</strong></span> <span class='ocrx_word' id='word_1_64' title='bbox 1519 1361 1726 1440; x_wconf 81' lang='lat' dir='ltr'><strong>aequalitatis,</strong></span> <span class='ocrx_word' id='word_1_65' title='bbox 1756 1363 1849 1422; x_wconf 85' lang='lat' dir='ltr'><strong>similes</strong></span> 
     </span>
     <span class='ocr_line' id='line_1_8' title="bbox 468 1449 1848 1527; baseline 0.006 -25"><span class='ocrx_word' id='word_1_66' title='bbox 468 1486 473 1502; x_wconf 61' lang='grc' dir='ltr'>ι</span> <span class='ocrx_word' id='word_1_67' title='bbox 515 1449 609 1524; x_wconf 89' lang='lat' dir='ltr'><strong>dictis,</strong></span> <span class='ocrx_word' id='word_1_68' title='bbox 633 1450 797 1527; x_wconf 83' lang='lat' dir='ltr'><strong>comparari</strong></span> <span class='ocrx_word' id='word_1_69' title='bbox 815 1449 882 1526; x_wconf 88' lang='lat' dir='ltr'><strong>jure</strong></span> <span class='ocrx_word' id='word_1_70' title='bbox 904 1451 1008 1508; x_wconf 90' lang='lat' dir='ltr'><strong>merito</strong></span> <span class='ocrx_word' id='word_1_71' title='bbox 1032 1467 1098 1513; x_wconf 84' lang='lat' dir='ltr'><strong>cum</strong></span> <span class='ocrx_word' id='word_1_72' title='bbox 1121 1449 1264 1526; x_wconf 81' lang='lat' dir='ltr'><strong>diapason</strong></span> <span class='ocrx_word' id='word_1_73' title='bbox 1287 1452 1410 1526; x_wconf 86' lang='lat' dir='ltr'><strong>poterit;</strong></span> <span class='ocrx_word' id='word_1_74' title='bbox 1434 1451 1596 1524; x_wconf 87' lang='lat' dir='ltr'><strong>irascibiiis,</strong></span> <span class='ocrx_word' id='word_1_75' title='bbox 1621 1469 1699 1526; x_wconf 86' lang='lat' dir='ltr'><strong>quae</strong></span> <span class='ocrx_word' id='word_1_76' title='bbox 1722 1449 1764 1508; x_wconf 92' lang='lat' dir='ltr'><strong>iiii</strong></span> <span class='ocrx_word' id='word_1_77' title='bbox 1785 1469 1848 1527; x_wconf 84' lang='lat' dir='ltr'><strong>quo·</strong></span> 
     </span>
     <span class='ocr_line' id='line_1_9' title="bbox 515 1535 1888 1622; baseline -0.001 -26"><span class='ocrx_word' id='word_1_78' title='bbox 515 1535 671 1598; x_wconf 84' lang='lat' dir='ltr'><strong>dammodo</strong></span> <span class='ocrx_word' id='word_1_79' title='bbox 692 1555 726 1598; x_wconf 89' lang='lat' dir='ltr'><strong>ae</strong></span> <span class='ocrx_word' id='word_1_80' title='bbox 749 1538 880 1615; x_wconf 85' lang='lat' dir='ltr'><strong>proxime</strong></span> <span class='ocrx_word' id='word_1_81' title='bbox 901 1540 1045 1610; x_wconf 84' lang='lat' dir='ltr'><strong>associat,</strong></span> <span class='ocrx_word' id='word_1_82' title='bbox 1069 1539 1277 1612; x_wconf 73' lang='lat' dir='ltr'><strong>consonantiae</strong></span> <span class='ocrx_word' id='word_1_83' title='bbox 1300 1535 1453 1614; x_wconf 72' lang='lat' dir='ltr'><strong>diapente,</strong></span> <span class='ocrx_word' id='word_1_84' title='bbox 1482 1535 1681 1598; x_wconf 87' lang='lat' dir='ltr'><strong>desiderativa</strong></span> <span class='ocrx_word' id='word_1_85' title='bbox 1704 1555 1758 1598; x_wconf 88' lang='lat' dir='ltr'><strong>seu</strong></span> <span class='ocrx_word' id='word_1_86' title='bbox 1779 1541 1850 1614; x_wconf 90' lang='lat' dir='ltr'><strong>cupi·</strong></span> <span class='ocrx_word' id='word_1_87' title='bbox 1887 1603 1888 1622; x_wconf 13' lang='grc' dir='ltr'>χ</span> 
     </span>
     <span class='ocr_line' id='line_1_10' title="bbox 515 1621 1888 1702; baseline 0.001 -18"><span class='ocrx_word' id='word_1_88' title='bbox 515 1623 609 1698; x_wconf 87' lang='lat' dir='ltr'><strong>ditas,</strong></span> <span class='ocrx_word' id='word_1_89' title='bbox 637 1633 770 1702; x_wconf 82' lang='lat' dir='ltr'><strong>atquae</strong></span> <span class='ocrx_word' id='word_1_90' title='bbox 791 1621 1104 1701; x_wconf 79' lang='lat' dir='ltr'><strong>praedictissubJ‘ecta</strong></span> <span class='ocrx_word' id='word_1_91' title='bbox 1133 1633 1162 1686; x_wconf 92' lang='lat' dir='ltr'><strong>et</strong></span> <span class='ocrx_word' id='word_1_92' title='bbox 1183 1623 1374 1684; x_wconf 86' lang='lat' dir='ltr'><strong>subordinate</strong></span> <span class='ocrx_word' id='word_1_93' title='bbox 1396 1627 1450 1698; x_wconf 89' lang='lat' dir='ltr'><strong>sit,</strong></span> <span class='ocrx_word' id='word_1_94' title='bbox 1482 1627 1691 1684; x_wconf 78' lang='lat' dir='ltr'><strong>consonantiae</strong></span> <span class='ocrx_word' id='word_1_95' title='bbox 1722 1626 1851 1686; x_wconf 87' lang='lat' dir='ltr'><strong>diatessa-</strong></span> <span class='ocrx_word' id='word_1_96' title='bbox 1887 1627 1888 1696; x_wconf 68' lang='lat' dir='ltr'><strong>i</strong></span> 
     </span>
     <span class='ocr_line' id='line_1_11' title="bbox 514 1707 1888 1791; baseline 0 -21"><span class='ocrx_word' id='word_1_97' title='bbox 514 1707 656 1791; x_wconf 66' lang='lat' dir='ltr'><strong>roam).</strong></span> <span class='ocrx_word' id='word_1_98' title='bbox 699 1711 776 1772; x_wconf 85' lang='lat' dir='ltr'><strong>Nam</strong></span> <span class='ocrx_word' id='word_1_99' title='bbox 802 1719 834 1772; x_wconf 91' lang='lat' dir='ltr'><strong>et</strong></span> <span class='ocrx_word' id='word_1_100' title='bbox 861 1719 977 1771; x_wconf 85' lang='lat' dir='ltr'><strong>ceterae</strong></span> <span class='ocrx_word' id='word_1_101' title='bbox 1005 1711 1165 1788; x_wconf 72' lang='lat' dir='ltr'><strong>dignitates</strong></span> <span class='ocrx_word' id='word_1_102' title='bbox 1195 1719 1225 1772; x_wconf 89' lang='lat' dir='ltr'><strong>et</strong></span> <span class='ocrx_word' id='word_1_103' title='bbox 1254 1711 1448 1776; x_wconf 82' lang='lat' dir='ltr'><strong>inclusionem</strong></span> <span class='ocrx_word' id='word_1_104' title='bbox 1469 1711 1590 1774; x_wconf 76' lang='lat' dir='ltr'><strong>citeriora</strong></span> <span class='ocrx_word' id='word_1_105' title='bbox 1620 1715 1650 1770; x_wconf 89' lang='lat' dir='ltr'><strong>iu</strong></span> <span class='ocrx_word' id='word_1_106' title='bbox 1664 1713 1768 1773; x_wconf 84' lang='lat' dir='ltr'><strong>-aitera</strong></span> <span class='ocrx_word' id='word_1_107' title='bbox 1794 1715 1851 1771; x_wconf 87' lang='lat' dir='ltr'><strong>atti·</strong></span> <span class='ocrx_word' id='word_1_108' title='bbox 1887 1737 1888 1780; x_wconf 62' lang='lat'>2</span> 
     </span>
     <span class='ocr_line' id='line_1_12' title="bbox 513 1797 1888 1875; baseline 0 -19"><span class='ocrx_word' id='word_1_109' title='bbox 513 1800 627 1871; x_wconf 70' lang='lat' dir='ltr'><strong>sauna,</strong></span> <span class='ocrx_word' id='word_1_110' title='bbox 658 1815 736 1875; x_wconf 81' lang='lat' dir='ltr'><strong>quse</strong></span> <span class='ocrx_word' id='word_1_111' title='bbox 756 1801 895 1875; x_wconf 74' lang='lat' dir='ltr'><strong>utrinque</strong></span> <span class='ocrx_word' id='word_1_112' title='bbox 916 1801 1105 1875; x_wconf 68' lang='lat' dir='ltr'><strong>contingunt,</strong></span> <span class='ocrx_word' id='word_1_113' title='bbox 1138 1797 1241 1859; x_wconf 88' lang='lat' dir='ltr'><strong>eodem</strong></span> <span class='ocrx_word' id='word_1_114' title='bbox 1268 1798 1330 1858; x_wconf 82' lang='lat' dir='ltr'><strong>isra</strong></span> <span class='ocrx_word' id='word_1_115' title='bbox 1352 1798 1439 1858; x_wconf 86' lang='lat' dir='ltr'><strong>modo</strong></span> <span class='ocrx_word' id='word_1_116' title='bbox 1469 1799 1559 1859; x_wconf 79' lang='lat' dir='ltr'><strong>‘ctiam</strong></span> <span class='ocrx_word' id='word_1_117' title='bbox 1588 1815 1626 1858; x_wconf 85' lang='lat' dir='ltr'><strong>ax</strong></span> <span class='ocrx_word' id='word_1_118' title='bbox 1649 1799 1732 1860; x_wconf 89' lang='lat' dir='ltr'><strong>hisce</strong></span> <span class='ocrx_word' id='word_1_119' title='bbox 1762 1799 1852 1859; x_wconf 87' lang='lat' dir='ltr'><strong>deduci</strong></span> <span class='ocrx_word' id='word_1_120' title='bbox 1887 1817 1888 1868; x_wconf 83' lang='lat' dir='ltr'><strong>i</strong></span> 
     </span>
     <span class='ocr_line' id='line_1_13' title="bbox 513 1877 1888 1964; baseline -0.001 -19"><span class='ocrx_word' id='word_1_121' title='bbox 513 1889 635 1963; x_wconf 88' lang='lat' dir='ltr'><strong>pstiqus</strong></span> <span class='ocrx_word' id='word_1_122' title='bbox 655 1893 796 1964; x_wconf 87' lang='lat' dir='ltr'><strong>possunt,</strong></span> <span class='ocrx_word' id='word_1_123' title='bbox 818 1893 849 1945; x_wconf 88' lang='lat' dir='ltr'><strong>ct</strong></span> <span class='ocrx_word' id='word_1_124' title='bbox 871 1885 1005 1962; x_wconf 69' lang='lat' dir='ltr'><strong>aegates</strong></span> <span class='ocrx_word' id='word_1_125' title='bbox 1027 1884 1206 1945; x_wconf 73' lang='lat' dir='ltr'><strong>differentias</strong></span> <span class='ocrx_word' id='word_1_126' title='bbox 1229 1885 1442 1960; x_wconf 83' lang='lat' dir='ltr'><strong>evidentiores,</strong></span> <span class='ocrx_word' id='word_1_127' title='bbox 1465 1889 1616 1946; x_wconf 80' lang='lat' dir='ltr'><strong>virtutum·</strong></span> <span class='ocrx_word' id='word_1_128' title='bbox 1629 1888 1775 1964; x_wconf 88' lang='lat' dir='ltr'><strong>cujusque</strong></span> <span class='ocrx_word' id='word_1_129' title='bbox 1796 1903 1852 1964; x_wconf 90' lang='lat' dir='ltr'><strong>pro-</strong></span> <span class='ocrx_word' id='word_1_130' title='bbox 1887 1877 1888 1916; x_wconf 70' lang='lat'>³</span> 
     </span>
     <span class='ocr_line' id='line_1_14' title="bbox 514 1973 1853 2052; baseline 0 -20"><span class='ocrx_word' id='word_1_131' title='bbox 514 1975 657 2052; x_wconf 84' lang='lat' dir='ltr'><strong>prismm,</strong></span> <span class='ocrx_word' id='word_1_132' title='bbox 679 1989 794 2032; x_wconf 91' lang='lat' dir='ltr'><strong>rursum</strong></span> <span class='ocrx_word' id='word_1_133' title='bbox 817 1973 934 2048; x_wconf 79' lang='lat' dir='ltr'><strong>asqusb</strong></span> <span class='ocrx_word' id='word_1_134' title='bbox 957 1976 1093 2049; x_wconf 88' lang='lat' dir='ltr'><strong>utrinque</strong></span> <span class='ocrx_word' id='word_1_135' title='bbox 1116 1989 1236 2034; x_wconf 86' lang='lat' dir='ltr'><strong>numero</strong></span> <span class='ocrx_word' id='word_1_136' title='bbox 1260 1973 1442 2032; x_wconf 84' lang='lat' dir='ltr'><strong>inveniemus</strong></span> <span class='ocrx_word' id='word_1_137' title='bbox 1465 1973 1634 2034; x_wconf 85' lang='lat' dir='ltr'><strong>ditierentiis</strong></span> <span class='ocrx_word' id='word_1_138' title='bbox 1660 1975 1853 2052; x_wconf 76' lang='lat' dir='ltr'><strong>persingulas</strong></span> 
     </span>
     <span class='ocr_line' id='line_1_15' title="bbox 514 2058 1854 2138; baseline -0.002 -18"><span class='ocrx_word' id='word_1_139' title='bbox 514 2063 628 2138; x_wconf 89' lang='lat' dir='ltr'><strong>species</strong></span> <span class='ocrx_word' id='word_1_140' title='bbox 656 2063 860 2137; x_wconf 77' lang='lat' dir='ltr'><strong>primariorum</strong></span> <span class='ocrx_word' id='word_1_141' title='bbox 890 2061 1157 2122; x_wconf 77' lang='lat' dir='ltr'><strong>consonantiarum.</strong></span> <span class='ocrx_word' id='word_1_142' title='bbox 1204 2059 1278 2119; x_wconf 87' lang='lat' dir='ltr'><strong>iiam</strong></span> <span class='ocrx_word' id='word_1_143' title='bbox 1308 2062 1395 2118; x_wconf 91' lang='lat' dir='ltr'><strong>etiam</strong></span> <span class='ocrx_word' id='word_1_144' title='bbox 1425 2063 1456 2118; x_wconf 89' lang='lat' dir='ltr'><strong>in</strong></span> <span class='ocrx_word' id='word_1_145' title='bbox 1478 2063 1559 2119; x_wconf 89' lang='lat' dir='ltr'><strong>sonis</strong></span> <span class='ocrx_word' id='word_1_146' title='bbox 1587 2058 1772 2122; x_wconf 73' lang='lat' dir='ltr'><strong>concinnitas</strong></span> <span class='ocrx_word' id='word_1_147' title='bbox 1800 2065 1854 2138; x_wconf 87' lang='lat' dir='ltr'><strong>qui·</strong></span> 
     </span>
     <span class='ocr_line' id='line_1_16' title="bbox 515 2139 1888 2228; baseline -0.001 -20"><span class='ocrx_word' id='word_1_148' title='bbox 515 2148 582 2228; x_wconf 88' lang='lat' dir='ltr'><strong>dem</strong></span> <span class='ocrx_word' id='word_1_149' title='bbox 612 2149 704 2208; x_wconf 83' lang='lat' dir='ltr'><strong>virtue</strong></span> <span class='ocrx_word' id='word_1_150' title='bbox 735 2144 881 2225; x_wconf 83' lang='lat' dir='ltr'><strong>quaedam</strong></span> <span class='ocrx_word' id='word_1_151' title='bbox 911 2157 956 2207; x_wconf 90' lang='lat' dir='ltr'><strong>est</strong></span> <span class='ocrx_word' id='word_1_152' title='bbox 984 2147 1116 2224; x_wconf 85' lang='lat' dir='ltr'><strong>iilomm,</strong></span> <span class='ocrx_word' id='word_1_153' title='bbox 1146 2149 1351 2208; x_wconf 89' lang='lat' dir='ltr'><strong>inconcinnum</strong></span> <span class='ocrx_word' id='word_1_154' title='bbox 1375 2163 1444 2206; x_wconf 85' lang='lat' dir='ltr'><strong>raro</strong></span> <span class='ocrx_word' id='word_1_155' title='bbox 1472 2149 1579 2216; x_wconf 72' lang='lat' dir='ltr'><strong>‚vitium</strong></span> <span class='ocrx_word' id='word_1_156' title='bbox 1601 2165 1654 2208; x_wconf 91' lang='lat' dir='ltr'><strong>seu</strong></span> <span class='ocrx_word' id='word_1_157' title='bbox 1676 2149 1806 2224; x_wconf 71' lang='lat' dir='ltr'><strong>malitia,</strong></span> <span class='ocrx_word' id='word_1_158' title='bbox 1833 2157 1855 2208; x_wconf 91' lang='lat' dir='ltr'><strong>et</strong></span> <span class='ocrx_word' id='word_1_159' title='bbox 1887 2139 1888 2144; x_wconf 63' lang='grc'>’</span> 
     </span>
     <span class='ocr_line' id='line_1_17' title="bbox 517 2233 1856 2313; baseline -0.004 -14"><span class='ocrx_word' id='word_1_160' title='bbox 517 2251 660 2299; x_wconf 78' lang='lat' dir='ltr'><strong>conversa</strong></span> <span class='ocrx_word' id='word_1_161' title='bbox 682 2235 720 2296; x_wconf 92' lang='lat' dir='ltr'><strong>ad</strong></span> <span class='ocrx_word' id='word_1_162' title='bbox 741 2238 856 2296; x_wconf 87' lang='lat' dir='ltr'><strong>animae</strong></span> <span class='ocrx_word' id='word_1_163' title='bbox 879 2237 1021 2312; x_wconf 89' lang='lat' dir='ltr'><strong>oratione,</strong></span> <span class='ocrx_word' id='word_1_164' title='bbox 1043 2237 1135 2294; x_wconf 83' lang='lat' dir='ltr'><strong>virtus</strong></span> <span class='ocrx_word' id='word_1_165' title='bbox 1158 2243 1203 2296; x_wconf 90' lang='lat' dir='ltr'><strong>est</strong></span> <span class='ocrx_word' id='word_1_166' title='bbox 1225 2235 1370 2312; x_wconf 90' lang='lat' dir='ltr'><strong>quaedam</strong></span> <span class='ocrx_word' id='word_1_167' title='bbox 1393 2233 1508 2294; x_wconf 92' lang='lat' dir='ltr'><strong>iiiorum</strong></span> <span class='ocrx_word' id='word_1_168' title='bbox 1533 2237 1734 2313; x_wconf 83' lang='lat' dir='ltr'><strong>concinnitas,</strong></span> <span class='ocrx_word' id='word_1_169' title='bbox 1757 2236 1856 2296; x_wconf 89' lang='lat' dir='ltr'><strong>malitie</strong></span> 
     </span>
     <span class='ocr_line' id='line_1_18' title="bbox 518 2324 1854 2402; baseline -0.001 -18"><span class='ocrx_word' id='word_1_170' title='bbox 518 2339 588 2384; x_wconf 80' lang='lat' dir='ltr'><strong>sero</strong></span> <span class='ocrx_word' id='word_1_171' title='bbox 612 2324 839 2400; x_wconf 72' lang='lat' dir='ltr'><strong>inconcinnitas3</strong></span> <span class='ocrx_word' id='word_1_172' title='bbox 862 2324 892 2382; x_wconf 91' lang='lat' dir='ltr'><strong>iu</strong></span> <span class='ocrx_word' id='word_1_173' title='bbox 915 2331 1038 2400; x_wconf 88' lang='lat' dir='ltr'><strong>utroque</strong></span> <span class='ocrx_word' id='word_1_174' title='bbox 1063 2339 1260 2400; x_wconf 77' lang='lat' dir='ltr'><strong>verogencre</strong></span> <span class='ocrx_word' id='word_1_175' title='bbox 1283 2325 1380 2382; x_wconf 90' lang='lat' dir='ltr'><strong>&#39;rerum</strong></span> <span class='ocrx_word' id='word_1_176' title='bbox 1400 2327 1566 2384; x_wconf 89' lang='lat' dir='ltr'><strong>communia</strong></span> <span class='ocrx_word' id='word_1_177' title='bbox 1589 2333 1670 2398; x_wconf 90' lang='lat' dir='ltr'><strong>sunt,</strong></span> <span class='ocrx_word' id='word_1_178' title='bbox 1695 2333 1854 2402; x_wconf 81' lang='lat' dir='ltr'><strong>coutempe</strong></span> 
     </span>
     <span class='ocr_line' id='line_1_19' title="bbox 514 2409 1888 2487; baseline -0.001 -18"><span class='ocrx_word' id='word_1_179' title='bbox 514 2412 610 2471; x_wconf 88' lang='lat' dir='ltr'><strong>rantis</strong></span> <span class='ocrx_word' id='word_1_180' title='bbox 632 2409 751 2486; x_wconf 88' lang='lat' dir='ltr'><strong>quidem</strong></span> <span class='ocrx_word' id='word_1_181' title='bbox 772 2409 942 2470; x_wconf 83' lang='lat' dir='ltr'><strong>harmonica</strong></span> <span class='ocrx_word' id='word_1_182' title='bbox 964 2427 1121 2487; x_wconf 75' lang='lat' dir='ltr'><strong>generum,</strong></span> <span class='ocrx_word' id='word_1_183' title='bbox 1154 2427 1190 2470; x_wconf 85' lang='lat' dir='ltr'><strong>er</strong></span> <span class='ocrx_word' id='word_1_184' title='bbox 1213 2418 1296 2486; x_wconf 89' lang='lat' dir='ltr'><strong>parte</strong></span> <span class='ocrx_word' id='word_1_185' title='bbox 1319 2427 1436 2484; x_wconf 90' lang='lat' dir='ltr'><strong>eorum,</strong></span> <span class='ocrx_word' id='word_1_186' title='bbox 1467 2427 1543 2487; x_wconf 85' lang='lat' dir='ltr'><strong>quae</strong></span> <span class='ocrx_word' id='word_1_187' title='bbox 1567 2421 1635 2474; x_wconf 88' lang='lat' dir='ltr'><strong>aunt</strong></span> <span class='ocrx_word' id='word_1_188' title='bbox 1662 2411 1796 2474; x_wconf 85' lang='lat' dir='ltr'><strong>alterutri</strong></span> <span class='ocrx_word' id='word_1_189' title='bbox 1817 2429 1855 2470; x_wconf 91' lang='lat' dir='ltr'><strong>se·</strong></span> <span class='ocrx_word' id='word_1_190' title='bbox 1887 2415 1888 2468; x_wconf 81' lang='lat' dir='ltr'><strong>i</strong></span> 
     </span>
     <span class='ocr_line' id='line_1_20' title="bbox 515 2497 1856 2574; baseline -0.001 -16"><span class='ocrx_word' id='word_1_191' title='bbox 515 2497 643 2558; x_wconf 87' lang='lat' dir='ltr'><strong>cundum</strong></span> <span class='ocrx_word' id='word_1_192' title='bbox 664 2507 815 2571; x_wconf 85' lang='lat' dir='ltr'><strong>naturam,</strong></span> <span class='ocrx_word' id='word_1_193' title='bbox 838 2500 1038 2574; x_wconf 77' lang='lat' dir='ltr'><strong>incongruitas</strong></span> <span class='ocrx_word' id='word_1_194' title='bbox 1060 2514 1131 2558; x_wconf 84' lang='lat' dir='ltr'><strong>vero</strong></span> <span class='ocrx_word' id='word_1_195' title='bbox 1154 2513 1264 2570; x_wconf 89' lang='lat' dir='ltr'><strong>eornm,</strong></span> <span class='ocrx_word' id='word_1_196' title='bbox 1287 2514 1364 2574; x_wconf 88' lang='lat' dir='ltr'><strong>quae</strong></span> <span class='ocrx_word' id='word_1_197' title='bbox 1387 2505 1456 2556; x_wconf 91' lang='lat' dir='ltr'><strong>sunt</strong></span> <span class='ocrx_word' id='word_1_198' title='bbox 1478 2497 1581 2558; x_wconf 86' lang='lat' dir='ltr'><strong>iisdem</strong></span> <span class='ocrx_word' id='word_1_199' title='bbox 1605 2507 1708 2558; x_wconf 91' lang='lat' dir='ltr'><strong>contra</strong></span> <span class='ocrx_word' id='word_1_200' title='bbox 1724 2509 1856 2558; x_wconf 88' lang='lat' dir='ltr'><strong>naturam.</strong></span> 
     </span>
    </p>
   </div>
   <div class='ocr_carea' id='block_1_3' title="bbox 513 2583 1888 2758">
    <p class='ocr_par' dir='ltr' id='par_1_3' title="bbox 513 2583 1888 2758">
     <span class='ocr_line' id='line_1_21' title="bbox 599 2583 1888 2668; baseline -0.001 -22"><span class='ocrx_word' id='word_1_201' title='bbox 599 2584 706 2646; x_wconf 75' lang='lat' dir='ltr'><strong>iissem</strong></span> <span class='ocrx_word' id='word_1_202' title='bbox 732 2593 833 2645; x_wconf 90' lang='lat' dir='ltr'><strong>autem</strong></span> <span class='ocrx_word' id='word_1_203' title='bbox 861 2583 1098 2662; x_wconf 89' lang='lat' dir='ltr'><strong>concupiscibilis</strong></span> <span class='ocrx_word' id='word_1_204' title='bbox 1127 2584 1276 2644; x_wconf 88' lang='lat' dir='ltr'><strong>iacuitatis</strong></span> <span class='ocrx_word' id='word_1_205' title='bbox 1304 2593 1362 2644; x_wconf 90' lang='lat' dir='ltr'><strong>tres</strong></span> <span class='ocrx_word' id='word_1_206' title='bbox 1388 2587 1502 2643; x_wconf 82' lang='lat' dir='ltr'><strong>virtutis</strong></span> <span class='ocrx_word' id='word_1_207' title='bbox 1530 2587 1644 2664; x_wconf 87' lang='lat' dir='ltr'><strong>species</strong></span> <span class='ocrx_word' id='word_1_208' title='bbox 1673 2585 1714 2645; x_wconf 91' lang='lat' dir='ltr'><strong>ad</strong></span> <span class='ocrx_word' id='word_1_209' title='bbox 1738 2605 1856 2646; x_wconf 88' lang='lat' dir='ltr'><strong>norman</strong></span> <span class='ocrx_word' id='word_1_210' title='bbox 1887 2601 1888 2668; x_wconf 61' lang='grc' dir='ltr'>ι</span> 
     </span>
     <span class='ocr_line' id='line_1_22' title="bbox 513 2671 1888 2758; baseline -0.002 -25"><span class='ocrx_word' id='word_1_211' title='bbox 513 2675 724 2733; x_wconf 85' lang='lat' dir='ltr'><strong>consonantiae</strong></span> <span class='ocrx_word' id='word_1_212' title='bbox 755 2671 938 2733; x_wconf 83' lang='lat' dir='ltr'><strong>diatessaron</strong></span> <span class='ocrx_word' id='word_1_213' title='bbox 964 2677 1054 2731; x_wconf 90' lang='lat' dir='ltr'><strong>istae:</strong></span> <span class='ocrx_word' id='word_1_214' title='bbox 1089 2675 1282 2752; x_wconf 85' lang='lat' dir='ltr'><strong>temperantia</strong></span> <span class='ocrx_word' id='word_1_215' title='bbox 1303 2671 1437 2747; x_wconf 88' lang='lat' dir='ltr'><strong>quidem,</strong></span> <span class='ocrx_word' id='word_1_216' title='bbox 1470 2671 1633 2733; x_wconf 78' lang='lat' dir='ltr'><strong>consistens</strong></span> <span class='ocrx_word' id='word_1_217' title='bbox 1664 2676 1693 2732; x_wconf 92' lang='lat' dir='ltr'><strong>in</strong></span> <span class='ocrx_word' id='word_1_218' title='bbox 1718 2682 1856 2734; x_wconf 84' lang='lat' dir='ltr'><strong>contemtu</strong></span> <span class='ocrx_word' id='word_1_219' title='bbox 1887 2673 1888 2758; x_wconf 59' lang='lat' dir='ltr'><strong>t</strong></span> 
     </span>
    </p>
   </div>
   <div class='ocr_carea' id='block_1_4' title="bbox 413 2752 1888 2837">
    <p class='ocr_par' dir='ltr' id='par_1_4' title="bbox 413 2752 1888 2837">
     <span class='ocr_line' id='line_1_23' title="bbox 413 2752 1888 2837; baseline 0.001 -20"><span class='ocrx_word' id='word_1_220' title='bbox 413 2752 417 2759; x_wconf 80' lang='grc'>’</span> <span class='ocrx_word' id='word_1_221' title='bbox 516 2759 718 2837; x_wconf 85' lang='lat' dir='ltr'><strong>voluptatum,</strong></span> <span class='ocrx_word' id='word_1_222' title='bbox 748 2762 892 2837; x_wconf 87' lang='lat' dir='ltr'><strong>patientia</strong></span> <span class='ocrx_word' id='word_1_223' title='bbox 914 2777 984 2819; x_wconf 85' lang='lat' dir='ltr'><strong>vero</strong></span> <span class='ocrx_word' id='word_1_224' title='bbox 1013 2769 1043 2819; x_wconf 92' lang='lat' dir='ltr'><strong>et</strong></span> <span class='ocrx_word' id='word_1_225' title='bbox 1066 2761 1245 2819; x_wconf 86' lang='lat' dir='ltr'><strong>continentia</strong></span> <span class='ocrx_word' id='word_1_226' title='bbox 1275 2756 1453 2818; x_wconf 89' lang='lat' dir='ltr'><strong>sustinendis</strong></span> <span class='ocrx_word' id='word_1_227' title='bbox 1477 2759 1660 2836; x_wconf 79' lang='lat' dir='ltr'><strong>indigentiis,</strong></span> <span class='ocrx_word' id='word_1_228' title='bbox 1689 2760 1858 2822; x_wconf 81' lang='lat' dir='ltr'><strong>verecundis</strong></span> <span class='ocrx_word' id='word_1_229' title='bbox 1887 2771 1888 2830; x_wconf 58' lang='grc' dir='ltr'><strong>ς</strong></span> 
     </span>
    </p>
   </div>
   <div class='ocr_carea' id='block_1_5' title="bbox 448 2839 1888 5282">
    <p class='ocr_par' dir='ltr' id='par_1_5' title="bbox 448 2839 1888 5282">
     <span class='ocr_line' id='line_1_24' title="bbox 513 2839 1888 2926; baseline 0 -20"><span class='ocrx_word' id='word_1_230' title='bbox 513 2845 639 2924; x_wconf 80' lang='lat' dir='ltr'><strong>deniqne</strong></span> <span class='ocrx_word' id='word_1_231' title='bbox 662 2850 691 2906; x_wconf 86' lang='lat' dir='ltr'><strong>iu</strong></span> <span class='ocrx_word' id='word_1_232' title='bbox 715 2847 844 2908; x_wconf 72' lang='lat' dir='ltr'><strong>ritandh</strong></span> <span class='ocrx_word' id='word_1_233' title='bbox 864 2847 1008 2924; x_wconf 74' lang='lat' dir='ltr'><strong>ruptum</strong></span> <span class='ocrx_word' id='word_1_234' title='bbox 1052 2845 1213 2906; x_wconf 82' lang='lat' dir='ltr'><strong>irascibilis</strong></span> <span class='ocrx_word' id='word_1_235' title='bbox 1238 2861 1307 2906; x_wconf 81' lang='lat' dir='ltr'><strong>saro</strong></span> <span class='ocrx_word' id='word_1_236' title='bbox 1329 2846 1479 2906; x_wconf 81' lang='lat' dir='ltr'><strong>tenuitatis</strong></span> <span class='ocrx_word' id='word_1_237' title='bbox 1497 2855 1623 2922; x_wconf 77' lang='lat' dir='ltr'><strong>quatum</strong></span> <span class='ocrx_word' id='word_1_238' title='bbox 1639 2849 1786 2908; x_wconf 80' lang='lat' dir='ltr'><strong>virtutum</strong></span> <span class='ocrx_word' id='word_1_239' title='bbox 1800 2865 1857 2926; x_wconf 88' lang='lat' dir='ltr'><strong>spe·</strong></span> <span class='ocrx_word' id='word_1_240' title='bbox 1887 2839 1888 2890; x_wconf 81' lang='lat' dir='ltr'><strong>i</strong></span> 
     </span>
     <span class='ocr_line' id='line_1_25' title="bbox 514 2933 1888 3012; baseline -0.002 -18"><span class='ocrx_word' id='word_1_241' title='bbox 514 2937 574 2994; x_wconf 89' lang='lat' dir='ltr'><strong>cies</strong></span> <span class='ocrx_word' id='word_1_242' title='bbox 586 2934 747 2995; x_wconf 89' lang='lat' dir='ltr'><strong>secundum</strong></span> <span class='ocrx_word' id='word_1_243' title='bbox 757 2937 979 2994; x_wconf 86' lang='lat' dir='ltr'><strong>consonantiam</strong></span> <span class='ocrx_word' id='word_1_244' title='bbox 989 2933 1231 3011; x_wconf 87' lang='lat' dir='ltr'><strong>diapentaiorunt</strong></span> <span class='ocrx_word' id='word_1_245' title='bbox 1242 2936 1331 2992; x_wconf 83' lang='lat' dir='ltr'><strong>istae:</strong></span> <span class='ocrx_word' id='word_1_246' title='bbox 1346 2934 1550 3008; x_wconf 86' lang='lat' dir='ltr'><strong>mansuetudo,</strong></span> <span class='ocrx_word' id='word_1_247' title='bbox 1567 2945 1672 2994; x_wconf 91' lang='lat' dir='ltr'><strong>utnon</strong></span> <span class='ocrx_word' id='word_1_248' title='bbox 1688 2937 1857 3012; x_wconf 88' lang='lat' dir='ltr'><strong>perturberis</strong></span> <span class='ocrx_word' id='word_1_249' title='bbox 1887 2947 1888 2984; x_wconf 87' lang='lat'>1</span> 
     </span>
     <span class='ocr_line' id='line_1_26' title="bbox 514 3021 1888 3101; baseline -0.001 -20"><span class='ocrx_word' id='word_1_250' title='bbox 514 3022 758 3082; x_wconf 88' lang='lat' dir='ltr'><strong>commotionibus</strong></span> <span class='ocrx_word' id='word_1_251' title='bbox 781 3023 857 3098; x_wconf 80' lang='lat' dir='ltr'><strong>iree3</strong></span> <span class='ocrx_word' id='word_1_252' title='bbox 880 3023 1051 3081; x_wconf 88' lang='lat' dir='ltr'><strong>animositas</strong></span> <span class='ocrx_word' id='word_1_253' title='bbox 1076 3029 1105 3081; x_wconf 87' lang='lat' dir='ltr'><strong>et</strong></span> <span class='ocrx_word' id='word_1_254' title='bbox 1126 3027 1206 3082; x_wconf 90' lang='lat' dir='ltr'><strong>metu</strong></span> <span class='ocrx_word' id='word_1_255' title='bbox 1229 3021 1366 3094; x_wconf 89' lang='lat' dir='ltr'><strong>carentia,</strong></span> <span class='ocrx_word' id='word_1_256' title='bbox 1390 3021 1420 3079; x_wconf 93' lang='lat' dir='ltr'><strong>in</strong></span> <span class='ocrx_word' id='word_1_257' title='bbox 1435 3023 1653 3098; x_wconf 84' lang='lat' dir='ltr'><strong>exspectatione</strong></span> <span class='ocrx_word' id='word_1_258' title='bbox 1674 3024 1859 3101; x_wconf 85' lang='lat' dir='ltr'><strong>imperterrita</strong></span> <span class='ocrx_word' id='word_1_259' title='bbox 1887 3061 1888 3094; x_wconf 30' lang='grc' dir='ltr'>ι</span> 
     </span>
     <span class='ocr_line' id='line_1_27' title="bbox 512 3101 1888 3184; baseline -0.002 -16"><span class='ocrx_word' id='word_1_260' title='bbox 512 3125 609 3168; x_wconf 89' lang='lat' dir='ltr'><strong>rerum</strong></span> <span class='ocrx_word' id='word_1_261' title='bbox 631 3108 828 3183; x_wconf 80' lang='lat' dir='ltr'><strong>borribiiium3</strong></span> <span class='ocrx_word' id='word_1_262' title='bbox 849 3108 1000 3181; x_wconf 88' lang='lat' dir='ltr'><strong>tortitudo,</strong></span> <span class='ocrx_word' id='word_1_263' title='bbox 1023 3109 1054 3166; x_wconf 89' lang='lat' dir='ltr'><strong>in</strong></span> <span class='ocrx_word' id='word_1_264' title='bbox 1078 3115 1226 3168; x_wconf 86' lang='lat' dir='ltr'><strong>contemtu</strong></span> <span class='ocrx_word' id='word_1_265' title='bbox 1249 3107 1461 3184; x_wconf 68' lang='lat' dir='ltr'><strong>pericuiuruma</strong></span> <span class='ocrx_word' id='word_1_266' title='bbox 1484 3107 1648 3183; x_wconf 86' lang='lat' dir='ltr'><strong>tolerantia,</strong></span> <span class='ocrx_word' id='word_1_267' title='bbox 1673 3111 1702 3168; x_wconf 90' lang='lat' dir='ltr'><strong>in</strong></span> <span class='ocrx_word' id='word_1_268' title='bbox 1719 3109 1859 3169; x_wconf 78' lang='lat' dir='ltr'><strong>sufficies·</strong></span> <span class='ocrx_word' id='word_1_269' title='bbox 1887 3101 1888 3184; x_wconf 60' lang='lat' dir='ltr'><strong>i</strong></span> 
     </span>
     <span class='ocr_line' id='line_1_28' title="bbox 513 3195 1860 3273; baseline 0 -19"><span class='ocrx_word' id='word_1_270' title='bbox 513 3195 559 3255; x_wconf 87' lang='lat' dir='ltr'><strong>dis</strong></span> <span class='ocrx_word' id='word_1_271' title='bbox 582 3196 744 3256; x_wconf 81' lang='lat' dir='ltr'><strong>laboribus</strong></span> <span class='ocrx_word' id='word_1_272' title='bbox 789 3195 909 3273; x_wconf 82' lang='lat' dir='ltr'><strong>Septem</strong></span> <span class='ocrx_word' id='word_1_273' title='bbox 929 3212 1002 3256; x_wconf 80' lang='lat' dir='ltr'><strong>sero</strong></span> <span class='ocrx_word' id='word_1_274' title='bbox 1030 3196 1144 3272; x_wconf 88' lang='lat' dir='ltr'><strong>speeies</strong></span> <span class='ocrx_word' id='word_1_275' title='bbox 1166 3197 1321 3270; x_wconf 84' lang='lat' dir='ltr'><strong>virtutum,</strong></span> <span class='ocrx_word' id='word_1_276' title='bbox 1352 3211 1429 3271; x_wconf 89' lang='lat' dir='ltr'><strong>quae</strong></span> <span class='ocrx_word' id='word_1_277' title='bbox 1457 3203 1626 3272; x_wconf 88' lang='lat' dir='ltr'><strong>spectantur</strong></span> <span class='ocrx_word' id='word_1_278' title='bbox 1652 3198 1681 3256; x_wconf 96' lang='lat' dir='ltr'><strong>in</strong></span> <span class='ocrx_word' id='word_1_279' title='bbox 1710 3201 1860 3257; x_wconf 87' lang='lat' dir='ltr'><strong>ratiocina-</strong></span> 
     </span>
     <span class='ocr_line' id='line_1_29' title="bbox 448 3281 1858 3363; baseline 0.001 -22"><span class='ocrx_word' id='word_1_280' title='bbox 448 3317 455 3326; x_wconf 89' lang='lat'><em>-</em></span> <span class='ocrx_word' id='word_1_281' title='bbox 512 3286 577 3342; x_wconf 85' lang='lat' dir='ltr'><strong>tiva</strong></span> <span class='ocrx_word' id='word_1_282' title='bbox 598 3284 715 3350; x_wconf 84' lang='lat' dir='ltr'><strong>animae</strong></span> <span class='ocrx_word' id='word_1_283' title='bbox 738 3286 877 3361; x_wconf 87' lang='lat' dir='ltr'><strong>potentia,</strong></span> <span class='ocrx_word' id='word_1_284' title='bbox 900 3283 1002 3344; x_wconf 83' lang='lat' dir='ltr'><strong>detaut</strong></span> <span class='ocrx_word' id='word_1_285' title='bbox 1024 3282 1095 3342; x_wconf 85' lang='lat' dir='ltr'><strong>beer</strong></span> <span class='ocrx_word' id='word_1_286' title='bbox 1119 3299 1250 3358; x_wconf 86' lang='lat' dir='ltr'><strong>acumen,</strong></span> <span class='ocrx_word' id='word_1_287' title='bbox 1274 3281 1353 3360; x_wconf 88' lang='lat' dir='ltr'><strong>quod</strong></span> <span class='ocrx_word' id='word_1_288' title='bbox 1377 3285 1406 3363; x_wconf 87' lang='lat' dir='ltr'><strong>in</strong></span> <span class='ocrx_word' id='word_1_289' title='bbox 1419 3299 1455 3342; x_wconf 91' lang='lat' dir='ltr'><strong>eo</strong></span> <span class='ocrx_word' id='word_1_290' title='bbox 1477 3285 1619 3356; x_wconf 87' lang='lat' dir='ltr'><strong>consistit,</strong></span> <span class='ocrx_word' id='word_1_291' title='bbox 1643 3291 1676 3342; x_wconf 93' lang='lat' dir='ltr'><strong>ut</strong></span> <span class='ocrx_word' id='word_1_292' title='bbox 1691 3285 1781 3350; x_wconf 84' lang='lat' dir='ltr'><strong>ieciie</strong></span> <span class='ocrx_word' id='word_1_293' title='bbox 1803 3300 1858 3342; x_wconf 92' lang='lat' dir='ltr'><strong>mo·</strong></span> 
     </span>
     <span class='ocr_line' id='line_1_30' title="bbox 514 3368 1857 3446; baseline -0.001 -16"><span class='ocrx_word' id='word_1_294' title='bbox 514 3377 619 3430; x_wconf 73' lang='lat' dir='ltr'><strong>matur</strong></span> <span class='ocrx_word' id='word_1_295' title='bbox 639 3368 902 3446; x_wconf 86' lang='lat' dir='ltr'><strong>animus¹objectis</strong></span> <span class='ocrx_word' id='word_1_296' title='bbox 923 3372 1068 3444; x_wconf 71' lang='grc' dir='ltr'>ιιιιιιιὶις</span> <span class='ocrx_word' id='word_1_297' title='bbox 1091 3369 1219 3444; x_wconf 81' lang='lat' dir='ltr'><strong>indoles,</strong></span> <span class='ocrx_word' id='word_1_298' title='bbox 1243 3369 1383 3429; x_wconf 74' lang='lat' dir='ltr'><strong>miscite</strong></span> <span class='ocrx_word' id='word_1_299' title='bbox 1407 3372 1549 3446; x_wconf 62' lang='lat' dir='ltr'><strong>attingam</strong></span> <span class='ocrx_word' id='word_1_300' title='bbox 1574 3370 1710 3444; x_wconf 82' lang='lat' dir='ltr'><strong>solertia,</strong></span> <span class='ocrx_word' id='word_1_301' title='bbox 1736 3382 1770 3431; x_wconf 88' lang='lat' dir='ltr'><strong>nt</strong></span> <span class='ocrx_word' id='word_1_302' title='bbox 1794 3373 1857 3432; x_wconf 83' lang='lat' dir='ltr'><strong>bene</strong></span> 
     </span>
     <span class='ocr_line' id='line_1_31' title="bbox 513 3455 1858 3537; baseline 0.001 -22"><span class='ocrx_word' id='word_1_303' title='bbox 513 3456 632 3534; x_wconf 73' lang='lat' dir='ltr'><strong>inruet,</strong></span> <span class='ocrx_word' id='word_1_304' title='bbox 660 3455 830 3532; x_wconf 83' lang='lat' dir='ltr'><strong>eonsilium,</strong></span> <span class='ocrx_word' id='word_1_305' title='bbox 862 3467 894 3517; x_wconf 85' lang='lat' dir='ltr'><strong>at</strong></span> <span class='ocrx_word' id='word_1_306' title='bbox 917 3457 991 3520; x_wconf 81' lang='lat' dir='ltr'><strong>bem</strong></span> <span class='ocrx_word' id='word_1_307' title='bbox 1013 3455 1171 3534; x_wconf 56' lang='lat' dir='ltr'><strong>dijudicem</strong></span> <span class='ocrx_word' id='word_1_308' title='bbox 1203 3460 1363 3537; x_wconf 83' lang='lat' dir='ltr'><strong>sapientia,</strong></span> <span class='ocrx_word' id='word_1_309' title='bbox 1390 3465 1421 3515; x_wconf 91' lang='lat' dir='ltr'><strong>ut</strong></span> <span class='ocrx_word' id='word_1_310' title='bbox 1444 3457 1656 3534; x_wconf 86' lang='lat' dir='ltr'><strong>contemplatur</strong></span> <span class='ocrx_word' id='word_1_311' title='bbox 1677 3469 1774 3534; x_wconf 87' lang='lat' dir='ltr'><strong>recte;</strong></span> <span class='ocrx_word' id='word_1_312' title='bbox 1797 3477 1858 3536; x_wconf 90' lang='lat' dir='ltr'><strong>pru·</strong></span> 
     </span>
     <span class='ocr_line' id='line_1_32' title="bbox 513 3542 1888 3623; baseline -0.001 -20"><span class='ocrx_word' id='word_1_313' title='bbox 513 3542 628 3618; x_wconf 76' lang='lat' dir='ltr'><strong>dentis,</strong></span> <span class='ocrx_word' id='word_1_314' title='bbox 652 3553 686 3604; x_wconf 91' lang='lat' dir='ltr'><strong>ut</strong></span> <span class='ocrx_word' id='word_1_315' title='bbox 706 3553 775 3622; x_wconf 87' lang='lat' dir='ltr'><strong>apte</strong></span> <span class='ocrx_word' id='word_1_316' title='bbox 797 3545 1153 3623; x_wconf 54' lang='lat' dir='ltr'><strong>peregatpexpsttentia,</strong></span> <span class='ocrx_word' id='word_1_317' title='bbox 1177 3551 1210 3604; x_wconf 92' lang='lat' dir='ltr'><strong>nt</strong></span> <span class='ocrx_word' id='word_1_318' title='bbox 1232 3546 1307 3604; x_wconf 85' lang='lat' dir='ltr'><strong>bene</strong></span> <span class='ocrx_word' id='word_1_319' title='bbox 1331 3553 1500 3604; x_wconf 86' lang='lat' dir='ltr'><strong>exerceatur</strong></span> <span class='ocrx_word' id='word_1_320' title='bbox 1510 3542 1585 3622; x_wconf 67' lang='grc' dir='ltr'><strong>ω).</strong></span> <span class='ocrx_word' id='word_1_321' title='bbox 1887 3613 1888 3620; x_wconf 8' lang='grc' dir='ltr'>ἵ</span> 
     </span>
     <span class='ocr_line' id='line_1_33' title="bbox 599 3631 1888 3710; baseline -0.004 -18"><span class='ocrx_word' id='word_1_322' title='bbox 599 3631 742 3705; x_wconf 77' lang='lat' dir='ltr'><strong>Rumor,</strong></span> <span class='ocrx_word' id='word_1_323' title='bbox 775 3632 1023 3708; x_wconf 83' lang='lat' dir='ltr'><strong>quomadmodum</strong></span> <span class='ocrx_word' id='word_1_324' title='bbox 1044 3633 1075 3689; x_wconf 91' lang='lat' dir='ltr'><strong>in</strong></span> <span class='ocrx_word' id='word_1_325' title='bbox 1099 3635 1366 3710; x_wconf 83' lang='lat' dir='ltr'><strong>contemperatione</strong></span> <span class='ocrx_word' id='word_1_326' title='bbox 1390 3632 1560 3692; x_wconf 90' lang='lat' dir='ltr'><strong>harmonica</strong></span> <span class='ocrx_word' id='word_1_327' title='bbox 1589 3634 1738 3708; x_wconf 86' lang='lat' dir='ltr'><strong>praemitti</strong></span> <span class='ocrx_word' id='word_1_328' title='bbox 1764 3633 1861 3692; x_wconf 85' lang='lat' dir='ltr'><strong>debeat</strong></span> <span class='ocrx_word' id='word_1_329' title='bbox 1887 3639 1888 3668; x_wconf 69' lang='lat'><em>³</em></span> 
     </span>
     <span class='ocr_line' id='line_1_34' title="bbox 504 3715 1860 3798; baseline -0.002 -19"><span class='ocrx_word' id='word_1_330' title='bbox 504 3717 746 3779; x_wconf 77' lang='lat' dir='ltr'><strong>idsuttsonorum</strong></span> <span class='ocrx_word' id='word_1_331' title='bbox 767 3721 991 3784; x_wconf 80' lang='lat' dir='ltr'><strong>constitutiones</strong></span> <span class='ocrx_word' id='word_1_332' title='bbox 1015 3715 1217 3798; x_wconf 79' lang='lat' dir='ltr'><strong>exactee¹V),</strong></span> <span class='ocrx_word' id='word_1_333' title='bbox 1241 3720 1286 3778; x_wconf 83' lang='lat' dir='ltr'><strong>iris</strong></span> <span class='ocrx_word' id='word_1_334' title='bbox 1311 3735 1381 3778; x_wconf 79' lang='lat' dir='ltr'><strong>vero</strong></span> <span class='ocrx_word' id='word_1_335' title='bbox 1405 3717 1560 3780; x_wconf 87' lang='lat' dir='ltr'><strong>succedere</strong></span> <span class='ocrx_word' id='word_1_336' title='bbox 1576 3735 1775 3779; x_wconf 89' lang='lat' dir='ltr'><strong>oonsouorum</strong></span> <span class='ocrx_word' id='word_1_337' title='bbox 1798 3737 1860 3780; x_wconf 89' lang='lat' dir='ltr'><strong>oon·</strong></span> 
     </span>
     <span class='ocr_line' id='line_1_35' title="bbox 516 3807 1860 3886; baseline -0.001 -20"><span class='ocrx_word' id='word_1_338' title='bbox 516 3809 725 3883; x_wconf 67' lang='lat' dir='ltr'><strong>munerumque</strong></span> <span class='ocrx_word' id='word_1_339' title='bbox 749 3823 839 3886; x_wconf 88' lang='lat' dir='ltr'><strong>prope</strong></span> <span class='ocrx_word' id='word_1_340' title='bbox 861 3823 959 3881; x_wconf 84' lang='lat' dir='ltr'><strong>verce,</strong></span> <span class='ocrx_word' id='word_1_341' title='bbox 984 3809 1094 3884; x_wconf 84' lang='lat' dir='ltr'><strong>quippe</strong></span> <span class='ocrx_word' id='word_1_342' title='bbox 1116 3807 1196 3883; x_wconf 90' lang='lat' dir='ltr'><strong>qnod</strong></span> <span class='ocrx_word' id='word_1_343' title='bbox 1219 3823 1277 3866; x_wconf 93' lang='lat' dir='ltr'><strong>non</strong></span> <span class='ocrx_word' id='word_1_344' title='bbox 1299 3815 1413 3866; x_wconf 90' lang='lat' dir='ltr'><strong>tantum</strong></span> <span class='ocrx_word' id='word_1_345' title='bbox 1437 3807 1559 3882; x_wconf 88' lang='lat' dir='ltr'><strong>impedit</strong></span> <span class='ocrx_word' id='word_1_346' title='bbox 1574 3815 1693 3866; x_wconf 86' lang='lat' dir='ltr'><strong>cantum</strong></span> <span class='ocrx_word' id='word_1_347' title='bbox 1716 3809 1747 3864; x_wconf 92' lang='lat' dir='ltr'><strong>in</strong></span> <span class='ocrx_word' id='word_1_348' title='bbox 1771 3811 1860 3866; x_wconf 91' lang='lat' dir='ltr'><strong>mino·</strong></span> 
     </span>
     <span class='ocr_line' id='line_1_36' title="bbox 513 3895 1888 3973; baseline -0.001 -21"><span class='ocrx_word' id='word_1_349' title='bbox 513 3895 595 3954; x_wconf 85' lang='lat' dir='ltr'><strong>ribus</strong></span> <span class='ocrx_word' id='word_1_350' title='bbox 616 3896 872 3972; x_wconf 86' lang='lat' dir='ltr'><strong>proportionibus,</strong></span> <span class='ocrx_word' id='word_1_351' title='bbox 903 3897 1098 3973; x_wconf 77' lang='lat' dir='ltr'><strong>quantumin</strong></span> <span class='ocrx_word' id='word_1_352' title='bbox 1122 3895 1283 3971; x_wconf 83' lang='lat' dir='ltr'><strong>majoribus</strong></span> <span class='ocrx_word' id='word_1_353' title='bbox 1306 3901 1335 3954; x_wconf 90' lang='lat' dir='ltr'><strong>st</strong></span> <span class='ocrx_word' id='word_1_354' title='bbox 1357 3895 1539 3970; x_wconf 81' lang='lat' dir='ltr'><strong>praecipuis,</strong></span> <span class='ocrx_word' id='word_1_355' title='bbox 1569 3897 1613 3952; x_wconf 86' lang='lat' dir='ltr'><strong>sic</strong></span> <span class='ocrx_word' id='word_1_356' title='bbox 1635 3896 1726 3953; x_wconf 86' lang='lat' dir='ltr'><strong>etiam</strong></span> <span class='ocrx_word' id='word_1_357' title='bbox 1749 3898 1778 3952; x_wconf 92' lang='lat' dir='ltr'><strong>tn</strong></span> <span class='ocrx_word' id='word_1_358' title='bbox 1803 3896 1860 3954; x_wconf 88' lang='lat' dir='ltr'><strong>ani·</strong></span> <span class='ocrx_word' id='word_1_359' title='bbox 1887 3897 1888 3970; x_wconf 61' lang='lat' dir='ltr'>J</span> 
     </span>
     <span class='ocr_line' id='line_1_37' title="bbox 513 3981 1888 4062; baseline 0 -22"><span class='ocrx_word' id='word_1_360' title='bbox 513 3983 568 4040; x_wconf 90' lang='lat' dir='ltr'><strong>mis</strong></span> <span class='ocrx_word' id='word_1_361' title='bbox 590 3991 636 4041; x_wconf 87' lang='lat' dir='ltr'><strong>eat</strong></span> <span class='ocrx_word' id='word_1_362' title='bbox 657 3989 867 4060; x_wconf 77' lang='lat' dir='ltr'><strong>comparatam,</strong></span> <span class='ocrx_word' id='word_1_363' title='bbox 890 3991 923 4041; x_wconf 94' lang='lat' dir='ltr'><strong>ut</strong></span> <span class='ocrx_word' id='word_1_364' title='bbox 946 3981 1310 4062; x_wconf 78' lang='lat' dir='ltr'><strong>praeeiut&#39;inteiiectncies</strong></span> <span class='ocrx_word' id='word_1_365' title='bbox 1338 3990 1368 4040; x_wconf 92' lang='lat' dir='ltr'><strong>et</strong></span> <span class='ocrx_word' id='word_1_366' title='bbox 1390 3982 1612 4041; x_wconf 80' lang='lat' dir='ltr'><strong>ratiocinativus</strong></span> <span class='ocrx_word' id='word_1_367' title='bbox 1636 3981 1794 4042; x_wconf 84' lang='lat' dir='ltr'><strong>inanitates</strong></span> <span class='ocrx_word' id='word_1_368' title='bbox 1817 3999 1859 4040; x_wconf 90' lang='lat' dir='ltr'><strong>ce·</strong></span> <span class='ocrx_word' id='word_1_369' title='bbox 1887 4041 1888 4060; x_wconf 54' lang='lat'><strong>,</strong></span> 
     </span>
     <span class='ocr_line' id='line_1_38' title="bbox 513 4069 1888 4146; baseline -0.004 -16"><span class='ocrx_word' id='word_1_370' title='bbox 513 4070 583 4130; x_wconf 84' lang='lat' dir='ltr'><strong>teris</strong></span> <span class='ocrx_word' id='word_1_371' title='bbox 609 4069 667 4130; x_wconf 83' lang='lat' dir='ltr'><strong>sibi</strong></span> <span class='ocrx_word' id='word_1_372' title='bbox 697 4069 840 4146; x_wconf 81' lang='lat' dir='ltr'><strong>subjectis</strong></span> <span class='ocrx_word' id='word_1_373' title='bbox 869 4069 1033 4146; x_wconf 86' lang='lat' dir='ltr'><strong>majorique</strong></span> <span class='ocrx_word' id='word_1_374' title='bbox 1060 4071 1209 4132; x_wconf 79' lang='lat' dir='ltr'><strong>accuratis</strong></span> <span class='ocrx_word' id='word_1_375' title='bbox 1239 4069 1350 4128; x_wconf 83' lang='lat' dir='ltr'><strong>babent</strong></span> <span class='ocrx_word' id='word_1_376' title='bbox 1379 4085 1468 4144; x_wconf 89' lang='lat' dir='ltr'><strong>opus,</strong></span> <span class='ocrx_word' id='word_1_377' title='bbox 1503 4077 1535 4128; x_wconf 94' lang='lat' dir='ltr'><strong>ut</strong></span> <span class='ocrx_word' id='word_1_378' title='bbox 1551 4069 1624 4126; x_wconf 46' lang='lat' dir='ltr'><strong>*sint</strong></span> <span class='ocrx_word' id='word_1_379' title='bbox 1655 4069 1693 4128; x_wconf 88' lang='lat' dir='ltr'><strong>ad</strong></span> <span class='ocrx_word' id='word_1_380' title='bbox 1710 4073 1860 4128; x_wconf 71' lang='lat' dir='ltr'><strong>sationem</strong></span> <span class='ocrx_word' id='word_1_381' title='bbox 1887 4073 1888 4076; x_wconf 76' lang='grc'>’</span> 
     </span>
     <span class='ocr_line' id='line_1_39' title="bbox 513 4150 1860 4237; baseline -0.001 -23"><span class='ocrx_word' id='word_1_382' title='bbox 513 4156 728 4231; x_wconf 61' lang='lat' dir='ltr'><strong>conformatam</strong></span> <span class='ocrx_word' id='word_1_383' title='bbox 757 4165 890 4234; x_wconf 81' lang='lat' dir='ltr'><strong>atquae</strong></span> <span class='ocrx_word' id='word_1_384' title='bbox 911 4159 1003 4219; x_wconf 72' lang='lat' dir='ltr'><strong>atem</strong></span> <span class='ocrx_word' id='word_1_385' title='bbox 1024 4155 1142 4216; x_wconf 89' lang='lat' dir='ltr'><strong>iliarum</strong></span> <span class='ocrx_word' id='word_1_386' title='bbox 1164 4166 1286 4234; x_wconf 83' lang='lat' dir='ltr'><strong>peccata</strong></span> <span class='ocrx_word' id='word_1_387' title='bbox 1310 4150 1512 4237; x_wconf 88' lang='lat' dir='ltr'><strong>(peccatorum</strong></span> <span class='ocrx_word' id='word_1_388' title='bbox 1542 4155 1719 4235; x_wconf 86' lang='lat' dir='ltr'><strong>remedium)</strong></span> <span class='ocrx_word' id='word_1_389' title='bbox 1742 4174 1780 4216; x_wconf 83' lang='lat' dir='ltr'><strong>ex</strong></span> <span class='ocrx_word' id='word_1_390' title='bbox 1802 4171 1860 4214; x_wconf 90' lang='lat' dir='ltr'><strong>asse</strong></span> 
     </span>
     <span class='ocr_line' id='line_1_40' title="bbox 512 4241 1858 4326; baseline -0.002 -24"><span class='ocrx_word' id='word_1_391' title='bbox 512 4259 567 4302; x_wconf 82' lang='lat' dir='ltr'><strong>aee</strong></span> <span class='ocrx_word' id='word_1_392' title='bbox 588 4249 667 4303; x_wconf 86' lang='lat' dir='ltr'><strong>eertc</strong></span> <span class='ocrx_word' id='word_1_393' title='bbox 689 4261 726 4304; x_wconf 79' lang='lat' dir='ltr'><strong>cx</strong></span> <span class='ocrx_word' id='word_1_394' title='bbox 747 4246 904 4320; x_wconf 82' lang='lat' dir='ltr'><strong>potissima</strong></span> <span class='ocrx_word' id='word_1_395' title='bbox 925 4241 1008 4320; x_wconf 82' lang='lat' dir='ltr'><strong>parte</strong></span> <span class='ocrx_word' id='word_1_396' title='bbox 1030 4259 1131 4304; x_wconf 88' lang='lat' dir='ltr'><strong>seeum</strong></span> <span class='ocrx_word' id='word_1_397' title='bbox 1155 4245 1227 4320; x_wconf 88' lang='lat' dir='ltr'><strong>ipsis</strong></span> <span class='ocrx_word' id='word_1_398' title='bbox 1250 4243 1368 4326; x_wconf 75' lang='lat' dir='ltr'><strong>babent.</strong></span> <span class='ocrx_word' id='word_1_399' title='bbox 1415 4243 1451 4301; x_wconf 82' lang='lat' dir='ltr'><strong>Et</strong></span> <span class='ocrx_word' id='word_1_400' title='bbox 1473 4247 1649 4316; x_wconf 78' lang='lat' dir='ltr'><strong>insumma,</strong></span> <span class='ocrx_word' id='word_1_401' title='bbox 1672 4247 1858 4320; x_wconf 85' lang='lat' dir='ltr'><strong>praestantis-</strong></span> 
     </span>
     <span class='ocr_line' id='line_1_41' title="bbox 513 4320 1859 4412; baseline -0.001 -24"><span class='ocrx_word' id='word_1_402' title='bbox 513 4332 589 4389; x_wconf 89' lang='lat' dir='ltr'><strong>sima</strong></span> <span class='ocrx_word' id='word_1_403' title='bbox 619 4331 710 4389; x_wconf 83' lang='lat' dir='ltr'><strong>animi</strong></span> <span class='ocrx_word' id='word_1_404' title='bbox 739 4320 897 4408; x_wconf 83' lang='lat' dir='ltr'><strong>dispositio</strong></span> <span class='ocrx_word' id='word_1_405' title='bbox 918 4327 1007 4412; x_wconf 83' lang='lat' dir='ltr'><strong>[bace</strong></span> <span class='ocrx_word' id='word_1_406' title='bbox 1031 4347 1101 4390; x_wconf 79' lang='lat' dir='ltr'><strong>vero</strong></span> <span class='ocrx_word' id='word_1_407' title='bbox 1131 4339 1177 4390; x_wconf 85' lang='lat' dir='ltr'><strong>eat</strong></span> <span class='ocrx_word' id='word_1_408' title='bbox 1203 4326 1331 4411; x_wconf 85' lang='lat' dir='ltr'><strong>justitie]</strong></span> <span class='ocrx_word' id='word_1_409' title='bbox 1345 4325 1408 4408; x_wconf 71' lang='lat' dir='ltr'><strong>X³¹¹)</strong></span> <span class='ocrx_word' id='word_1_410' title='bbox 1432 4341 1477 4388; x_wconf 86' lang='lat' dir='ltr'><strong>est</strong></span> <span class='ocrx_word' id='word_1_411' title='bbox 1500 4330 1646 4406; x_wconf 86' lang='lat' dir='ltr'><strong>quaedam</strong></span> <span class='ocrx_word' id='word_1_412' title='bbox 1679 4331 1770 4390; x_wconf 85' lang='lat' dir='ltr'><strong>veinti</strong></span> <span class='ocrx_word' id='word_1_413' title='bbox 1795 4347 1859 4390; x_wconf 89' lang='lat' dir='ltr'><strong>eon·</strong></span> 
     </span>
     <span class='ocr_line' id='line_1_42' title="bbox 511 4415 1859 4496; baseline -0.003 -20"><span class='ocrx_word' id='word_1_414' title='bbox 511 4419 648 4476; x_wconf 77' lang='lat' dir='ltr'><strong>meantia</strong></span> <span class='ocrx_word' id='word_1_415' title='bbox 669 4419 796 4494; x_wconf 82' lang='lat' dir='ltr'><strong>partitum</strong></span> <span class='ocrx_word' id='word_1_416' title='bbox 819 4421 934 4478; x_wconf 80' lang='lat' dir='ltr'><strong>animae</strong></span> <span class='ocrx_word' id='word_1_417' title='bbox 956 4421 1086 4495; x_wconf 88' lang='lat' dir='ltr'><strong>ipsarum</strong></span> <span class='ocrx_word' id='word_1_418' title='bbox 1110 4421 1184 4477; x_wconf 85' lang='lat' dir='ltr'><strong>inter</strong></span> <span class='ocrx_word' id='word_1_419' title='bbox 1206 4435 1238 4477; x_wconf 91' lang='grc' dir='ltr'><strong>ιι</strong></span> <span class='ocrx_word' id='word_1_420' title='bbox 1261 4419 1351 4493; x_wconf 87' lang='lat' dir='ltr'><strong>ipses,</strong></span> <span class='ocrx_word' id='word_1_421' title='bbox 1374 4417 1535 4480; x_wconf 86' lang='lat' dir='ltr'><strong>secundnm</strong></span> <span class='ocrx_word' id='word_1_422' title='bbox 1552 4415 1769 4495; x_wconf 87' lang='lat' dir='ltr'><strong>proportionem</strong></span> <span class='ocrx_word' id='word_1_423' title='bbox 1785 4420 1859 4496; x_wconf 86' lang='lat' dir='ltr'><strong>prins</strong></span> 
     </span>
     <span class='ocr_line' id='line_1_43' title="bbox 513 4498 1857 4584; baseline -0.006 -16"><span class='ocrx_word' id='word_1_424' title='bbox 513 4504 654 4579; x_wconf 63' lang='lat' dir='ltr'><strong>metam,</strong></span> <span class='ocrx_word' id='word_1_425' title='bbox 687 4521 741 4580; x_wconf 89' lang='lat' dir='ltr'><strong>pro</strong></span> <span class='ocrx_word' id='word_1_426' title='bbox 770 4504 1024 4584; x_wconf 80' lang='lat' dir='ltr'><strong>principalioribus</strong></span> <span class='ocrx_word' id='word_1_427' title='bbox 1033 4498 1119 4584; x_wconf 63' lang='grc' dir='ltr'><strong>Μ).</strong></span> <span class='ocrx_word' id='word_1_428' title='bbox 1164 4505 1240 4564; x_wconf 87' lang='lat' dir='ltr'><strong>Nam</strong></span> <span class='ocrx_word' id='word_1_429' title='bbox 1265 4507 1408 4577; x_wconf 62' lang='lat' dir='ltr'><strong>&#39;virtutem</strong></span> <span class='ocrx_word' id='word_1_430' title='bbox 1440 4521 1517 4580; x_wconf 73' lang='lat' dir='ltr'><strong>qaas</strong></span> <span class='ocrx_word' id='word_1_431' title='bbox 1536 4507 1703 4564; x_wconf 84' lang='lat' dir='ltr'><strong>&#39;consistunt</strong></span> <span class='ocrx_word' id='word_1_432' title='bbox 1730 4508 1760 4564; x_wconf 94' lang='lat' dir='ltr'><strong>in</strong></span> <span class='ocrx_word' id='word_1_433' title='bbox 1790 4507 1857 4564; x_wconf 87' lang='lat' dir='ltr'><strong>bena</strong></span> 
     </span>
     <span class='ocr_line' id='line_1_44' title="bbox 512 4591 1856 4670; baseline -0.005 -16"><span class='ocrx_word' id='word_1_434' title='bbox 512 4591 703 4669; x_wconf 71' lang='lat' dir='ltr'><strong>intelligendo</strong></span> <span class='ocrx_word' id='word_1_435' title='bbox 731 4599 763 4651; x_wconf 90' lang='lat' dir='ltr'><strong>et</strong></span> <span class='ocrx_word' id='word_1_436' title='bbox 792 4593 865 4652; x_wconf 89' lang='lat' dir='ltr'><strong>bens</strong></span> <span class='ocrx_word' id='word_1_437' title='bbox 888 4591 1105 4666; x_wconf 68' lang='lat' dir='ltr'><strong>ratiocirando,</strong></span> <span class='ocrx_word' id='word_1_438' title='bbox 1135 4594 1298 4669; x_wconf 88' lang='lat' dir='ltr'><strong>comparari</strong></span> <span class='ocrx_word' id='word_1_439' title='bbox 1320 4599 1442 4670; x_wconf 82' lang='lat' dir='ltr'><strong>possunt</strong></span> <span class='ocrx_word' id='word_1_440' title='bbox 1472 4591 1662 4667; x_wconf 80' lang='lat' dir='ltr'><strong>identisonis3</strong></span> <span class='ocrx_word' id='word_1_441' title='bbox 1692 4609 1771 4669; x_wconf 83' lang='lat' dir='ltr'><strong>qaae</strong></span> <span class='ocrx_word' id='word_1_442' title='bbox 1794 4607 1856 4650; x_wconf 84' lang='lat' dir='ltr'><strong>sero</strong></span> 
     </span>
     <span class='ocr_line' id='line_1_45' title="bbox 513 4678 1858 4756; baseline -0.003 -19"><span class='ocrx_word' id='word_1_443' title='bbox 513 4682 543 4737; x_wconf 91' lang='lat' dir='ltr'><strong>in</strong></span> <span class='ocrx_word' id='word_1_444' title='bbox 566 4680 641 4740; x_wconf 82' lang='lat' dir='ltr'><strong>berre</strong></span> <span class='ocrx_word' id='word_1_445' title='bbox 662 4678 815 4740; x_wconf 82' lang='lat' dir='ltr'><strong>sentiendo</strong></span> <span class='ocrx_word' id='word_1_446' title='bbox 838 4689 868 4740; x_wconf 87' lang='lat' dir='ltr'><strong>et</strong></span> <span class='ocrx_word' id='word_1_447' title='bbox 889 4680 968 4739; x_wconf 83' lang='lat' dir='ltr'><strong>bono</strong></span> <span class='ocrx_word' id='word_1_448' title='bbox 991 4679 1094 4739; x_wconf 86' lang='lat' dir='ltr'><strong>babitu</strong></span> <span class='ocrx_word' id='word_1_449' title='bbox 1117 4689 1168 4739; x_wconf 87' lang='lat' dir='ltr'><strong>aut</strong></span> <span class='ocrx_word' id='word_1_450' title='bbox 1192 4679 1412 4739; x_wconf 78' lang='lat' dir='ltr'><strong>infortitudine</strong></span> <span class='ocrx_word' id='word_1_451' title='bbox 1436 4685 1464 4738; x_wconf 91' lang='lat' dir='ltr'><strong>ct</strong></span> <span class='ocrx_word' id='word_1_452' title='bbox 1486 4681 1693 4756; x_wconf 87' lang='lat' dir='ltr'><strong>temperantia,</strong></span> <span class='ocrx_word' id='word_1_453' title='bbox 1718 4697 1772 4740; x_wconf 85' lang='lat' dir='ltr'><strong>aaa</strong></span> <span class='ocrx_word' id='word_1_454' title='bbox 1793 4695 1858 4738; x_wconf 88' lang='lat' dir='ltr'><strong>coo·</strong></span> 
     </span>
     <span class='ocr_line' id='line_1_46' title="bbox 512 4766 1856 4846; baseline -0.002 -19"><span class='ocrx_word' id='word_1_455' title='bbox 512 4769 595 4828; x_wconf 78' lang='lat' dir='ltr'><strong>senis</strong></span> <span class='ocrx_word' id='word_1_456' title='bbox 614 4768 858 4844; x_wconf 66' lang='lat' dir='ltr'><strong>aequiparantem</strong></span> <span class='ocrx_word' id='word_1_457' title='bbox 880 4784 958 4844; x_wconf 74' lang='lat' dir='ltr'><strong>uuae</strong></span> <span class='ocrx_word' id='word_1_458' title='bbox 979 4773 1079 4826; x_wconf 73' lang='lat' dir='ltr'><strong>mmen</strong></span> <span class='ocrx_word' id='word_1_459' title='bbox 1101 4769 1130 4824; x_wconf 90' lang='lat' dir='ltr'><strong>in</strong></span> <span class='ocrx_word' id='word_1_460' title='bbox 1154 4769 1269 4846; x_wconf 78' lang='lat' dir='ltr'><strong>poitica</strong></span> <span class='ocrx_word' id='word_1_461' title='bbox 1292 4769 1501 4826; x_wconf 80' lang='lat' dir='ltr'><strong>exercitatione</strong></span> <span class='ocrx_word' id='word_1_462' title='bbox 1523 4769 1611 4843; x_wconf 82' lang='lat' dir='ltr'><strong>inque</strong></span> <span class='ocrx_word' id='word_1_463' title='bbox 1634 4769 1679 4839; x_wconf 91' lang='lat' dir='ltr'><strong>iis,</strong></span> <span class='ocrx_word' id='word_1_464' title='bbox 1704 4784 1780 4843; x_wconf 79' lang='lat' dir='ltr'><strong>quae</strong></span> <span class='ocrx_word' id='word_1_465' title='bbox 1793 4766 1856 4824; x_wconf 87' lang='lat' dir='ltr'><strong>irer-</strong></span> 
     </span>
     <span class='ocr_line' id='line_1_47' title="bbox 512 4853 1854 4933; baseline -0.002 -20"><span class='ocrx_word' id='word_1_466' title='bbox 512 4856 628 4916; x_wconf 80' lang='lat' dir='ltr'><strong>aoniae</strong></span> <span class='ocrx_word' id='word_1_467' title='bbox 649 4864 720 4914; x_wconf 90' lang='lat' dir='ltr'><strong>sunt</strong></span> <span class='ocrx_word' id='word_1_468' title='bbox 740 4857 905 4933; x_wconf 81' lang='lat' dir='ltr'><strong>participia,</strong></span> <span class='ocrx_word' id='word_1_469' title='bbox 927 4853 997 4914; x_wconf 81' lang='lat' dir='ltr'><strong>iliae</strong></span> <span class='ocrx_word' id='word_1_470' title='bbox 1018 4855 1142 4914; x_wconf 81' lang='lat' dir='ltr'><strong>conferri</strong></span> <span class='ocrx_word' id='word_1_471' title='bbox 1158 4863 1282 4931; x_wconf 86' lang='lat' dir='ltr'><strong>possunt</strong></span> <span class='ocrx_word' id='word_1_472' title='bbox 1302 4871 1368 4914; x_wconf 89' lang='lat' dir='ltr'><strong>cum</strong></span> <span class='ocrx_word' id='word_1_473' title='bbox 1384 4854 1538 4932; x_wconf 87' lang='lat' dir='ltr'><strong>speciebus</strong></span> <span class='ocrx_word' id='word_1_474' title='bbox 1554 4853 1777 4928; x_wconf 80' lang='lat' dir='ltr'><strong>concinuorum3</strong></span> <span class='ocrx_word' id='word_1_475' title='bbox 1798 4861 1854 4911; x_wconf 82' lang='lat' dir='ltr'><strong>tots</strong></span> 
     </span>
     <span class='ocr_line' id='line_1_48' title="bbox 512 4933 1853 5021; baseline -0.001 -21"><span class='ocrx_word' id='word_1_476' title='bbox 512 4939 639 5018; x_wconf 69' lang='grc' dir='ltr'>ᾱιιιΙιιιιι</span> <span class='ocrx_word' id='word_1_477' title='bbox 666 4933 757 5005; x_wconf 76' lang='lat' dir='ltr'><strong>sebui</strong></span> <span class='ocrx_word' id='word_1_478' title='bbox 785 4942 944 5021; x_wconf 81' lang='lat' dir='ltr'><strong>dispositio</strong></span> <span class='ocrx_word' id='word_1_479' title='bbox 970 4940 1178 5019; x_wconf 84' lang='lat' dir='ltr'><strong>philosophica</strong></span> <span class='ocrx_word' id='word_1_480' title='bbox 1203 4949 1297 5002; x_wconf 90' lang='lat' dir='ltr'><strong>totam</strong></span> <span class='ocrx_word' id='word_1_481' title='bbox 1325 4941 1445 5020; x_wconf 79' lang='lat' dir='ltr'><strong>panceri</strong></span> <span class='ocrx_word' id='word_1_482' title='bbox 1476 4943 1644 5018; x_wconf 76' lang='lat' dir='ltr'><strong>systematis</strong></span> <span class='ocrx_word' id='word_1_483' title='bbox 1675 4941 1853 5002; x_wconf 77' lang='lat' dir='ltr'><strong>carmentem</strong></span> 
     </span>
     <span class='ocr_line' id='line_1_49' title="bbox 512 5017 1854 5108; baseline -0.004 -18"><span class='ocrx_word' id='word_1_484' title='bbox 512 5036 721 5104; x_wconf 67' lang='lat' dir='ltr'><strong>mptmtat,</strong></span> <span class='ocrx_word' id='word_1_485' title='bbox 744 5031 853 5108; x_wconf 66' lang='lat' dir='ltr'><strong>cumps</strong></span> <span class='ocrx_word' id='word_1_486' title='bbox 874 5028 1068 5108; x_wconf 80' lang='lat' dir='ltr'><strong>particulares</strong></span> <span class='ocrx_word' id='word_1_487' title='bbox 1091 5017 1325 5107; x_wconf 81' lang='lat' dir='ltr'><strong>comparationes</strong></span> <span class='ocrx_word' id='word_1_488' title='bbox 1348 5027 1500 5090; x_wconf 84' lang='lat' dir='ltr'><strong>ordinatas</strong></span> <span class='ocrx_word' id='word_1_489' title='bbox 1526 5028 1581 5106; x_wconf 35' lang='lat' dir='ltr'><strong>iric·</strong></span> <span class='ocrx_word' id='word_1_490' title='bbox 1596 5031 1671 5088; x_wconf 89' lang='lat' dir='ltr'><strong>iuter</strong></span> <span class='ocrx_word' id='word_1_491' title='bbox 1697 5043 1854 5090; x_wconf 83' lang='grc' dir='ltr'>ιοιιιιιιιι·</span> 
     </span>
     <span class='ocr_line' id='line_1_50' title="bbox 509 5113 1853 5196; baseline -0.003 -22"><span class='ocrx_word' id='word_1_492' title='bbox 509 5116 568 5174; x_wconf 81' lang='lat' dir='ltr'><strong>ctas</strong></span> <span class='ocrx_word' id='word_1_493' title='bbox 598 5117 691 5194; x_wconf 84' lang='lat' dir='ltr'><strong>ipsse,</strong></span> <span class='ocrx_word' id='word_1_494' title='bbox 724 5117 801 5178; x_wconf 83' lang='lat' dir='ltr'><strong>iuter</strong></span> <span class='ocrx_word' id='word_1_495' title='bbox 829 5119 968 5192; x_wconf 64' lang='lat' dir='ltr'><strong>virtutem</strong></span> <span class='ocrx_word' id='word_1_496' title='bbox 1002 5115 1215 5192; x_wconf 81' lang='lat' dir='ltr'><strong>patientissime</strong></span> <span class='ocrx_word' id='word_1_497' title='bbox 1244 5132 1314 5176; x_wconf 82' lang='lat' dir='ltr'><strong>rsro</strong></span> <span class='ocrx_word' id='word_1_498' title='bbox 1346 5116 1528 5192; x_wconf 83' lang='lat' dir='ltr'><strong>comparatio</strong></span> <span class='ocrx_word' id='word_1_499' title='bbox 1541 5149 1544 5158; x_wconf 94' lang='lat'>·</span> <span class='ocrx_word' id='word_1_500' title='bbox 1557 5113 1667 5196; x_wconf 84' lang='lat' dir='ltr'><strong>(locata</strong></span> <span class='ocrx_word' id='word_1_501' title='bbox 1700 5115 1756 5195; x_wconf 90' lang='lat' dir='ltr'><strong>est)</strong></span> <span class='ocrx_word' id='word_1_502' title='bbox 1785 5115 1853 5172; x_wconf 86' lang='lat' dir='ltr'><strong>inter</strong></span> 
     </span>
     <span class='ocr_line' id='line_1_51' title="bbox 510 5202 1851 5282; baseline -0.007 -13"><span class='ocrx_word' id='word_1_503' title='bbox 510 5205 736 5269; x_wconf 62' lang='lat' dir='ltr'><strong>munda·</strong></span> <span class='ocrx_word' id='word_1_504' title='bbox 762 5203 857 5266; x_wconf 80' lang='lat' dir='ltr'><strong>vetuti</strong></span> <span class='ocrx_word' id='word_1_505' title='bbox 885 5202 1035 5282; x_wconf 74' lang='grc' dir='ltr'>ιιιιᾱιιι</span> <span class='ocrx_word' id='word_1_506' title='bbox 1063 5219 1104 5272; x_wconf 73' lang='grc' dir='ltr'><strong>ιι</strong></span> <span class='ocrx_word' id='word_1_507' title='bbox 1131 5204 1267 5264; x_wconf 78' lang='lat' dir='ltr'><strong>omnibus</strong></span> <span class='ocrx_word' id='word_1_508' title='bbox 1298 5205 1514 5278; x_wconf 82' lang='lat' dir='ltr'><strong>cumorssnts,</strong></span> <span class='ocrx_word' id='word_1_509' title='bbox 1548 5203 1624 5264; x_wconf 86' lang='lat' dir='ltr'><strong>iuter</strong></span> <span class='ocrx_word' id='word_1_510' title='bbox 1657 5205 1791 5266; x_wconf 72' lang='lat' dir='ltr'><strong>anatem</strong></span> <span class='ocrx_word' id='word_1_511' title='bbox 1821 5215 1851 5260; x_wconf 82' lang='lat' dir='ltr'><strong>er</strong></span> 
     </span>
    </p>
   </div>
   <div class='ocr_carea' id='block_1_6' title="bbox 0 0 2126 6384">
    <p class='ocr_par' dir='ltr' id='par_1_6' title="bbox 0 0 2126 6384">
     <span class='ocr_line' id='line_1_52' title="bbox 0 0 2126 6384; baseline 0 1"><span class='ocrx_word' id='word_1_512' title='bbox 0 0 2126 6384; x_wconf 95' lang='lat' dir='ltr'><strong> </strong></span> 
     </span>
    </p>
   </div>
  </div>
 </body>
</html>
