4242 6384
753 782 838 846 etna
853 781 887 846 n.
905 789 997 860 capue
1012 781 1061 847 rit
1120 781 1124 790 '
1523 743 1587 854 tri

254 967 301 1026 lere
318 975 594 1047 perpetuo-peeeat3
624 969 654 1028 in
676 970 765 1030 unica
787 956 859 1030 vero
881 967 970 1031 levia
993 976 1023 1031 et
1043 967 1164 1042 Martie,
1189 966 1272 1027 tnta
1295 961 1396 1028 dieein'
1413 970 1443 1024 et
1464 965 1588 1026 nemito-

252 1057 323 1114 ninm.
358 1058 489 1135 Apparet
512 1059 601 1134 igitur
622 1057 700 1118 lrann
720 1063 853 1117 mutuam
869 1059 1031 1118 eereiooem
1054 1054 1245 1137 undiquaque
1269 1069 1333 1118 erae
1355 1049 1445 1114 valle
1467 1053 1586 1114 bonam

319 1227 467 1291 rimemus
499 1232 589 1310 igitur
615 1229 662 1292 eie*
680 1230 737 1291 Dei
768 1231 915 1293 creatoris
952 1247 1040 1310 opere
1077 1227 1164 1290 nobie
1190 1225 1433 1310 iernepomoilus
1483 1228 1589 1295 Restat

250 1357 325 1416 nune,
355 1349 392 1401 ut
409 1343 459 1421 rel
481 1341 600 1404 tandem
630 1343 724 1404 nonita
754 1352 784 1404 et
805 1340 943 1406 mauibue
971 1343 1008 1406 ele
1036 1327 1140 1410 t'e'lrula
1155 1412 1157 1423 Ι
1170 1329 1457 1410 demonstrationum,
1476 1337 1586 1403 aulaei·

250 1457 321 1530 uque
342 1427 457 1516 eoelum
476 1445 619 1530 aub'latie,
651 1456 772 1519 Patrem
799 1457 943 1518 luminum
975 1456 1101 1518 devotae
1134 1463 1165 1516 et
1185 1453 1311 1533 aapplea
1340 1442 1520 1534 eompreeer:
1561 1451 1588 1516 0

249 1567 288 1640 qui
306 1566 413 1628 lumine
434 1575 559 1630 naturae
581 1567 760 1647 eleeielerium
781 1572 812 1628 in
836 1569 921 1636 nobie
951 1583 1108 1648 promoveo
1130 1565 1248 1628 lumiuie
1270 1570 1400 1645 gratiae,
1429 1576 1463 1628 ut
1484 1585 1536 1647 per
1558 1567 1589 1628 iel

248 1679 388 1740 tenueras
410 1695 466 1740 noe
488 1681 517 1740 lu
541 1679 640 1741 iumen
663 1669 793 1760 gloriae,
815 1685 926 1760 gratiae
949 1700 1007 1761 ago
1030 1683 1085 1745 tini
1109 1680 1230 1744 Creator
1250 1661 1390 1761 Domina,
1413 1679 1462 1760 qul
1487 1670 1588 1764 ‹lelan-

248 1794 368 1854 lutiam
390 1795 422 1854 in
445 1775 560 1856 ieetura
581 1802 634 1854 tua
663 1804 693 1858 ot
715 1798 745 1854 in
767 1797 908 1874 operilrue
928 1813 1070 1856 manuum
1100 1802 1219 1856 tuarum
1239 1793 1398 1856 exsultavi.
1441 1793 1491 1856 lln'
1510 1811 1589 1856 nune

248 1921 308 1982 opue
327 1910 531 1967 connumerari
553 1909 743 1987 proieaeioale
765 1927 859 1985 meae,
880 1913 972 1970 tantia
994 1927 1066 1970 uaue
1089 1911 1198 1987 ingenii
1222 1909 1344 1982 viribus,
1368 1917 1494 1986 quantae
1516 1909 1589 1968 milri

248 2016 353 2095 letati3
373 2020 567 2080 manifestavi
589 2020 712 2097 gloriam
736 2039 854 2100 operum
877 2028 995 2083 tunium
1018 2021 1201 2104 nominituo,
1225 2021 1299 2082 ieter
1321 2019 1587 2102 demonstrationee

248 2129 356 2208 leoteria,
380 2139 524 2210 qnantum
548 2133 584 2194 tle
607 2133 688 2207 illipa
711 2134 853 2196 infinitate
876 2153 981 2215 erpere
1003 2142 1163 2215 potuerunt
1184 2137 1339 2217 anguetlae
1361 2137 1468 2206 mentia
1490 2151 1590 2212 meaa3

248 2253 361 2320 punitur
383 2246 458 2308 milri
478 2247 535 2306 iuit
556 2248 672 2308 animoa
694 2248 732 2310 au
763 2249 1001 2310 emendatiealme
1021 2247 1305 2327 philoaophanduin3
1335 2249 1361 2308 ol
1390 2247 1462 2326 quid
1490 2246 1591 2325 indig-

247 2375 302 2418 rum
321 2361 380 2421 tuin
404 2359 537 2420 enneliiie
557 2359 706 2438 prelatum
729 2381 749 2422 a
768 2379 831 2438 me,
862 2360 1027 2424 vermiculo
1053 2365 1084 2421 in
1118 2361 1275 2424 volutabro
1308 2367 1496 2440 peecatorum
1518 2357 1590 2421 ua'to

247 2475 439 2546 rtinnutrito,
471 2474 551 2554 quod
572 2478 647 2537 eeire
670 2474 745 2538 velie
766 2476 916 2552 homiues,
939 2475 975 2553 ‚iel
997 2491 1117 2554 quoque
1139 2477 1281 2553 inspirer,
1310 2482 1344 2534 ut
1366 2447 1590 2551 emendemp'ei

247 2593 345 2650 tuorum
367 2605 493 2667 operum
517 2587 683 2650 admirabili
707 2588 925 2668 puluiuitnrline
948 2593 978 2650 in
1000 2591 1195 2650 temeritatem
1219 2573 1367 2667 prolaetua
1390 2605 1464 2664 eum,
1488 2595 1541 2648 eut
1562 2589 1590 2648 ai

246 2698 352 2776 gloriam
373 2703 523 2780 propriam
545 2701 626 2781 apud
647 2703 780 2764 hominen
802 2705 911 2779 amari,
935 2701 1005 2762 (lum
1025 2701 1196 2780 progredior
1218 2703 1359 2786 inopere
1383 2707 1453 2761 tuae
1475 2700 1590 2778 gloriae

247 2811 385 2889 ieetinato,
406 2816 489 2874 tnltie
512 2823 543 2876 et
563 2803 727 2889 mirericore
750 2815 903 2893 oondooa;
925 2812 1053 2892 denique
1076 2824 1109 2876 ut
1132 2813 1396 2880 demonstrationes
1420 2804 1495 2876 irt'ae
1519 2819 1588 2890 tuae

247 2925 341 3002 pariae
370 2934 402 2990 et
425 2929 588 2990 animarum
616 2928 707 2994 aelati
728 2928 834 2995 eadent
856 2945 911 2994 neo
937 2929 965 2992 el
987 2927 1136 2990 ullatenua
1158 2929 1274 3004 obelet,
1305 2929 1455 3007 propitiat
1473 2925 1590 2990 eiileare

248 3035 367 3116 mm
497 3156 502 3164 .

811 3255 953 3348 etrur
980 3229 1020 3333 x]

599 3420 770 3493 Epilogue
789 3421 828 3478 rie
845 3419 936 3488 Sola,
955 3419 1223 3509 conjecturalis.
1269 3423 1272 3430 '

317 3583 484 3642 Ammine
510 3581 630 3644 eoeleetl
659 3583 698 3644 ed
726 3581 906 3659 auditorem,
936 3581 1072 3645 eiluein
1101 3583 1139 3646 ael
1163 3583 1332 3662 cunengem
1354 3567 1539 3672 Apollinem,
1570 3599 1589 3644 a

247 3667 356 3742 planetie
371 3688 428 3734 aex
450 3671 698 3733 eireonrenutllne
712 3669 940 3748 harmoniaeque
962 3671 1138 3732 iacientibus
1153 3671 1191 3732 ud
1206 3669 1306 3732 Solem
1329 3673 1358 3730 in
1380 3669 1590 3736 curriculorum
1703 3711 1707 3718 -

248 3759 359 3816 omnium
383 3764 501 3831 centro,
532 3757 711 3820 immobilem
733 3759 816 3832 loeo,
849 3761 880 3818 iu
903 3775 936 3818 ee
958 3757 1055 3836 lpaum
1078 3768 1176 3839 mmen
1198 3775 1232 3819 ee
1253 3757 1464 3820 revolventem.
1510 3757 1587 3818 (lum

248 3845 309 3901 uin
330 3843 554 3905 abeoiutireima
575 3847 614 3906 eit
635 3848 711 3908 inter
727 3854 872 3906 extremae
887 3844 1072 3923 planetarum
1094 3853 1191 3906 mutua
1206 3845 1383 3918 haemoniae,
1407 3861 1466 3904 non
1489 3843 1590 3924 quoad

249 3945 320 3991 rerer
341 3931 510 3992 celeritates
531 3949 585 4010 per
608 3951 710 3993 anema
734 3931 910 4007 aetheream,
934 3931 987 3994 aeti
1009 3933 1108 4010 quoad
1122 3932 1258 4010 angelon,
1282 3949 1356 4010 quoe
1379 3931 1505 3992 formant
1527 3939 1588 3993 ter·

248 4019 306 4074 uiri
334 4019 520 4078 diurnorum·
535 4037 655 4081 erenum
684 4021 720 4081 de
750 4022 852 4081 orbitie
881 4019 1080 4098 planetarum,
1110 4021 1233 4081 eonriexi
1248 4013 1251 4026 '
1264 4037 1329 4080 eum
1359 4027 1458 4080 eeutro
1490 4017 1587 4094 Solia,

248 4099 387 4166 harmonia
412 4122 483 4168 vero
505 4123 565 4166 non
588 4107 706 4168 decoret
728 4111 876 4182 terminon,
900 4105 931 4166 id
953 4113 1000 4168 eet
1021 4114 1119 4168 mutua
1141 4123 1193 4186 per
1215 4123 1247 4168 re
1269 4099 1412 4186 ninguine,
1435 4103 1488 4169 aeri
1511 4107 1589 4184 q'uass
1697 4150 1701 4156 .

249 4199 319 4252 uuna
348 4197 425 4254 inter
446 4209 479 4254 ee
503 4193 598 4270 junoti
625 4203 658 4260 ¹et
688 4197 849 4272 comparati
876 4193 953 4256 flunt
980 4195 1131 4272 objectum
1162 4194 1287 4271 alleuJue
1309 4193 1431 4268 mentio,
1464 4200 1494 4254 et
1522 4205 1590 4254 oum

249 4278 345 4339 nullum
368 4280 518 4357 ohjeetpm
539 4283 647 4342 iruatra
668 4284 708 4343 ait
731 4269 907 4362 ordinatum,
930 4299 988 4341 norr
1012 4284 1155 4343 existente
1170 4281 1271 4362 aliqua
1286 4297 1326 4356 re,
1349 4297 1426 4359 quae
1448 4279 1500 4340 illo
1522 4297 1590 4354 mo-

250 4375 352 4441 rentur,
384 4367 488 4445 anguli
509 4383 580 4429 vero
606 4372 655 4430 iati
683 4383 918 4447 praeaupponere
947 4369 1103 4431 videantur
1133 4371 1280 4431 aetianam
1307 4367 1436 4448 aliquam
1464 4366 1590 4429 similem

251 4453 316 4512 runa
336 4458 431 4514 noetri
454 4463 507 4514 aut
527 4463 606 4516 eerte
635 4459 781 4517 eenaionia
804 4455 897 4531 illiue,
926 4473 986 4534 qua
1013 4457 1064 4518 lib.
1088 4455 1142 4518 IV.
1166 4465 1272 4544 naturu
1299 4455 1467 4518 sublunaria
1488 4456 1587 4532 perei-

250 4541 335 4611 piebat
355 4535 482 4619 anguine
512 4541 658 4604 radiorum
691 4561 727 4604 ex
753 4542 880 4620 planetle
905 4545 935 4602 ln
949 4539 1050 4604 'Perre'
1078 4543 1233 4605 formator:
1266 4543 1402 4621 equidem
1432 4543 1528 4622 qualia
1558 4543 1589 4602 in

251 4623 306 4687 Sole
327 4631 426 4705 viaue,
449 4627 500 4706 qui
523 4631 601 4690 oeuli
622 4632 693 4703 rint,
717 4639 770 4690 ant
792 4633 859 4708 quie
881 4631 1036 4692 inefluotua
1069 4629 1146 4692 aliua
1182 4629 1361 4711 percipiendi
1383 4630 1439 4690 hoe
1462 4629 1589 4708 anguloe

251 4715 325 4774 etiarn
346 4719 410 4777 eine
433 4715 531 4778 oeulie
548 4717 783 4794 aestimandique
803 4714 972 4778 hermoniae
986 4717 1119 4779 motuum
1133 4718 1172 4778 aei
1194 4720 1299 4780 mentia
1318 4717 1497 4779 vestibulum
1513 4733 1590 4794 qua·

252 4815 349 4878 tuoque
371 4812 458 4880 porta
480 4805 720 4880 ingredientium,
747 4822 825 4884 quae
847 4805 974 4882 (lenique
1003 4823 1087 4866 meur
1110 4808 1167 4867 ieta
1189 4807 1219 4864 iu
1243 4803 1328 4880 Sole,
1363 4804 1508 4882 eonJieere
1529 4819 1589 4865 nou

252 4886 321 4948 iaeile
342 4900 388 4952 eet
409 4891 530 4952 Terram
551 4891 758 4954 incolentibue.
804 4887 962 4969 Utcunque
989 4899 1087 4954 minan
1101 4909 1142 4954 aa
1174 4892 1305 4966 habeant
1326 4893 1399 4978 iate,
1418 4895 1509 4953 'uerte
1531 4893 1590 4951 eir·

253 4980 411 5053 oumpoeitio
434 4977 486 5043 illa
507 4995 561 5040 aex
583 4979 698 5041 orbium
712 4981 924 5058 primariorum
943 4981 1024 5044 airoa
1037 4979 1162 5055 Solem,
1195 4977 1354 5057 nolentium
1376 4973 1460 5040 illum
1482 4995 1590 5056 perpa-

253 5063 299 5121 tuia
326 5065 635 5126 eneamvoiuuoniom
671 5068 702 5128 et
717 5065 823 5142 ,veluti
859 5065 1045 5128 adorantium
1080 5065 1168 5148 (aient
1184 5135 1186 5142 ,
1200 5068 1323 5127 roorrlm
1349 5062 1438 5127 loru
1467 5065 1589 5144 pionem

254 5157 371 5224 intuor,
392 5152 552 5213 Saturnum
574 5153 643 5227 rluo,
666 5152 816 5216 Tellurem
838 5169 908 5214 vero
931 5160 962 5214 et
983 5171 1038 5216 noe
1060 5155 1125 5232 eiua
1148 5153 1261 5214 ineolee
1283 5153 1372 5214 uniea
1394 5153 1480 5216 Luna
1502 5169 1588 5214 euraa

254 5236 342 5316 ningit,
375 5239 460 5316 eolit,
490 5241 572 5302 toret
593 5241 738 5318 nobtrqne
752 5236 948 5317 'tamulatnr),
979 5249 1010 5304 et
1031 5241 1077 5301 iiii
1106 5239 1333 5304 oonairiera'tioni
1360 5239 1424 5317 Jam
1446 5239 1589 5304 aeeedeee

1366 5343 1432 5410 il*
