4242 6384
524 816 587 879 ΜΒ
757 842 766 851 ·
935 806 978 865 Ι)ι
997 802 1262 878 configurationibus
1280 806 1459 867 Hermoniois.

523 992 678 1053 mutabilia
698 991 780 1051 Deus
802 990 921 1067 reliquit
942 992 1006 1048 sine
1029 990 1110 1047 omini
1133 1004 1202 1045 cura
1225 996 1344 1047 ornatus
1368 988 1537 1063 harmonici,
1564 994 1634 1068 quin
1657 994 1755 1069 potius
1776 1010 1855 1051 eornm

524 1082 625 1156 aliqua
647 1075 696 1161 (ut
711 1092 814 1139 motus
837 1079 1021 1159 planetarum
1042 1068 1192 1155 proprios)
1215 1084 1407 1135 extremorum
1438 1080 1567 1155 ipsorum
1598 1082 1817 1157 praescriptione
1835 1084 1857 1138 in

525 1168 655 1228 ordinem
677 1167 878 1227 harmonicum
900 1163 1026 1239 redegit,
1059 1180 1136 1237 qnae
1165 1164 1287 1220 aratoria
1319 1164 1384 1221 libri
1409 1164 1445 1223 V.
1473 1168 1542 1241 erit;
1572 1168 1600 1223 in
1624 1166 1709 1237 aliis,
1742 1169 1789 1225 ubi
1814 1184 1859 1225 non

524 1256 631 1315 dautur
652 1262 791 1327 extrem,
813 1253 866 1312 sed
888 1253 1037 1328 quantitas
1058 1252 1197 1307 motionis
1220 1248 1328 1309 circulo
1352 1268 1484 1311 connexa
1507 1262 1551 1313 est
1573 1272 1672 1313 secum
1696 1256 1777 1331 ipsa,
1804 1258 1860 1313 satir

524 1344 628 1403 habuit
650 1341 785 1413 Creator,
814 1342 858 1399 sio
880 1340 1060 1397 conformare
1083 1338 1214 1407 animas,
1246 1341 1387 1396 creaturis
1409 1339 1564 1399 mundanis
1587 1342 1771 1419 praelectas,
1796 1352 1863 1399 utet

525 1438 728 1507 exspectarent
749 1436 780 1487 et
802 1430 991 1486 observarent
1012 1434 1042 1483 et
1064 1424 1330 1483 animadverterent
1353 1424 1530 1513 harmonias,
1555 1448 1607 1506 per
1625 1438 1721 1488 totum
1745 1428 1864 1487 circulum

525 1521 586 1577 suis
610 1528 773 1592 temporum
796 1516 952 1573 momentis
974 1514 1197 1590 provenientes,
1228 1520 1258 1569 et
1280 1516 1469 1589 operationes
1491 1532 1561 1573 suas
1593 1505 1630 1575 ad
1655 1516 1772 1575 illarum
1792 1534 1865 1591 prae·

524 1608 665 1681 scriptum
688 1602 952 1663 accommodarent.
996 1598 1046 1657 Sic
1069 1598 1101 1657 fit
1124 1616 1190 1657 oum
1211 1601 1340 1658 motibus
1363 1601 1547 1673 planetarum
1570 1622 1606 1664 cx
1621 1604 1715 1663 Terra
1737 1622 1866 1679 apparen-

524 1694 604 1761 tibus
626 1692 682 1750 sub
704 1690 841 1761 zodiaco,
865 1690 988 1746 materia
1010 1686 1099 1760 hujus
1122 1685 1175 1745 lv.
1199 1684 1265 1745 libri
1289 1691 1413 1763 propria.

611 1778 704 1855 Igitur
727 1794 793 1836 cum
816 1777 953 1851 operibus
976 1774 1033 1832 Dei
1056 1774 1142 1831 nobis
1165 1775 1243 1832 noeis
1267 1790 1313 1831 res
1336 1776 1378 1833 sio
1395 1776 1499 1851 hebet3
1522 1777 1654 1853 adquae
1677 1780 1704 1837 ai
1723 1778 1787 1854 J'am
1801 1794 1868 1835 com·

524 1883 660 1946 paremus
683 1882 727 1937 ea,
751 1881 828 1940 quae
851 1863 983 1921 homines
1006 1860 1045 1918 ed
1068 1860 1252 1919 harmonicas
1276 1860 1356 1935 leges
1380 1862 1524 1937 ordinant,
1548 1868 1654 1941 partim
1670 1864 1776 1925 eadem
1798 1868 1869 1922 nobis

526 1954 652 2014 dicenda
674 1961 766 2024 erunt,
790 1954 896 2027 partim
918 1950 1044 2008 diversa.
1090 1946 1220 2005 Primum
1244 1952 1273 2005 in
1296 1950 1430 2009 centibus
1462 1955 1517 2010 etsi
1541 1969 1599 2011 oon
1622 1955 1719 2011 miuus
1744 1970 1827 2028 quern
1848 1954 1869 2007 in

525 2041 609 2102 coelo
639 2040 725 2098 datur
757 2042 897 2097 contiuua
925 2038 1098 2112 quantitatis
1130 2040 1331 2111 augmentatio
1362 2046 1391 2095 et
1420 2038 1588 2109 diminutio,
1622 2039 1697 2099 haec
1727 2050 1821 2098 temen
1848 2042 1870 2095 ln

526 2129 602 2189 coeli
624 2127 753 2186 motibus
781 2129 866 2185 certis
894 2138 1017 2183 naturae
1043 2123 1159 2197 legibus
1188 2132 1233 2181 est
1261 2128 1444 2197 transmaria,-
1471 2129 1501 2183 in
1532 2144 1605 2187 voco
1628 2127 1761 2188 humana
1789 2144 1871 2201 neque

525 2216 692 2276 neoemaria
714 2222 759 2271 est
780 2230 877 2289 neque
900 2214 989 2272 etiam
1010 2211 1114 2269 facilis.
1161 2208 1270 2269 (luitur
1292 2228 1319 2269 n.
1342 2204 1527 2275 distinctione
1544 2214 1720 2274 circulorum
1743 2213 1782 2273 ad
1798 2230 1872 2273 noces

525 2304 697 2363 articulatas
718 2301 828 2359 lactum
851 2308 905 2367 est,
928 2298 1103 2373 faciliusque
1127 2298 1166 2357 ab
1189 2310 1276 2357 acuto
1300 2302 1329 2355 in
1352 2318 1443 2377 grave
1473 2310 1504 2361 et
1528 2302 1656 2361 vicissim
1680 2320 1735 2378 per
1756 2302 1872 2361 saltuum

526 2391 619 2451 ueluti
641 2386 799 2447 intervalla
819 2390 991 2463 sonitusque
1022 2385 1165 2443 discretos
1186 2389 1386 2460 pervenimus,
1418 2406 1507 2465 quam
1529 2392 1554 2447 si
1574 2390 1748 2465 juberemur
1772 2392 1812 2448 uti
1834 2390 1871 2445 in-

526 2481 659 2539 tensione
679 2478 829 2535 continua.
873 2474 954 2533 Nihil
978 2476 1066 2549 igitur
1089 2474 1202 2543 mirum,
1225 2476 1255 2530 in
1278 2476 1406 2534 motibus
1429 2476 1605 2537 coelestibus
1628 2494 1695 2535 curn
1719 2480 1787 2553 ipsa
1808 2494 1872 2550 ang·

526 2566 705 2625 mentatione
726 2572 758 2621 et
779 2562 971 2624 diminutione
994 2563 1147 2631 continua,
1179 2578 1255 2636 quae
1287 2564 1372 2620 vitari
1403 2578 1461 2622 non
1484 2567 1594 2640 potuit,
1628 2567 1775 2624 mansisse
1798 2566 1873 2622 etiarn

525 2651 682 2712 intervella
704 2652 890 2722 inconcinna,
920 2652 1013 2707 mixta
1035 2648 1185 2707 concinnis
1208 2658 1238 2707 et
1260 2650 1410 2722 consonis,
1442 2654 1470 2709 in
1495 2660 1581 2711 cantu
1606 2650 1757 2723 humano,
1790 2650 1874 2709 olimi-

526 2742 604 2799 uatis
627 2738 763 2798 omnibus
786 2739 975 2806 inconcionis,
999 2735 1066 2794 sola
1088 2738 1231 2793 concinna
1254 2746 1283 2793 et
1305 2754 1436 2797 consona
1462 2740 1622 2799 observari.
1668 2738 1775 2815 Neque
1798 2738 1875 2796 habet

527 2828 612 2900 ideo,
635 2843 693 2901 quo
715 2824 855 2899 glorietur
877 2834 982 2883 carnus
1003 2840 1073 2900 prae
1096 2824 1275 2881 motionibus
1291 2824 1481 2903 coelestibus3
1508 2828 1566 2885 illis
1589 2844 1616 2887 n.
1642 2824 1725 2885 aliud
1750 2826 1875 2893 cilicium,

528 2914 607 2992 quod
629 2920 781 2991 peragunt,
804 2920 849 2970 est
871 2910 1094 2983 demandatum
1118 2910 1287 2969 harmonica
1306 2916 1536 2991 contemperatio
1560 2916 1632 2991 ipsis
1656 2920 1701 2973 est
1722 2914 1877 2974 accessoria

527 3012 649 3074 tautum,
674 3009 777 3059 centua
799 3009 914 3076 praeter
936 2999 1103 3059 harmonias
1126 2996 1197 3055 nihil
1223 2998 1302 3073 quod
1326 3008 1440 3077 spectet
1461 3002 1560 3075 habet,
1584 3000 1657 3059 nihil
1680 3010 1767 3061 extra
1789 3002 1876 3075 requi·

526 3093 579 3162 rit,
604 3092 635 3147 iu
658 3104 747 3147 unum
769 3088 866 3145 solium
889 3087 976 3144 linem
999 3084 1202 3144 delectationis
1225 3088 1354 3145 intentus
1377 3096 1430 3146 est.
1529 3116 1534 3129 ·

615 3179 692 3233 snut
722 3180 753 3231 et
782 3174 843 3233 alia
873 3190 963 3250 opera
995 3172 1138 3241 humane,
1173 3174 1201 3229 in
1233 3190 1310 3248 qaae
1340 3190 1424 3235 mene
1453 3175 1657 3254 proportiones
1690 3175 1877 3241 harmonicas,

530 3264 683 3323 obscurius
713 3270 812 3319 tamen
842 3269 872 3319 ct
894 3260 997 3331 vilius,
1031 3259 1207 3331 introducit,
1237 3268 1270 3318 ut
1301 3278 1366 3321 cour
1389 3271 1493 3323 cantus
1522 3280 1580 3322 non
1603 3262 1748 3339 qualitate
1775 3272 1877 3321 tantum

528 3351 672 3410 acuminis
695 3356 726 3407 et
748 3351 910 3421 gravitatis,
925 3346 985 3405 sed
1008 3349 1128 3423 insuper
1150 3348 1238 3405 etiam
1260 3366 1397 3408 mensura
1421 3358 1532 3427 tactus,
1560 3352 1757 3427 proportionis
1781 3347 1877 3424 duplae

530 3449 559 3497 et
582 3436 687 3514 triplae
709 3437 869 3512 participe,
901 3436 1087 3507 inriormatur3
1119 3442 1148 3491 et
1172 3452 1283 3493 rursum
1314 3438 1341 3493 in
1367 3447 1447 3495 motu
1470 3455 1642 3513 corporum,
1674 3456 1740 3496 curn
1765 3436 1878 3497 saltatur

529 3528 560 3583 in
583 3524 713 3595 choreis,
743 3525 871 3596 primum
893 3525 923 3583 iu
944 3521 1143 3595 aequalitatis,
1174 3526 1320 3597 posterius
1343 3524 1372 3580 in
1396 3524 1487 3603 dnpla
1509 3528 1705 3602 proportione.
1741 3528 1824 3599 (vide
1841 3526 1877 3580 lili.

523 3608 724 3688 cursitem
766 3610 853 3684 Quod
876 3609 953 3667 idem
984 3618 1013 3667 et
1037 3619 1143 3684 poetae
1168 3610 1317 3668 imitantur
1348 3616 1572 3672 concinnatione
1594 3614 1702 3688 pedum
1735 3630 1772 3671 ex
1796 3610 1879 3688 sylla·

532 3700 587 3770 bis,
610 3696 701 3772 longa
723 3708 754 3758 et
775 3699 873 3769 brevi,
904 3714 1028 3772 quarum
1057 3696 1110 3755 illa
1131 3699 1249 3773 ponitur
1277 3714 1341 3757 csse
1364 3698 1454 3776 dupla
1477 3700 1579 3775 hujus:
1612 3700 1662 3758 nbi
1691 3700 1814 3775 J'ambns
1835 3725 1877 3765 υ-,

532 3784 689 3843 trochaeum
712 3818 748 3846 -o
776 3784 822 3843 vel
846 3782 999 3843 tribrachis
1023 3808 1095 3842 oco
1117 3782 1155 3842 ad
1178 3784 1359 3860 spondaeum
1383 3816 1439 3856 --,
1472 3786 1621 3865 dactylum
1643 3794 1724 3859 ὲυυ,
1757 3800 1879 3861 anapae-

531 3881 610 3932 stum
624 3898 700 3945 oo-,
723 3874 771 3934 vel
787 3871 1017 3949 amphibrachyn
1033 3897 1116 3942 o-u,
1141 3870 1188 3929 rol
1205 3873 1495 3947 proceleusmaticum
1512 3903 1529 3933 υ
1540 3898 1557 3933 o
1571 3902 1614 3932 υυ
1638 3882 1683 3934 est
1698 3884 1732 3933 ut
1754 3876 1773 3933 3
1799 3872 1835 3931 ad
1849 3872 1879 3942 t;

531 3960 824 4033 adbacclrioson,
842 3988 927 4029 uc,
951 3960 1091 4017 ereticunr
1108 3990 1176 4017 -υ-
1203 3968 1508 4035 ιιριιιιιιι-υυυ,
1533 3970 1635 4035 o-oo',
1660 3988 1770 4033 υυ-υ,
1795 3984 1880 4019 ouo·

531 4056 566 4105 ut
588 4049 606 4105 3
631 4047 669 4105 ad
694 4050 730 4123 53
752 4048 792 4109 ad
815 4048 974 4108 rinolossuru
997 4076 1072 4119 -··,
1097 4046 1296 4106 cltoriarnbunr
1312 4078 1417 4120 ·uo·,
1436 4050 1554 4125 jonioos
1581 4058 1611 4108 et
1625 4052 1805 4125 oornposltos
1820 4060 1880 4104 suos

531 4144 566 4193 ut
590 4137 604 4193 l
630 4136 667 4193 ad
691 4139 730 4210 23
759 4136 798 4195 ad
820 4134 938 4195 eosdem
961 4133 1145 4210 spondaeus,
1177 4133 1312 4210 dactylus
1336 4139 1438 4212 etqui
1461 4136 1582 4195 totidem
1609 4152 1674 4195 oum
1696 4137 1733 4194 iis
1757 4145 1880 4211 ternpore

532 4222 658 4289 habent,
687 4232 721 4281 ut
745 4227 762 4281 3
787 4223 824 4282 ud
848 4225 884 4295 33
908 4221 990 4280 ethi
1013 4221 1102 4279 iidem
1126 4220 1162 4279 ad
1186 4238 1330 4299 paeones,
1362 4227 1437 4283 ura
1462 4223 1500 4283 ad
1525 4226 1553 4283 d.
1597 4223 1732 4285 Paeones
1756 4238 1827 4282 vero
1849 4216 1879 4277 ad

532 4308 733 4368 choriambum
756 4311 921 4379 atrocius,
946 4316 978 4366 at
1002 4309 1020 4367 b
1044 4307 1083 4365 ad
1108 4308 1135 4365 6.

620 4394 764 4472 Adeoque
787 4395 969 4455 delectantur
991 4403 1098 4472 poetae
1122 4402 1151 4453 et
1166 4398 1348 4471 grammatici
1364 4400 1452 4455 etiam
1476 4398 1642 4457 nominibus
1656 4398 1879 4475 proportionum,

532 4500 589 4543 usu
610 4482 753 4627 peculiari
785 4483 875 4560 pedes
897 4481 1152 4558 quadrisyllabos‚
1183 4500 1242 4557 qna
1272 4482 1371 4557 brevi,
1402 4486 1552 4560 epitritos,
1582 4484 1611 4543 h.
1635 4502 1660 4544 ι.
1684 4484 1878 4559 sesquitertios

532 4571 732 4648 appelantes,
765 4572 836 4647 quia
858 4578 891 4626 ut
913 4573 942 4627 in
965 4572 1153 4646 proportione
1178 4572 1196 4627 t
1219 4569 1257 4629 ad
1282 4573 1315 4643 3,
1346 4570 1432 4631 lineis
1460 4571 1610 4648 parallelis
1641 4588 1798 4649 expressa,
1828 4576 1877 4625 tre*

534 4656 654 4733 quidem
676 4660 787 4734 primae
810 4660 938 4715 unitates
968 4655 1078 4731 duplici
1102 4656 1181 4715 linea
1203 4666 1473 4733 repraesentantur,
1497 4668 1603 4734 quarta
1624 4666 1737 4718 tentum
1761 4652 1877 4733 simplici

533 4744 707 4818 excedente,
739 4748 782 4804 sio
812 4747 842 4801 in
872 4743 946 4819 pede
975 4743 1190 4819 tresoyllebee
1222 4754 1290 4803 sunt
1319 4746 1440 4805 dirorum
1464 4754 1642 4825 temporum,
1672 4754 1776 4821 quarta
1801 4744 1876 4803 unius

533 4841 658 4891 tuntum.
703 4832 836 4909 Cumque
864 4848 922 4889 vox
948 4833 1014 4907 ipsa
1042 4830 1149 4907 pedum
1178 4832 1214 4891 ad
1238 4832 1343 4892 choros
1374 4832 1503 4905 alludat,
1536 4842 1647 4911 partem
1670 4832 1876 4893 comoediarum

534 4930 564 4978 et
591 4910 825 4995 tragoediarum,
861 4918 997 4977 videntur
1024 4918 1181 4977 histriones
1212 4922 1299 4979 etiam
1328 4930 1409 4979 motu
1445 4920 1552 4998 pedum
1582 4924 1784 4998 proportiones
1813 4918 1887 4973 istae·

535 5022 636 5066 omnes
664 5010 856 5085 expressisse,
887 5023 947 5065 uon
975 5006 1071 5065 minus
1101 5022 1189 5081 quam
1220 5006 1308 5067 hodie
1340 5006 1430 5085 dupla
1458 5018 1489 5067 et
1510 5006 1598 5085 tripla
1627 5008 1805 5083 exprimitur.
1846 5000 1874 5056 lu

534 5092 761 5155 architectonica
789 5110 983 5171 quaecunque
1011 5096 1215 5170 proportiones
1243 5094 1436 5169 longitudinis
1466 5094 1504 5153 ad
1527 5095 1711 5154 latitudinem
1734 5092 1781 5151 rel
1804 5104 1874 5148 cras·

534 5183 632 5239 aitiem
653 5182 810 5259 plurimum
830 5183 999 5259 probantur,
1022 5184 1112 5239 etiarn
1134 5183 1458 5241 enon-mathematicis
1481 5183 1706 5259 spectatoribus,
1730 5197 1781 5239 eae
1796 5188 1873 5253 quau

535 5271 684 5348 proximae
712 5270 888 5331 harmonicis
915 5269 1111 5330 inveniuntur.
1162 5266 1249 5342 Quod
1279 5286 1350 5330 vero
1380 5269 1427 5329 lris
1456 5264 1592 5329 omuibus
1625 5270 1787 5329 unctiores
1814 5266 1872 5323 suni
