4242 6384
853 759 995 830 Apologia.
1537 754 1599 818 tbi

261 941 390 1011 utsupra
412 935 451 996 ad
474 935 561 1001 tinem
584 937 706 1014 analys.
724 937 783 998 xt.
804 937 908 998 scdulo
932 941 1008 1000 cavi.
1033 936 1229 998 ‘accidentia
1248 952 1321 994 xero
1348 950 1401 1012 pro
1423 931 1599 1004 substantia,

260 1033 357 1082 motum
387 1042 441 1100 pro
471 1033 576 1084 natura
608 1026 683 1084 lacis
711 1029 848 1104 nuspiam
878 1028 1007 1104 accipin,
1044 1025 1096 1086 sed
1127 1042 1194 1086 cam
1228 1023 1345 1082 diuersa
1375 1024 1436 1082 sint
1465 1021 1601 1093 regiones

260 1112 432 1186 planetarum
461 1120 492 1171 ct
523 1122 621 1172 motus
650 1130 702 1190 per
730 1131 799 1186 ess,
831 1116 947 1190 utrique
977 1116 1018 1172 rci
1049 1124 1134 1174 sutem
1162 1127 1228 1172 esse
1251 1117 1386 1186 ornatam
1415 1109 1601 1184 saepientia

259 1199 385 1258 creatrice
407 1202 561 1266 inventum
584 1199 692 1260 doceo:
723 1201 892 1276 regionibus
915 1201 1033 1278 quidem
1067 1208 1101 1260 ut
1128 1200 1225 1275 spatio
1256 1214 1378 1274 corpora
1400 1197 1601 1272 quincunce-t

258 1287 376 1360 galatia,
394 1289 497 1363 spatii
518 1290 688 1368 participia,
718 1289 847 1348 motibus
871 1306 942 1348 vero
965 1291 1169 1366 proportiones
1191 1285 1385 1346 harmonicas.
1429 1282 1497 1342 Tibi
1521 1299 1600 1352 vcro,

258 1372 388 1442 lieberto,
419 1373 490 1451 quid
513 1377 663 1454 imputem,
687 1375 776 1436 audi:
806 1375 900 1436 videa
922 1379 999 1436 enim
1022 1385 1051 1436 te
1080 1375 1111 1437 id
1132 1390 1192 1433 non
1219 1381 1298 1432 reete
1328 1373 1494 1452 percepisse
1515 1368 1601 1428 flam·

257 1473 357 1520 matam
381 1459 435 1534 ira,
461 1461 541 1538 qaod
563 1465 676 1540 scripsi,
700 1471 729 1523 ts
751 1466 869 1539 privata
890 1466 1005 1540 pictura
1028 1461 1170 1524 muudum
1193 1463 1358 1523 animatae
1378 1461 1601 1533 circumgestarc

257 1549 358 1622 tibique
382 1556 465 1608 tuum
489 1548 571 1614 illam
601 1559 776 1626 conceptam
790 1551 907 1612 „manat
936 1551 1105 1625 sabJectura
1134 1565 1200 1609 assa
1231 1549 1422 1608 harmonicas.
1467 1543 1514 1603 'Pa
1537 1545 1598 1622 sci-

257 1635 318 1692 lieet
346 1635 487 1696 mandam
516 1638 546 1694 in
577 1645 644 1696 tres·
665 1640 800 1714 regiones
828 1637 951 1710 dividis,
984 1637 1040 1696 hoc
1069 1636 1188 1714 quidem
1218 1637 1365 1714 privatum
1394 1631 1524 1692 nondum
1547 1638 1601 1707 eat,

256 1721 325 1780 idem
349 1725 428 1782 enim
451 1725 554 1788 etalii
578 1725 708 1786 iecerunt
730 1735 799 1784 ante
822 1735 869 1798 tc,
894 1725 958 1800 jam
982 1742 1051 1786 vcro
1079 1723 1213 1800 singulas
1243 1726 1379 1799 regiones
1407 1723 1436 1778 in
1465 1719 1526 1778 alia
1548 1719 1602 1776 tria

255 1807 430 1884 subdividis,
461 1811 594 1886 singalas
617 1810 802 1888 planctatam
831 1814 933 1886 orbes,
962 1811 1082 1888 singula
1111 1810 1274 1882 elementa,
1303 1819 1372 1868 tunc
1401 1807 1489 1868 ducta
1510 1807 1602 1884 sertri-

255 1895 402 1967 diametro,
426 1898 586 1974 particulas
609 1900 673 1976 ejus
697 1899 828 1978 applicas
852 1910 979 1976 quantas
1002 1899 1086 1960 lnbct
1100 1899 1232 1973 iocisque
1247 1894 1486 1966 monochordum,
1510 1895 1601 1957 vestis

257 1983 323 2042 illud
347 1983 459 2060 duplici
489 1986 641 2064 pyramide
661 1987 783 2063 jamque
807 2005 842 2048 ex
865 1987 921 2046 ltac
943 1989 1068 2063 pictura,
1090 2004 1180 2062 quam
1194 1993 1310 2062 practcr
1324 1993 1354 2044 te
1377 1983 1490 2042 invenit
1505 1999 1601 2053 nemo,

255 2069 420 2130 harmonias
444 2071 535 2134 elicis.
580 2073 679 2134 Nolim
702 2075 759 2134 hoc
781 2075 927 2148 crederes,
950 2078 1046 2152 ipsam
1069 2091 1121 2151 par
1142 2091 1176 2134 sa
1203 2076 1347 2150 picturam
1375 2069 1453 2130 hanc
1478 2068 1549 2128 mihi
1574 2069 1601 2124 in

253 2160 341 2216 atticae
365 2176 432 2220 esse
462 2161 497 2220 de
526 2161 661 2237 subjecto
694 2170 762 2222 tuac
786 2161 970 2222 harmonicas
994 2156 1152 2237 cogitanti,
1183 2162 1244 2220 scio
1260 2161 1317 2219 ‘rei
1341 2155 1456 2234 aliquid
1478 2157 1600 2215 subesse

255 2247 278 2300 in
310 2255 360 2304 tac
394 2241 554 2324 concaptu;
587 2259 641 2314 at
649 2249 720 2308 illud
746 2250 809 2324 jam
834 2249 943 2312 dadum
974 2248 1051 2308 ultro
1079 2248 1176 2308 lassas
1205 2265 1251 2320 es,
1285 2257 1314 2306 te
1337 2246 1513 2309 harmonias
1536 2251 1602 2302 toas
1680 2296 1686 2312 ,

253 2335 363 2391 nonnisi
387 2333 534 2395 mediante
565 2335 621 2395 hac
644 2344 703 2395 tua
717 2339 835 2413 pricata
866 2335 967 2395 mundi
989 2337 1104 2412 pictura
1134 2335 1267 2411 partibus
1295 2333 1395 2393 mundi
1424 2330 1602 2407 applicasse

253 2419 315 2494 lpsa
345 2421 399 2480 tibi
420 2421 473 2482 lux
496 2425 648 2488 materiam
678 2421 849 2500 sappeditat
875 2427 954 2496 scio,
985 2431 1017 2484 at
1047 2421 1249 2504 pyramides
1236 2430 1307 2482 tuae
1340 2419 1412 2480 dant
1440 2417 1544 2478 rnodos
1573 2426 1601 2476 et

253 2503 395 2581 quandam
420 2509 512 2570 relati
535 2525 718 2584 mensuram,
744 2513 809 2570 sine
834 2513 941 2586 quibas
969 2509 1067 2570 modis
1094 2525 1289 2584 mensuraque
1319 2506 1402 2567 nulla
1422 2507 1546 2566 materia
1573 2507 1602 2562 in

253 2595 335 2652 allam
359 2594 543 2658 harmoniam
567 2601 717 2674 congruit,
741 2597 803 2656 nisi
821 2607 852 2658 ta
875 2599 950 2660 torte
972 2597 1107 2674 actura,
1130 2605 1175 2670 te,
1206 2613 1273 2656 cum
1296 2594 1480 2656 diatessaron
1504 2591 1603 2670 appli-

253 2698 327 2740 cares
352 2683 529 2753 mundanis
561 2683 596 2744 de
620 2685 703 2744 nulla
725 2684 813 2762 pians
835 2696 974 2746 mensura
1002 2701 1164 2744 numerose
1195 2687 1351 2760 cogitasse.
1395 2679 1468 2740 Jam
1489 2688 1552 2740 tate
1575 2691 1603 2739 tc

252 2768 400 2844 recollige,
424 2770 569 2846 Roberte,
594 2780 749 2848 tecumque
772 2772 920 2852 expcnde,
948 2771 1102 2848 quodnam
1123 2771 1298 2849 probrum
1290 2789 1320 2828 m
1342 2777 1371 2830 te
1395 2767 1603 2843 conjectans

252 2875 291 2914 nte
313 2859 367 2929 sit,
398 2857 467 2916 dum
491 2860 543 2918 tibi
561 2876 623 2962 ego
645 2863 787 2934 picturae
813 2861 924 2920 mandi
951 2876 1067 2933 norae,
1095 2857 1153 2920 hoc
1176 2867 1220 2919 est
1236 2862 1382 2934 privatae
1403 2855 1604 2973 inventionem

251 2961 323 3002 mero
346 2947 452 3004 merito
477 2955 528 3012 tao
552 2948 728 3018 assignavi.

332 3031 388 3091 Ad
412 3033 594 3111 Analysia
618 3033 741 3094 XXVI.
785 3034 963 3111 Ecquisnam
986 3034 1035 3092 hic
1058 3031 1178 3110 Keplsri
1201 3030 1383 3107 triumphus,
1411 3031 1462 3105 qai
1480 2968 1603 3108 paceni

251 3117 396 3192 quodnam
427 3121 557 3180 landum
586 3139 729 3182 mearum
752 3121 1008 3182 monumentum?
1040 3119 1112 3196 quid
1140 3123 1268 3195 ingenae
1297 3118 1405 3190 fateor,
1436 3119 1484 3176 ael
1513 3119 1605 3176 totins

251 3209 341 3280 operis
371 3209 432 3265 mei
459 3211 603 3268 notitiam
632 3228 653 3267 a
673 3212 822 3285 mysteriis
845 3213 906 3270 tuis
934 3210 1105 3284 ionyissime
1130 3207 1231 3267 nditnc
1253 3206 1371 3265 werse?
1394 3204 1492 3282 ,nam
1523 3203 1603 3280 quod

250 3293 554 3358 demonstrationibus
575 3296 797 3356 mathematicis
820 3300 1082 3356 accuratissimam
1105 3293 1315 3354 certitudinem
1344 3309 1464 3368 arrogo,
1493 3291 1523 3350 ta
1546 3309 1603 3349 non

251 3379 284 3436 ad
306 3398 352 3440 me
378 3383 531 3457 privatim,
555 3382 667 3442 esdad
691 3385 785 3458 ipsam
807 3385 959 3444 scientiam
982 3385 1116 3460 pertinet
1161 3379 1222 3455 Qui
1243 3398 1313 3440 vero
1332 3379 1491 3440 dedecoris
1514 3379 1604 3454 abyr-

251 3483 294 3524 ιιιι
317 3467 507 3543 quomodove
530 3471 559 3526 in
585 3487 651 3528 eam
676 3471 799 3548 famam
821 3479 910 3532 tuam
931 3470 1075 3560 mando,
1107 3467 1187 3546 qood
1218 3468 1331 3528 tradere
1355 3476 1385 3528 ts
1416 3467 1482 3526 dico
1505 3466 1604 3543 philo-

252 3555 382 3628 sophiam
416 3555 691 3632 profundissimam,
724 3557 794 3634 quid
825 3561 965 3636 mysteria
995 3555 1024 3614 in'
1053 3556 1106 3614 illa
1135 3555 1266 3616 contorta
1296 3550 1485 3641 celebrarit)
1529 3553 1604 3612 Naar

253 3641 326 3714 quod
350 3643 575 3719 perplexissima
599 3645 651 3702 illa
673 3647 813 3720 mysteria
836 3645 909 3714 dixi,
933 3643 961 3702 id
986 3645 1160 3720 nescioqui
1183 3653 1216 3700 tu
1239 3643 1308 3701 milri
1325 3643 1494 3720 exprobres,
1517 3648 1604 3716 quern

251 3745 282 3786 ne
305 3728 437 3804 dignaris
460 3731 580 3807 quidem
603 3731 717 3790 erudire
747 3734 864 3807 scriptis
879 3733 960 3806 tuis,
991 3733 1095 3790 scribis
1118 3733 1197 3790 enirn
1226 3731 1297 3806 filiis
1317 3732 1507 3804 sapientiae,
1538 3745 1604 3786 carn

253 3833 294 3874 rue
317 3817 412 3876 tiliam
436 3819 620 3892 ignorantiae
642 3836 814 3894 persuasum
838 3809 958 3878 habeas.
1004 3818 1078 3876 Mihi
1102 3820 1201 3892 itaque
1231 3819 1347 3892 meique
1369 3817 1514 3876 similibus
1537 3834 1604 3892 my-

250 3907 338 3962 steria
364 3915 416 3964 tua
437 3905 577 3982 perplexa
601 3915 681 3974 sant,
702 3905 731 3964 id
755 3915 800 3966 est
830 3908 970 3982 mysteria
993 3906 1082 3981 ctrlpa
1103 3913 1363 3978 tonsuramque,
1391 3921 1466 3978 ques
1489 3902 1604 3974 larrdns,

252 4009 351 4050 roseae
377 3996 476 4050 ιιιιιίι
501 3995 656 4070 fratrum,
687 3995 738 4068 qui
763 3993 901 4070 „lugiunt
923 3991 961 4052 ad
987 3992 1112 4065 salices,
1133 4001 1170 4050 »et
1192 4009 1223 4050 se
1239 3993 1363 4067 cupiunt
1384 3999 1453 4050 ante
1476 3989 1601 4048 rideri.“

252 4077 311 4151 elge
349 4097 480 4154 namque
514 4083 570 4138 nisi
601 4079 763 4162 doctrinam
794 4082 907 4157 jttctent
937 4082 1001 4156 ipso
1036 4077 1200 4154 Evangelio
1237 4077 1357 4138 coelesti
1390 4079 1602 4154 pretiosiorem,

254 4164 398 4238 prodeant
421 4169 451 4224 is
475 4168 625 4229 hominnm
649 4167 861 4243 frequentiam,
875 4167 913 4228 ad
928 4183 1008 4226 marc
1022 4164 1185 4238 Galilaeae,
1203 4167 1237 4236 ¹ln
1254 4173 1403 4236 montem,
1427 4164 1464 4224 sd
1488 4165 1603 4235 iactum,

251 4251 395 4312 dimittant
427 4253 588 4330 discipulos
617 4272 669 4332 par
689 4253 815 4316 castella
848 4265 877 4315 et
900 4257 998 4325 vicos,
1031 4263 1101 4312 tuna
1130 4254 1303 4329 loquantur,
1334 4251 1359 4311 si
1388 4255 1431 4312 ita
1453 4252 1544 4329 tinec,
1573 4253 1603 4309 in

250 4339 395 4413 parabolis
417 4343 716 4420 perplexis,‚copiam
740 4344 785 4400 sui
810 4345 946 4419 privatim
970 4341 1263 4403 conventurientibas
1277 4341 1386 4400 iaciant
1409 4348 1437 4400 et
1461 4341 1602 4398 toncnisi

250 4437 457 4499 percontemur,
481 4431 537 4487 nisi
562 4429 718 4502 discamus,
743 4429 946 4506 perplexitatis
969 4427 1087 4504 culpam
1108 4445 1164 4486 tros
1180 4428 1400 4488 sustinebimus.
1446 4427 1483 4484 ta
1505 4426 1603 4502 qaod-

250 4530 311 4572 nam
334 4515 392 4574 hoc
414 4515 455 4574 iit
477 4517 677 4594 opprobrium,
701 4517 781 4592 qued
805 4516 881 4590 dioc,
907 4526 958 4576 tua
980 4516 1122 4592 mysteria
1139 4511 1179 4574 ab
1194 4517 1415 4574 accuratissima
1429 4513 1603 4574 certitudine

251 4600 527 4664 demonstrationum
550 4603 822 4686 mathenraticaram
845 4605 1016 4680 longissime
1039 4605 1205 4671 recessisse,
1230 4596 1296 4662 cun'r
1318 4611 1350 4662 ta
1375 4605 1437 4680 ipse
1460 4602 1490 4660 iel
1506 4603 1603 4660 omni-

252 4688 301 4747 bus
323 4692 460 4766 paginis,
484 4691 621 4750 cmnibus
644 4708 736 4767 prope
759 4691 846 4752 lineis
870 4691 946 4752 altra
968 4689 1112 4764 fatearis?
1156 4687 1330 4766 Pyramides
1353 4692 1466 4766 pingis,
1497 4705 1603 4748 name·

252 4791 293 4833 ros
316 4787 346 4835 st
369 4794 521 4838 mensuras
534 4776 769 4838 mathematicas
790 4779 943 4856 applices,
976 4794 1029 4836 nec
1052 4794 1103 4836 cas
1126 4779 1174 4836 vis
1203 4793 1257 4834 nos
1281 4779 1387 4838 intueri
1419 4776 1512 4836 oculis
1535 4795 1603 4835 ma·

251 4862 425 4936 thematicis,
458 4881 512 4926 nec
535 4865 685 4942 applicare
709 4868 817 4943 pateris
840 4869 966 4926 circinos
985 4863 1127 4924 metiendi
1154 4881 1252 4926 caasa.
1299 4863 1525 4924 Mathematicus
1549 4865 1603 4924 ‹le-

251 4955 471 5014 mcnstrationes
487 4953 570 5014 'adeo
593 4953 695 5029 procul
719 4953 827 5024 habes,
863 4963 894 5012 ut
920 4954 1035 5012 disertis
1060 4951 1158 5010 verbis
1188 4969 1240 5009 eas
1263 4961 1433 5011 contemnas
1467 4955 1601 5026 internus

251 5041 312 5096 vani
334 5043 442 5116 eapitis
465 5039 570 5102 deliria
592 5040 719 5114 rejicias.
764 5040 810 5100 De
844 5042 993 5117 mysteriis
1025 5038 1145 5100 modam
1175 5056 1221 5098 me
1249 5040 1294 5097 ais
1324 5037 1416 5114 loqui.
1464 5039 1601 5097 Etiamne

251 5122 300 5184 hec
322 5145 442 5204 quoquc
465 5127 674 5198 vindicandum
697 5127 821 5188 censes?
858 5127 918 5187 Sed
942 5146 960 5188 a
982 5135 1011 5188 te
1034 5125 1112 5186 mals
1134 5125 1284 5185 intellecta
1307 5125 1399 5184 dice?
1435 5125 1501 5184 Non
1517 5125 1598 5197 dicct

252 5221 341 5285 potest
364 5218 433 5294 qais
454 5233 555 5286 secam
577 5219 641 5293 ipsc
663 5216 774 5294 optime
798 5214 963 5296 intelligere
986 5221 1134 5275 secretam
1157 5212 1290 5290 aliquod,
1315 5211 1394 5292 quod
1415 5211 1601 5276 demonstra·
1701 5221 1706 5233 “
