4242 6384
957 829 966 839 .
1069 771 1195 829 272
1833 758 1917 814 De
1954 756 2199 814 Motibus
2235 753 2581 811 Planetamm
2616 756 2974 813 Harmonicis.

2330 936 2429 987 ΠΙ·
2460 934 2529 977 ⁴³·
3053 934 3209 994 Sunt
3252 946 3440 994 antem
3473 936 3745 995 notabilia

2882 1023 2999 1082 duo
3046 1023 3528 1100 veluti-conjugia
3559 1024 3748 1081 harum

2882 1111 3215 1185 figurarum,
3238 1128 3311 1168 ex
3335 1112 3580 1169 diversis
3605 1128 3751 1167 com·

2885 1200 3088 1256 binata
3161 1197 3477 1270 classibus,
3559 1215 3754 1265 mares,

2884 1286 3069 1343 cubus
3130 1293 3190 1342 et
3245 1283 3650 1344 dodecaedron
3700 1302 3758 1340 ex

2885 1373 3202 1447 primariis,
3264 1374 3541 1443 feminae,
3609 1381 3764 1429 octo·

2888 1458 3067 1517 c'dron
3113 1467 3173 1516 ct
3202 1459 3528 1516 ico'siiidron
3574 1476 3645 1516 ex
3680 1476 3764 1514 se·

2888 1545 3214 1621 cundariis,
3280 1547 3492 1620 quibus
3551 1544 3766 1603 accedit

2887 1626 3007 1691 (rna
3038 1634 3220 1690 veluti
3254 1632 3488 1691 coelebs
3533 1644 3641 1689 aut
3671 1650 3766 1688 an-

2889 1719 3203 1796 drogynos,
3237 1720 3606 1792 tetra'e’dron,
3645 1721 3768 1791 quia

2886 1808 2997 1865 sibi
3034 1809 3144 1882 ipsi
3177 1808 3522 1877 inscribitur,
3565 1816 3632 1861 ut
3651 1806 3765 1861 illae

1071 1884 1339 1943 femellae
1393 1888 1654 1946 maribus
1702 1889 2091 1950 inscribuntur
2137 1898 2195 1948 et
2243 1891 2422 1950 veluti
2483 1895 2902 1969 subjiciuntur,
2967 1901 3025 1952 et
3070 1897 3240 1970 signa
3282 1909 3456 1951 sexus
3505 1894 3769 1950 feminina

1071 1971 1426 2040 masculinis,
1457 1976 1728 2051 opposita
1771 1976 2015 2047 habent,
2062 1977 2312 2052 angulos
2357 1980 2582 2039 scilicet
2631 1981 3002 2059 planitiebus.
3095 1981 3436 2051 Praeterea,
3483 1988 3554 2038 ut
3601 1989 3767 2036 tetra-

1072 2048 1252 2120 edron
1300 2069 1390 2119 est
1434 2061 1800 2135 elementum,
1850 2065 2075 2122 viscera
2118 2073 2177 2122 et
2223 2064 2403 2124 veluti
2450 2077 2614 2126 costa
2667 2071 2799 2127 cubi
2832 2072 3025 2140 maris,
3071 2070 3156 2126 sic
3195 2066 3509 2126 octae'dron
3561 2067 3766 2126 semina

1073 2155 1163 2206 est
1189 2148 1569 2250 ‘elementum
1627 2157 1684 2209 et
1741 2166 1873 2225 pars
1920 2150 2208 2222 ,tetraedri
2265 2151 2385 2211 alia
2442 2157 2699 2229 ratione,
2762 2159 2845 2216 ita
2902 2155 3122 2214 mediat
3166 2154 3495 2214 tetraedron
3562 2156 3625 2210 in
3672 2153 3766 2210 hoc

1074 2253 1367 2311 conjugio.

1560 1771 1830 1821 Inscriptum
1860 1773 2116 1813 tetnedron
2144 1774 2382 1815 tensauro.

1184 2395 1204 2426 x
1243 2323 1571 2400 Praecipua
1614 2323 2033 2383 connubiorum
2078 2341 2183 2383 seu
2230 2323 2579 2385 familiarum
2627 2328 2952 2387 differentia
2997 2331 3055 2386 in
3101 2329 3214 2387 hoc
3262 2329 3566 2399 consistit,
3617 2323 3762 2401 quod

1073 2411 1315 2470 cubicae
1360 2411 1595 2486 quidem
1639 2410 1891 2487 effabilis
1935 2422 2022 2469 est
2066 2414 2399 2488 proporti03
2462 2432 2596 2474 nam
2644 2416 2973 2474 teti-aedron
3035 2427 3123 2474 est
3167 2416 3343 2473 triens
3405 2414 3474 2472 de
3527 2430 3762 2488 corpore

968 2572 974 2589 ι
1074 2498 1302 2571 cubic0,
1350 2497 1663 2557 octa‘e'dron
1706 2500 1966 2556 semissis
2014 2497 2085 2555 de
2133 2498 2507 2575 tetrae'dricm
2554 2511 2720 2567 sexta
2765 2521 2898 2579 pars
2945 2504 3114 2578 cubi3
3174 2501 3586 2560 dodecaedrici
3640 2516 3760 2557 vero

1073 2585 1330 2661 conjugii
1375 2587 1673 2664 proportio
1720 2592 1809 2643 est
1851 2584 2175 2660 ineffabilis
2219 2585 2490 2661 quidem,
2537 2588 2641 2647 sed
2686 2589 2918 2649 divina.

1244 2671 1470 2731 Harum
1526 2671 1770 2731 duarum
1834 2688 2048 2730 vocum
2113 2672 2408 2748 copulatio
2463 2675 2636 2750 jubet
2695 2693 2903 2736 cavere
2949 2674 3151 2734 lectori
3216 2673 3289 2733 de
3334 2690 3540 2732 earum
3588 2674 3763 2747 signi-

1073 2759 1269 2819 ficatu.
1360 2760 1493 2819 Vox
1541 2762 1693 2819 enim
1741 2758 2066 2834 ineffabilis
2109 2759 2205 2816 hic
2247 2775 2362 2817 non
2410 2760 2651 2822 denotat
2694 2781 2795 2840 per
2839 2781 2902 2822 se
2946 2762 3317 2838 nobilitatem
3361 2761 3665 2835 aliquam,
3711 2768 3761 2815 ut

1072 2847 1220 2906 alias
1266 2849 1324 2904 in
1370 2847 1669 2923 theologia
1713 2855 1771 2905 et
1815 2846 1988 2903 rebus
2035 2844 2268 2918 divinis,
2317 2848 2421 2906 sed
2466 2849 2706 2909 denotat
2750 2849 3144 2909 conditionem
3191 2848 3578 2920 deteriorem3
3645 2854 3765 2904 sunt

1074 2937 1228 2994 enim
1273 2937 1331 2992 in
1376 2936 1728 3011 geometria,
1785 2942 1848 2990 ut
1883 2932 2030 2990 libro
2076 2935 2264 3008 primo
2311 2933 2558 3010 dictum,
2623 2936 2942 2996 ineffabilia
2988 2937 3207 3009 multa,
3274 2951 3425 3012 quae
3471 2952 3597 2993 non
3645 2933 3761 2989 ideo

1072 3024 1422 3100 participant
1468 3032 1525 3080 et
1571 3021 1771 3080 divina
1814 3021 2209 3094 proportione,
2301 3019 2457 3095 Quid
2513 3032 2709 3084 autem
2765 3026 2841 3084 sit
2886 3024 3089 3082 divina
3145 3024 3444 3099 proportio
3493 3021 3767 3095 (sectoris

1074 3111 1269 3187 potius
1301 3107 1594 3182 dicenda),
1642 3125 1713 3167 ex
1758 3105 1904 3164 libro
1950 3109 2155 3182 primo'
2182 3109 2493 3184 petendum
2542 3120 2647 3171 est.
2741 3111 2892 3170 Aliis
2922 3113 3076 3170 enim
3108 3110 3590 3186 proportionibus
3637 3125 3767 3181 sup-

1072 3204 1281 3274 petunt
1324 3197 1416 3254 sui
1462 3203 1714 3270 quatuor
1756 3194 2003 3266 termini,
2050 3202 2109 3252 et
2154 3197 2464 3256 continuae
2511 3201 2686 3271 terni,
2746 3198 2949 3256 divina
2994 3199 3236 3273 requirit
3280 3194 3765 3271 etiamsingula-

1073 3300 1195 3341 rem
1238 3284 1614 3341 terminorum
1657 3279 2079 3354 habitudinem,
2126 3279 2534 3360 praeterquam
2580 3288 2972 3362 proportionis
3018 3287 3232 3362 ipsius,
3280 3291 3344 3341 ut
3386 3283 3618 3342 scilicet
3665 3281 3763 3337 duo

1073 3372 1302 3428 termini
1348 3371 1616 3441 minores,
1667 3378 1730 3449 ut
1772 3375 1994 3442 partes,
2043 3369 2403 3428 constituant
2446 3372 2754 3447 majorem,
2801 3381 2867 3430 ut
2913 3380 3112 3431 totum.
3203 3370 3360 3429 Huic
3406 3364 3589 3446 igitur
3639 3386 3767 3426 con-

1066 3457 1237 3533 jugio
1284 3455 1700 3516 dodecaeldrico
1748 3465 2027 3529 quantum
2076 3454 2324 3515 decessit
2359 3475 2443 3516 ‘ex
2489 3477 2577 3532 eo,
2627 3459 2784 3534 quod
2830 3462 3204 3535 proportione
3250 3460 3432 3515 utitur
3465 3456 3760 3520 ineffabili,

1075 3550 1299 3602 tantum
1345 3562 1417 3603 ex
1464 3561 1532 3602 eo
1581 3544 1837 3601 vicissim
1882 3541 2122 3614 accedit,
2172 3544 2332 3616 quod
2378 3546 2698 3612 ineffabilis,
2734 3548 2961 3622 proiicit
2992 3549 3049 3602 in
3081 3547 3357 3604 divinam.
3434 3543 3643 3603 Habet
3673 3543 3765 3599 hoc

1561 3678 1656 3728 mg·
1688 3675 1755 3720 44.
2226 3632 2561 3708 conjugium
2608 3642 2666 3692 et
2710 3633 2939 3692 stellam
2983 3632 3265 3704 solidam,
3330 3631 3496 3706 cujus
3543 3631 3766 3705 genesis

2240 3727 2329 3777 est
2373 3737 2446 3778 ex
2490 3722 2921 3780 continuatione
2967 3723 3275 3796 quinorum
3325 3717 3638 3795 planorum
3681 3716 3774 3773 do-

2242 3805 2513 3865 decac‘dri
2570 3807 2646 3866 ad
2706 3802 3047 3866 concursum
3111 3808 3369 3866 omnium
3444 3808 3503 3864 in
3572 3812 3774 3883 puncto

2243 3896 2448 3967 unic03
2499 3894 2630 3954 vide
2675 3897 2916 3970 genesin
2964 3895 3093 3970 ejus
3138 3894 3286 3952 libro
3334 3891 3415 3950 11.

2381 3977 2633 4057 ⁴Ultimo
2679 3982 2936 4041 notanda
2982 3990 3070 4040 est
3099 3981 3394 4062 proportio
3434 3980 3667 4037 orbium
3708 3978 3777 4033 eis

2245 4068 2807 4145 circumscriptorum
2840 4069 2913 4146 ad
2934 4071 3257 4144 inscriptoS,
3293 4068 3394 4142 qui
3418 4068 3587 4124 estin
3616 4075 3777 4125 tetra·

2241 4154 2377 4213 edro
2425 4155 2698 4233 effabilis,
2747 4165 2810 4214 ut
2863 4156 3132 4215 100000Ι
3161 4153 3238 4214 ad
3285 4155 3529 4225 33333,
3587 4153 3683 4213 vel
3725 4156 3775 4207 ut

2243 4243 2278 4300 3
2326 4242 2403 4300 ad
2456 4246 2520 4316 1,
2583 4244 2641 4300 in
2688 4245 2894 4303 cubico
2951 4242 3230 4318 conjugio
3290 4239 3640 4311 ineffabilis,
3698 4239 3775 4292 iu-

2239 4330 2438 4404 scripti
2484 4337 2678 4389 tamen
2725 4330 3153 4388 semidiameter
3208 4330 3474 4406 potentia
3519 4327 3768 4391 effabilia

2240 4415 2404 4474 radix
2448 4415 2517 4475 de
2563 4419 2735 4476 tertia
2780 4415 2944 4495 parte
2990 4419 3290 4492 potentiae
3336 4414 3622 4485 diametri,
3670 4414 3769 4470 sci-

2238 4501 2376 4561 licet
2419 4513 2485 4562 ut
2537 4506 2785 4563 100000
2831 4504 2907 4563 ad
2958 4505 3202 4577 577353
3263 4505 3321 4559 in
3368 4500 3769 4560 dodecaiidrico

2240 4590 2516 4665 conjugio
2602 4591 2775 4669 plane
2842 4589 3186 4661 ineffabilis,
3267 4597 3331 4646 ut
3405 4589 3654 4646 100000
3708 4581 3770 4643 ad

2241 4678 2483 4752 794653
2530 4679 2587 4735 in
2634 4677 2824 4751 stella,
2872 4686 2938 4735 ut
2991 4672 3242 4736 100000
3290 4673 3365 4734 ad
3415 4676 3646 4745 52573,
3693 4672 3767 4730 di-

2234 4763 2475 4822 midium
2522 4764 2675 4824 latus
2723 4765 3038 4839 icosaedri,
3073 4781 3184 4823 seu
3227 4760 3529 4821 dimidium
3562 4761 3767 4820 distan-

2233 4851 2349 4910 tiae
2395 4850 2642 4912 duorum
2687 4852 2999 4912 radiorum.
3083 4915 3092 4922 ‚
