4242 6384
510 812 572 875 110
950 810 993 866 De
1011 809 1172 879 iignum
1189 810 1412 867 Hmmonlearum

503 996 539 1039 ne
563 982 604 1037 sic
625 981 732 1053 quidem
753 984 923 1040 continuatio
947 986 1069 1043 sncoedt
1094 988 1123 1043 in
1145 982 1292 1057 infinitum
1317 992 1369 1045 est·
1385 988 1457 1043 enirn
1480 984 1639 1045 insociabile
1664 985 1753 1057 buius
1773 994 1858 1047 sectae

503 1074 628 1131 reguum,
656 1078 725 1134 quse
742 1064 839 1133 paucis
857 1081 969 1122 suorum
986 1066 1098 1123 adscitis
1117 1065 1208 1123 statim
1226 1082 1256 1121 se
1274 1068 1368 1123 munit.
1405 1068 1478 1126 Eoos
1494 1066 1596 1125 lomes
1621 1065 1674 1123 bas
1691 1066 1765 1122 duaa
1783 1068 1859 1121 etiem

506 1141 592 1211 ubter,
609 1141 688 1199 litera
706 1142 756 1197 Aa
792 1142 896 1209 Quodsi
914 1144 1073 1201 continuone
1092 1144 1200 1199 omuino
1219 1144 1294 1213 velis,
1312 1152 1435 1203 monstra
1447 1144 1579 1216 quaedam
1597 1153 1661 1201 sunt
1672 1144 1860 1215 adsciscendo,

508 1222 561 1276 duo
579 1220 710 1291 decagoni
725 1221 798 1276 inter
814 1236 845 1275 ee
863 1224 1007 1292 commissi,
1026 1225 1134 1281 extritis
1149 1224 1179 1279 in
1198 1231 1314 1293 utroquo
1331 1223 1402 1281 binis
1414 1222 1560 1298 lateribua3
1579 1223 1663 1296 fitque
1674 1224 1767 1280 series
1780 1230 1860 1279 struc-

505 1304 584 1391 turae
613 1299 817 1371 quinquangnla
839 1301 920 1355 otiam
944 1302 973 1359 iu
989 1302 1096 1360 infinita
1114 1303 1327 1373 continuatione,
1354 1304 1400 1359 sic.
1413 1305 1443 1359 ut
1469 1304 1496 1359 iu
1514 1303 1602 1373 prima
1620 1310 1647 1359 et
1669 1303 1864 1371 angustissima

508 1380 833 1516 tutissimi
845 1381 968 1517 ilii:
969 1397 1209 1531 tituil
1217 1382 1352 1517 ’illiti
1359 1380 1689 1531 „tibitibi
1690 1397 1771 1515 tit
1781 1396 1863 1515 ¹11¹er

509 1534 587 1601 gonls
604 1536 675 1591 inter
693 1549 722 1591 se
741 1538 905 1608 summissim
929 1539 957 1593 iu
975 1541 1057 1595 tertia
1076 1540 1244 1608 singulorum
1262 1540 1424 1610 angulorum
1442 1540 1502 1600 luca
1520 1546 1658 1609 occupant
1675 1536 1806 1609 singulae
1824 1553 1864 1587 co·

507 1609 588 1681 pulae
606 1628 641 1667 ex
658 1614 729 1668 binis
748 1614 893 1686 decagonis
910 1618 982 1673 inter
999 1633 1029 1671 se
1048 1620 1212 1688 commissis,
1233 1636 1300 1691 quas
1319 1619 1420 1675 mediat
1438 1620 1593 1687 dcccgonns
1613 1610 1702 1687 uiuus5
1723 1618 1753 1671 in
1772 1630 1864 1688 quarta

506 1696 579 1746 stant
602 1708 711 1748 rursum
734 1692 832 1763 integri
850 1696 983 1765 decagoni
1002 1697 1031 1751 in
1052 1697 1175 1767 angulis,
1199 1698 1371 1771 mediantque
1394 1698 1472 1775 biuos
1494 1696 1608 1769 angulos
1633 1694 1866 1769 biuidecagoni,S

510 1770 636 1841 dispositi
660 1770 819 1843 aequalibus
841 1776 1004 1847 intervallis,
1017 1777 1057 1839 ,in
1080 1770 1181 1847 quinta
1198 1784 1272 1833 stant
1289 1778 1387 1833 stellae
1411 1794 1473 1833 cum
1495 1776 1608 1845 singulis
1627 1777 1762 1838 extreme
1783 1776 1864 1830 redii.

508 1850 537 1905 in
555 1851 668 1921 singulis
686 1852 802 1919 angulis,
819 1852 934 1923 implent
952 1870 1015 1909 vero
1032 1854 1119 1911 bueus
1138 1856 1193 1911 bini
1211 1856 1342 1926 decagoni
1359 1857 1458 1925 integri
1480 1864 1509 1913 et
1532 1856 1560 1913 iu
1578 1852 1667 1911 medio
1693 1856 1779 1911 binae
1799 1870 1855 1909 com

510 1930 642 2001 ¹nrissurae
663 1932 871 2005 decegouorum.
906 1935 945 1989 Et
969 1934 1008 1989 sic
1030 1942 1229 2005 consequenter
1253 1936 1450 2005 unaquaelibet
1469 1936 1557 1991 forma
1582 1932 1793 2006 quinquangulus
1817 1933 1865 1991 lert

509 2010 572 2140 flori
598 2010 710 2081 aliquid.
752 2012 895 2069 Structura
922 2020 965 2069 est
989 1998 1202 2084 laboriosissima
1231 2022 1258 2069 et
1286 2013 1522 2083 artificiosissime,
1548 2012 1661 2069 suenda
1687 2012 1727 2067 ad
1756 2006 1864 2067 eundem

521 2087 616 2143 'teram
633 2090 682 2148 Aa,
1707 2110 1712 2118 ·

597 2168 659 2224 Huc
677 2166 758 2227 etiam
775 2171 849 2227 refer
866 2170 972 2227 stellam
991 2170 1176 2241 decangulam,
1195 2172 1224 2227 in
1241 2171 1320 2241 cujus
1339 2187 1436 2231 esuum
1453 2170 1583 2242 engsdum
1604 2170 1733 2241 congruit
1752 2168 1866 2239 angulo

509 2250 670 2318 pentagona
693 2256 721 2306 et
738 2251 856 2307 vicissim
881 2250 951 2317 radii
976 2250 1031 2311 bini
1048 2250 1185 2305 trideciles
1208 2268 1269 2307 cum
1287 2249 1357 2307 binis
1379 2251 1569 2321 pentagouicis
1593 2258 1751 2321 conmuni
1779 2258 1808 2304 et
1824 2251 1865 2301 im·

510 2323 587 2392 pient
598 2326 689 2386 lucum
701 2331 825 2386 solidum.
857 2332 933 2386 Haec
944 2331 1033 2385 forma
1044 2331 1141 2399 recipit
1152 2329 1310 2399 inaequales
1322 2334 1501 2399 pentagonus,
1523 2334 1551 2384 et
1562 2326 1627 2385 licet
1644 2332 1680 2386 sit
1699 2325 1865 2386 continuabi-

510 2400 559 2472 lis,
577 2406 674 2475 recipit
692 2415 782 2464 tamen
799 2411 827 2465 iu
844 2410 962 2465 medium
979 2424 1080 2465 saeuos
1098 2409 1249 2478 decagonus
1264 2409 1382 2465 *hiulcos
1418 2408 1517 2463 Forma
1529 2414 1573 2463 est
1592 2409 1705 2465 uisenda
1718 2408 1800 2463 litera
1820 2406 1863 2459 Bb.

599 2485 773 2556 Beutagouus
792 2500 863 2547 uuus
879 2489 909 2543 iu
925 2496 1065 2543 ternorum
1089 2488 1232 2558 planorum
1250 2488 1376 2557 copulam
1392 2488 1495 2543 assumi
1518 2504 1574 2543 non
1591 2496 1698 2558 potat,
1727 2502 1792 2544 nam
1811 2487 1864 2552 ejus

512 2564 629 2635 angulus
646 2563 731 2623 babel
750 2568 763 2641 fl
783 2568 864 2623 unius
882 2570 963 2636 recti,
982 2568 1071 2637 perl
1091 2570 1136 2625 33:
1162 2582 1226 2636 ergo
1250 2567 1358 2636 angulis
1383 2566 1491 2625 dnobus
1514 2564 1625 2638 reliquis
1647 2567 1865 2637 relinquerentur

516 2642 555 2715 ¹3⁴,
574 2644 683 2701 cuilibet
700 2646 730 2719 if,
748 2648 857 2717 qualem
873 2647 949 2715 nulla
961 2647 1052 2717 figura
1069 2648 1161 2705 babet.
1196 2647 1256 2701 Neo
1273 2646 1344 2702 sumi
1361 2654 1478 2715 poasuut
1495 2647 1631 2715 hexagoni
1650 2647 1723 2703 duo:
1747 2662 1811 2701 nam
1828 2659 1864 2697 re·

512 2720 621 2777 cidnum
639 2731 681 2778 est
701 2725 782 2780 etiam
800 2728 936 2796 hexagoni
958 2727 1073 2795 angulus
1092 2734 1120 2783 et
1136 2727 1168 2782 iit
1185 2724 1272 2781 iorma
1288 2725 1422 2795 'superius
1440 2726 1542 2791 relata,
1565 2742 1625 2781 oum
1647 2742 1698 2782 nos
1721 2726 1771 2781 bic
1789 2736 1864 2791 quse

511 2814 603 2861 mmua
619 2808 772 2863 sunciuras
791 2821 826 2861 ex
840 2806 949 2861 duabus
968 2806 1128 2877 speciebus,
1150 2822 1204 2863 nou
1222 2822 1257 2861 ex
1275 2807 1372 2863 unicae
1391 2805 1492 2875 speciei
1510 2805 1612 2874 figuris.
1649 2804 1704 2861 Per
1723 2810 1864 2874 sequentes

512 2878 684 2949 plurilateris
702 2883 812 2953 ligurus,
831 2902 946 2959 querum
964 2886 1080 2953 angulus
1098 2885 1185 2955 major
1202 2893 1246 2942 est
1262 2886 1443 2953 hexagonus,
1467 2885 1614 2941 subtractis
1633 2884 1744 2939 duobus
1763 2878 1865 2951 sugsdia

512 2959 680 3031 adrectis,
703 2963 868 3033 relinquitur
889 2981 940 3033 pro
957 2964 1064 3035 reliquo
1081 2964 1184 3033 minus,
1208 2980 1289 3035 quam
1308 2964 1390 3021 babet
1415 2964 1610 3031 hexagonious:
1640 2976 1694 3017 uno
1724 2978 1790 3015 vero
1809 2956 1863 3012 sub·

513 3043 615 3103 macto,
638 3041 727 3095 minus
745 3039 905 3112 relinquitur
920 3058 972 3111 pro
991 3043 1098 3098 duobus
1122 3044 1249 3113 reliquis,
1277 3058 1358 3114 quam
1380 3043 1484 3099 babent
1506 3043 1560 3097 duo
1579 3042 1752 3110 bmagonici.
1788 3035 1865 3103 Atqui

514 3114 549 3169 de
565 3114 599 3170 iis
617 3117 720 3189 figuris,
740 3135 810 3189 quse
828 3120 971 3189 pauciores
988 3129 1017 3177 et
1035 3122 1153 3177 minores
1171 3123 1273 3179 babent
1294 3122 1416 3192 angulos,
1436 3136 1517 3193 quam
1528 3122 1697 3190 hexagonus,
1712 3121 1773 3189 jam
1790 3124 1864 3171 autea

515 3201 684 3252 uansoctnn
701 3198 781 3253 nobis
799 3206 856 3268 est,
874 3214 944 3268 quae
962 3207 991 3258 et
1009 3208 1075 3271 quot
1093 3217 1153 3257 esse
1172 3202 1292 3271 possint,
1312 3200 1422 3271 quando
1440 3200 1511 3255 terni
1529 3206 1655 3257 sternunt
1672 3197 1823 3273 planiu'em-

601 3270 677 3330 XX
709 3274 951 3352 Propositio.
995 3278 1039 3336 Ex
1069 3276 1165 3355 planis
1196 3278 1312 3354 angulis
1341 3278 1428 3335 trium
1458 3279 1623 3354 specierum
1649 3274 1734 3335 locus
1766 3270 1865 3351 plautus

515 3364 642 3433 congrue
664 3360 800 3439 impietur
822 3371 933 3438 quater.
1416 3428 1419 3438 ,
1650 3414 1660 3423 .
1708 3374 1713 3385 ·
1859 3435 1864 3447 ¹

602 3443 654 3499 liic
676 3461 733 3501 nou
754 3444 908 3501 tolerentur
928 3454 986 3501 tres
1007 3445 1135 3516 pluresue
1161 3446 1297 3515 trigonici,
1323 3445 1427 3501 iaciunt
1456 3446 1527 3501 euim
1552 3452 1609 3501 tres
1626 3444 1720 3513 anguli
1747 3438 1865 3525 trigonio

516 3522 587 3584 dues
603 3530 707 3593 rectos;
730 3521 892 3595 relinquitur
908 3528 1012 3594 minus,
1031 3525 1197 3596 quemfecit
1215 3540 1320 3581 summa
1337 3524 1507 3584 minimorum
1526 3524 1589 3593 posi
1606 3522 1682 3592 illos,
1708 3518 1865 3589 tetragoniu

485 3646 487 3651 .
562 3609 591 3657 eb
607 3604 811 3673 pentagonici„
833 3604 874 3660 0b
892 3606 922 3660 id
939 3620 1028 3676 neque
1044 3605 1153 3660 duobus
1170 3605 1310 3676 trigonicis
1329 3602 1450 3659 sumundi
1468 3603 1522 3657 duo
1541 3602 1703 3672 tetragonici
1722 3608 1772 3658 ant
1789 3597 1865 3660 mul0·

516 3698 575 3754 ras,
593 3684 657 3753 quie
672 3701 728 3739 uon
739 3685 943 3756 relinqueretur
959 3687 1026 3740 sads
1044 3686 1127 3755 spatii
1144 3702 1194 3757 pru
1212 3685 1313 3754 ungulo
1330 3684 1433 3753 figurae
1451 3682 1547 3741 tertiae
1566 3682 1675 3751 speciei.

609 3766 630 3819 i.
660 3764 734 3832 Ergo
752 3765 777 3819 si
794 3762 920 3833 trigonici
937 3764 991 3818 sint
1003 3763 1057 3817 duo
1075 3770 1103 3817 et
1115 3763 1299 3832 tetragonicus
1312 3778 1390 3831 unus,
1410 3761 1558 3817 sociabitur
1573 3760 1627 3817 illis
1641 3747 1866 3829 dodecagonicuii

517 3858 574 3899 nou
590 3850 683 3898 tamen
699 3842 872 3915 conlimatur
889 3843 989 3899 torma:
1007 3842 1068 3897 aide
1087 3842 1173 3897 literis
1191 3843 1236 3911 dc,
1256 3843 1309 3909 Dd,
1327 3842 1368 3897 ile
1386 3849 1443 3897 tres
1460 3842 1570 3907 formas,
1590 3854 1684 3895 omnes
1703 3838 1739 3893 ad
1758 3836 1868 3907 priinum

515 3938 612 3978 omum
630 3922 806 3991 pertinentes
841 3922 904 3976 Huc
921 3921 1003 3977 ellam
1021 3921 1101 3977 stella
1120 3921 1321 3990 dodecagonica
1338 3920 1479 3989 referatur,
1498 3928 1632 3987 utsupra
1668 3919 1739 3975 Nam
1757 3920 1868 3983 quuuor

518 3999 657 4072 trigonici,
683 4014 754 4053 unns
778 4002 964 4071 tetragonicus
990 4008 1018 4057 et
1040 4015 1112 4056 unus
1136 4000 1234 4056 stellae
1257 4000 1350 4057 radius
1372 4000 1523 4069 implebunt
1547 4000 1643 4054 locum.
1680 3996 1755 4050 Ecce
1773 3992 1868 4075 iorum

518 4072 569 4140 Fi,
587 4072 646 4140 (ig,
664 4068 718 4124 Hb.
754 4069 905 4140 Trigouicis
922 4071 1030 4134 dnobus
1048 4073 1073 4127 si
1089 4073 1285 4141 pentagonicns
1303 4086 1374 4126 uuus
1390 4069 1691 4139 jungatumoaiduum
1710 4067 1763 4121 erit
1780 4072 1864 4148 mutu·

520 4168 625 4223 gruaria
645 4151 693 4224 ii,
717 4150 808 4210 nullus
825 4153 898 4207 enim
915 4153 1032 4221 anguine
1049 4152 1132 4208 babet
1154 4154 1193 4224 Η.
1229 4150 1277 4205 din
1300 4164 1370 4205 unus
1391 4149 1510 4204 addatur
1531 4146 1716 4218 hexagonicus
1733 4143 1867 4210 tngomcu

519 4234 639 4301 dnobus,
664 4232 789 4285 residuus
813 4232 895 4285 etism
919 4230 1104 4300 hexagonicus
1131 4230 1234 4299 cribet
1256 4229 1346 4283 lorme
1372 4229 1422 4283 erit
1447 4244 1500 4283 una
1524 4242 1557 4283 ex
1582 4224 1778 4299 superioribus.
1812 4218 1867 4305 Nou

519 4318 650 4383 poterunt
665 4311 748 4377 igitur
763 4326 847 4378 porro
864 4325 927 4364 esse
944 4311 1000 4365 bini
1017 4309 1126 4377 trigoni.
1162 4308 1235 4377 Ergo
1255 4308 1325 4362 sisit
1337 4308 1486 4377 trigoniaus
1503 4322 1582 4372 unus,
1602 4304 1628 4358 ei
1645 4310 1700 4357 tues
1712 4307 1867 4386 tetragoni&

519 4407 576 4447 noa
593 4389 741 4457 addentur,
759 4389 870 4443 nimbum
886 4391 959 4450 enim
970 4388 1112 4457 conflatur,
1131 4400 1182 4443 nec
1194 4381 1275 4457 spatii
1287 4387 1353 4441 satis
1367 4387 1466 4453 angulo
1483 4386 1581 4441 tertiae
1593 4382 1694 4453 speciei
1705 4380 1866 4447 relinquitur·

608 4467 633 4522 2.
668 4466 812 4522 autenun
828 4469 876 4523 uni
892 4469 1025 4537 trigonius
1042 4470 1098 4525 duo
1116 4465 1285 4534 tetragonicr',
1300 4464 1329 4519 in
1346 4466 1485 4523 nasonem
1508 4462 1543 4519 sd
1561 4469 1678 4531 quatuor
1701 4466 1792 4515 rectos
1810 4464 1866 4541 ⁰911·

521 4556 601 4622 gruet
617 4545 818 4616 harmonicum
841 4547 929 4608 forma
947 4548 1064 4618 duplex,
1085 4546 1173 4603 literis
1190 4544 1213 4599 ii
1231 4543 1435 4608 continuabilis,
1462 4542 1507 4596 Klr
1530 4550 1586 4598 nou
1605 4536 1797 4597 mntmnobiiie
1813 4540 1865 4587 etue

521 4630 649 4687 mixtura.
685 4626 790 4696 Estque
807 4628 854 4683 bic
871 4642 950 4687 casus
967 4628 1112 4683 secundm.
1621 4657 1625 4667 ·
1792 4678 1795 4687 .

610 4707 771 4778 Trigonicus
795 4723 866 4762 nnus
884 4724 945 4762 cum
962 4703 1151 4777 pentagonicis
1170 4704 1276 4761 duobus
1294 4720 1349 4759 non
1366 4703 1505 4773 jungunt,
1529 4699 1705 4757 restat'enim
1729 4696 1820 4785 hiebus
1838 4686 1865 4756 li

519 4788 603 4845 nnius
620 4788 697 4853 recti,
713 4786 819 4841 alienus
837 4786 1040 4855 a.rcgnieribus
1057 4786 1166 4857 tiguris3
1186 4800 1237 4841 nec
1254 4800 1317 4839 cnm
1335 4781 1515 4853 pentagonico
1533 4796 1601 4848 uno,
1618 4790 1725 4833 rursum
1743 4788 1814 4831 euim
1829 4780 1864 4857 ra·

431 4908 434 4914 .
524 4874 599 4923 sunt
618 4867 664 4939 ἓξ,
682 4882 746 4921 eum
759 4865 838 4921 nulla
854 4866 987 4935 regularis
1003 4866 1093 4936 ilgnra
1111 4866 1211 4921 babeat
1223 4864 1269 4937 {33
1288 4880 1339 4918 uec
1351 4878 1412 4917 cum
1422 4852 1593 4929 'benagmioo
1607 4872 1669 4922 uno,
1686 4852 1790 4911 iaciunt
1801 4858 1863 4937 euim

523 4948 661 5011 ireotos,
686 4961 749 5001 cum
769 4944 862 5001 nullus
883 4943 960 5001 solus
981 4945 1097 5013 angulus
1120 4944 1297 5005 butticulas,
1319 4940 1457 4997 dimidium
1482 4956 1545 4995 vero
1570 4940 1654 5010 bajus
1676 4934 1712 4990 aii
1735 4932 1863 5001 quantitas
1898 4980 1899 4985 ,

520 5025 697 5096 'tetragonici,
716 5024 749 5081 de
767 5043 822 5095 quc
836 5025 893 5095 jam
910 5032 954 5079 est
969 5031 1075 5093 aetum
1098 5039 1149 5079 acc
1167 5038 1228 5077 cum
1246 5020 1488 5092 heptagonico·sel
1505 5018 1664 5087 octogonico
1679 5012 1723 5069 sel
1741 5019 1864 5071 arretii

524 5105 596 5173 nito,
614 5104 738 5173 siugulis3
762 5103 986 5161 restarent-enim
1003 5119 1053 5171 pro
1073 5102 1172 5179 angulo
1191 5101 1289 5156 tertiae
1306 5098 1407 5169 spetiei
1425 5096 1573 5169 figurarum
1595 5097 1642 5154 vel
1656 5097 1691 5167 li
1716 5091 1763 5145 Vel
1781 5080 1862 5171 illel

530 5183 570 5253 ¹,⁸,
593 5182 689 5250 quales
705 5183 782 5238 nulla
798 5182 932 5259 regularis
949 5182 1036 5249 ligura
1052 5181 1145 5237 habu
1180 5181 1255 5251 Ergo
1278 5180 1427 5250 trigonicns
1452 5195 1523 5235 uuus
1540 5192 1602 5238 curu
1630 5172 1792 5243 decagouico
1816 5175 1863 5219 uu⁰

526 5263 692 5335 conpositus
708 5263 837 5335 relinquit
860 5262 965 5317 hiatum
984 5261 1031 5333 ῗξ,
1057 5266 1175 5331 quantus
1202 5264 1245 5316 sot
1265 5256 1591 5335 peutakaetlecagouitua
1626 5254 1680 5313 iiio
1699 5260 1742 5311 att
1763 5246 1862 5325 quidem
