4242 6384
507 796 572 857 ala
949 792 991 851 Dr
1007 791 1167 865 ligustrum
1186 794 1409 855 flamonium

508 964 610 1034 teleem,
627 963 724 1034 hedos,
742 962 927 1023 ceuohoidaai
955 966 1514 1039 1prequidencamuanua,nisaeticnsn
1532 973 1649 1041 mamm,
1665 983 1721 1029 non
1735 970 1847 1033 nmati-

509 1044 603 1109 vertit,
625 1060 656 1099 ae
673 1060 779 1101 sumere
794 1046 905 1103 tertiam
930 1047 1021 1116 anguli
1039 1056 1145 1119 partem
1163 1046 1246 1103 veluti
1260 1048 1319 1117 jam
1336 1057 1452 1118 comam,
1477 1064 1547 1120 quae
1565 1056 1624 1105 arat
1647 1046 1756 1105 demum
1774 1066 1847 1121 quae

509 1120 599 1254 redariis.
635 1121 834 1259 Elxisbtqtsgeens
855 1124 883 1179 in
901 1140 962 1181 meo
980 1126 1128 1197 exemplari
1152 1126 1187 1183 ad
1211 1127 1291 1185 duem
1316 1130 1406 1199 operis
1422 1128 1547 1185 Euclidei
1563 1128 1613 1185 iol.
1632 1130 1691 1187 586.
1717 1130 1849 1199 pertinens

508 1216 526 1255 a
580 1215 641 1258 uem
696 1217 720 1255 ιι
778 1244 784 1257 .

593 1277 764 1336 Jordauus
781 1282 918 1338 Brunus
940 1283 1063 1346 Nolanus
1089 1286 1117 1340 in
1140 1284 1280 1353 semum
1298 1284 1442 1341 ABODEF
1471 1285 1598 1355 opposita
1614 1284 1702 1353 latera
1726 1286 1784 1351 BG,
1805 1288 1848 1342 EF

639 1410 666 1451 ῃ
704 1409 729 1453 ¹9
868 1362 1028 1419 continuata
1049 1364 1177 1433 utrinque
1198 1364 1274 1420 ducit
1297 1362 1537 1433 perpendiculares
1557 1363 1622 1433 GH,
1649 1364 1702 1434 III,
1726 1364 1850 1420 emulum

557 1466 561 1473 ·
667 1420 689 1461 ⁸'
731 1442 738 1455 '
867 1440 895 1495 in
914 1441 947 1509 A,
965 1442 989 1495 D
1008 1442 1321 1511 contingentespducta
1339 1442 1422 1511 igitur
1444 1442 1510 1499 iacti
1527 1443 1777 1513 parallelogrammi
1800 1442 1849 1498 diu

653 1525 672 1569 a
795 1568 798 1581 ,
864 1521 945 1587 penio
962 1520 1018 1587 III,
1035 1520 1166 1575 circulum
1184 1523 1302 1591 putabat
1320 1522 1406 1577 secari
1426 1523 1481 1592 sie,
1508 1530 1540 1579 ut
1556 1524 1630 1579 inter
1647 1526 1690 1591 Δ,
1712 1524 1739 1579 D
1756 1529 1850 1593 puncta

549 1576 783 1699 γῆ
865 1604 1038 1653 coutactnum
1061 1606 1089 1655 et
1111 1600 1246 1657 sectiones
1264 1600 1304 1671 ll,
1331 1602 1359 1655 ll
1391 1602 1511 1657 mutant
1533 1618 1621 1659 nonae
1647 1608 1741 1672 partes
1764 1600 1851 1657 curuli

786 1672 799 1703 '²
863 1676 923 1744 AN,
941 1677 1004 1731 DII.
1033 1677 1119 1747 Atqui
1132 1676 1335 1735 demonstratur
1348 1696 1383 1735 ex
1396 1680 1599 1751 diagrammate,
1618 1681 1691 1752 qued
1704 1698 1767 1737 cum
1778 1682 1850 1735 semi-

865 1753 984 1824 diageuii
1000 1754 1072 1810 illius
1090 1754 1141 1809 LII
1159 1755 1321 1827 quadratum
1339 1759 1376 1814 sit
1393 1758 1517 1831 eratne,
1539 1761 1597 1817 scil.
1616 1761 1650 1833 ἡ
1668 1760 1703 1817 de
1722 1760 1849 1832 quadratu

864 1831 987 1889 diamemi
1004 1835 1057 1901 (eat
1075 1833 1145 1889 enlm
1165 1834 1238 1889 ΑΒΗ
1251 1836 1309 1901 60⁰,
1329 1852 1394 1907 ergo
1419 1838 1470 1893 ΒΗ
1488 1840 1610 1897 samIssis
1628 1840 1663 1895 da
1676 1841 1723 1897 AB
1741 1841 1784 1896 sel
1797 1840 1848 1905 AL,

865 1914 973 1981 atejus
995 1913 1119 1981 petentia
1141 1912 1223 1983 igitur
1241 1916 1377 1983 quadrans
1405 1916 1439 1972 de
1468 1920 1594 1989 porentia
1611 1921 1676 1987 AL,
1706 1921 1788 1989 igitur
1804 1918 1850 1973 ΑΗ

864 1990 986 2083 potentia
1006 1988 1124 2047 dodrans
1151 1990 1184 2045 de
1207 1993 1332 2085 pctoqtia
1355 1994 1416 2051 ΔΙι.
1455 1995 1509 2053 Sed
1533 1998 1656 2067 potantia
1678 1998 1731 2053 LII
1758 2002 1851 2091 qeqast

475 2118 480 2133 ·
532 2118 544 2159 ¹
655 2139 676 2181 υ
796 2129 799 2138 ’
863 2074 1000 2205 im
1014 2068 1656 2221 id.il.iil⁸..¹tii.ti·ltli⁰siit
1673 2075 1851 2223 mitit

506 2232 607 2302 meda,
632 2232 737 2289 scilieet
753 2231 832 2289 radix
857 2230 891 2286 de
909 2229 941 2300 ,1,
962 2226 1088 2299 quadrati
1112 2226 1242 2282 diametri
1277 2227 1402 2285 Demissa
1428 2232 1499 2287 enim
1517 2234 1737 2303 perpendiculari
1754 2234 1801 2289 ΔΟ
1820 2249 1850 2287 ex

506 2312 642 2380 AinLlI,
660 2312 712 2367 erit
729 2311 801 2366 siem
812 2309 863 2365 LII
880 2307 1011 2377 potentia,
1032 2306 1071 2377 ἦ,
1089 2305 1124 2359 ad
1138 2304 1187 2359 Ha
1197 2305 1355 2377 potentiam,
1374 2308 1417 2379 ,iffi
1431 2311 1476 2367 ‘nn
1487 2312 1535 2367 LA
1550 2313 1681 2381 potuum,
1701 2312 1744 2385 ἦ,
1762 2312 1797 2367 ιὰ
1808 2310 1850 2365 AO

377 2406 385 2427 .
506 2390 663 2459 petendam,
686 2389 769 2459 lide
789 2386 876 2460 ,ibid
894 2392 938 2441 est
954 2382 1041 2454 ff).
1078 2384 1120 2437 Ita
1137 2382 1205 2438 haec
1221 2384 1415 2453 uenasqularis
1431 2390 1673 2459 mqudisnbtensa
1689 2399 1765 2449 esset
1782 2390 1850 2445 noti·

506 2468 558 2523 lior
574 2468 710 2539 aliquibus
728 2465 885 2537 praemissis
903 2472 932 2519 et
949 2460 1150 2519 communlcans
1168 2462 1214 2528 ils3
1239 2479 1300 2519 cum
1318 2470 1409 2521 tamen
1427 2467 1464 2523 uit
1482 2484 1595 2525 numero
1620 2470 1736 2525 namn
1753 2466 1851 2537 impari,

508 2546 611 2603 scillcet
628 2562 740 2603 numero
758 2544 858 2615 aliquo,
875 2542 956 2613 prImi
973 2543 989 2597 3
1007 2541 1147 2612 quadrato,
1166 2540 1233 2596 nihil
1253 2545 1454 2603 communicans
1473 2564 1534 2605 eum
1546 2556 1689 2620 tetragono
1709 2549 1849 2615 ettriqoao

506 2625 749 2696 perbiaectiouem
766 2639 887 2693 arcuum
905 2636 1019 2692 quarum
1036 2618 1184 2691 figurarum
1201 2622 1329 2690 proprius
1348 2630 1391 2679 est
1407 2626 1454 2683 hic
1470 2626 1620 2685 nobilitatis
1637 2626 1749 2696 medus.

593 2732 737 2794 XLVIII.
760 2730 1019 2792 Gerellanum.
1065 2728 1203 2807 Sequitur
1224 2734 1321 2809 igitur,
1343 2736 1481 2809 notionis,
1504 2736 1653 2810 scientiae,
1677 2734 1849 2797 determtnn·

507 2824 608 2897 tients,
639 2820 842 2899 descriptionis
865 2826 894 2879 et
916 2818 1172 2877 demonstrationis
1201 2828 1296 2879 metas
1324 2824 1400 2880 iutra
1429 2824 1538 2899 primos
1561 2822 1716 2899 figurarum
1742 2820 1849 2882 ordines

507 2912 678 2970 consistere:
702 2917 735 2968 ut
756 2910 815 2967 sint
838 2901 948 2966 classes
970 2905 1127 2982 figurarum
1149 2904 1294 2965 scibilium
1323 2925 1379 2968 nou
1398 2908 1496 2986 plures
1526 2928 1615 2987 quam
1630 2918 1775 2987 quatuor:
1798 2916 1849 2967 tres

506 2998 638 3075 proprias
653 2996 915 3056 demonstrationes
929 2993 1108 3059 habentium.
1132 2993 1162 3050 in
1178 2994 1284 3069 quibus
1300 2997 1407 3072 capita
1419 3004 1487 3055 sunt
1501 2997 1686 3072 familiarum,
1709 2999 1741 3056 ln
1764 2997 1850 3074 prima

507 3092 693 3160 tetragonus,
725 3089 794 3159 post
816 3080 987 3140 diametrum
1010 3078 1122 3151 circuli,
1156 3080 1238 3155 eujus
1270 3080 1419 3143 character
1447 3097 1583 3144 numerus
1608 3087 1643 3159 2,
1674 3086 1704 3143 in
1728 3079 1850 3143 secunda

491 3171 649 3247 ¹trigonus,
673 3168 756 3245 cujus
778 3166 925 3227 character
949 3168 977 3256 3,
1001 3168 1031 3225 ln
1053 3166 1139 3225 tertta
1160 3174 1354 3244 pentagonus,
1376 3169 1541 3232 characters
1566 3172 1600 3247 53
1624 3188 1683 3231 aaa
1704 3188 1776 3233 vero
1799 3172 1849 3227 irn-

507 3259 690 3334 propriarum
718 3255 1013 3327 demonstrationum,
1042 3252 1126 3329 cajus
1158 3270 1294 3315 numerus
1324 3262 1368 3316 est
1398 3256 1552 3335 multiplex
1585 3258 1707 3319 duorum
1732 3260 1751 3319 3
1775 3263 1804 3318 et
1825 3254 1849 3327 t,

508 3344 621 3403 scilicet
646 3346 699 3403 15:
722 3345 816 3420 prima
837 3344 915 3401 enim
937 3340 1002 3416 ejas
1024 3339 1127 3401 classis
1148 3340 1242 3417 figura
1265 3350 1310 3403 eet
1331 3344 1656 3421 pentelraadecagonns.

593 3454 710 3516 XLIX.
733 3456 958 3533 Propositio.
1005 3452 1079 3512 Cum
1107 3458 1206 3513 autem
1236 3454 1357 3516 bisontio
1388 3452 1464 3539 (qua
1491 3462 1608 3537 proprie
1636 3460 1728 3520 utitur
1756 3454 1850 3519 claesIs

508 3540 617 3625 prima)
641 3543 802 3605 communia
823 3544 863 3602 sit
885 3551 945 3601 mm
960 3540 1107 3601 secundae
1123 3558 1211 3617 quam
1227 3546 1329 3604 tertiae
1352 3542 1448 3621 classi,
1477 3554 1567 3623 patet,
1591 3546 1650 3607 alio
1671 3546 1737 3624 jure
1753 3544 1849 3621 degere

509 3630 632 3691 classem
654 3633 786 3708 primm,
809 3629 869 3689 alie
892 3627 965 3687 duas
987 3626 1129 3704 reliquas:
1154 3630 1195 3687 ita
1217 3634 1249 3688 nt
1270 3633 1365 3708 prima
1376 3632 1599 3693 familiaritatem
1614 3632 1724 3695 habeat
1746 3632 1783 3693 ad
1805 3634 1849 3689 et·

507 3736 628 3795 samque
649 3717 835 3794 reliquarum,
866 3723 897 3775 at
925 3716 994 3775 illae
1021 3715 1245 3791 figurationibus
1273 3726 1374 3779 senna
1403 3737 1436 3779 se
1464 3720 1695 3799 distinguantur,
1722 3721 1796 3781 adeo
1823 3720 1851 3773 ui

508 3822 622 3885 mrum,
652 3822 728 3882 quae
750 3805 882 3883 proprias
905 3802 1167 3864 demonstrationes
1189 3802 1312 3882 habent,
1341 3806 1558 3883 quedammodo
1580 3808 1640 3868 deo
1662 3816 1776 3872 tantum
1798 3796 1850 3865 sint

507 3910 624 3970 genere.
686 3946 690 3952 ,

593 3994 664 4051 liam
681 3998 839 4061 temnqonus
856 3995 886 4045 et
902 3996 1054 4062 octogonus
1073 3990 1164 4047 stadm
1185 4004 1216 4046 se
1234 3991 1312 4061 qnasi
1329 3996 1404 4048 totas
1420 3990 1568 4061 trigonicae
1590 4000 1682 4049 sectae
1708 3994 1848 4065 applicant,

507 4076 572 4147 quis
587 4090 651 4145 pars
669 4072 763 4130 circuli
781 4077 860 4129 sexta
877 4078 905 4127 et
923 4070 1083 4126 duodecima
1096 4070 1209 4140 iunctae
1226 4072 1330 4127 iaciunt
1348 4079 1484 4142 quartam,
1506 4087 1570 4142 pars
1589 4071 1749 4149 duodecino
1773 4079 1800 4127 et
1816 4068 1849 4123 ui-

507 4152 608 4208 cesima
632 4158 729 4224 quarta
751 4150 917 4222 compositae
938 4150 1041 4206 iaciunt
1065 4158 1170 4221 partem
1196 4156 1326 4205 octavam.
1362 4150 1400 4204 Et
1421 4156 1579 4219 tetragonus
1606 4166 1637 4206 se
1659 4148 1848 4221 pentaponIcae

506 4239 598 4287 sectae
615 4230 812 4299 quadamtenus
830 4228 1023 4296 accommodat,
1041 4230 1107 4297 quia
1128 4228 1223 4300 quinta
1240 4228 1334 4283 ciculi
1350 4245 1423 4299 pars,
1442 4226 1534 4285 addita
1545 4230 1695 4301 vicesimas,
1714 4223 1849 4286 constituit

506 4316 611 4379 partem
629 4314 760 4379 quartam.
797 4308 887 4365 causa
909 4316 964 4378 est,
988 4309 1051 4379 quia
1068 4310 1173 4365 numeri
1191 4308 1206 4364 3
1226 4314 1253 4363 et
1271 4310 1287 4363 t)
1305 4306 1387 4362 dividi
1404 4313 1521 4378 pessunt
1541 4308 1569 4363 in
1592 4322 1719 4364 numeres
1742 4318 1847 4379 propor-

505 4388 589 4443 tionis
606 4387 733 4442 ceutiuue
750 4386 862 4457 duplae:
879 4402 942 4443 nam
959 4393 1051 4457 partes
1069 4387 1155 4456 ipsius
1174 4387 1190 4442 3
1209 4392 1273 4443 aunt
1292 4388 1315 4456 1,
1333 4388 1358 4457 2,
1377 4394 1469 4457 partes
1487 4388 1573 4457 ipsine
1592 4391 1607 4443 5
1626 4394 1691 4443 sunt
1703 4388 1727 4456 1,
1745 4388 1771 4442 4.
1801 4382 1847 4437 'Is-

506 4464 540 4520 lis
557 4480 622 4519 vero
640 4466 791 4521 communio
808 4482 863 4521 non
881 4474 923 4521 eat
939 4468 1011 4522 Inter
1028 4466 1131 4523 classes
1148 4466 1293 4521 ternariam
1312 4473 1340 4519 et
1356 4466 1514 4536 quinariam.
1549 4466 1619 4521 llam
1637 4466 1689 4521 etsi
1701 4471 1780 4519 sexta
1790 4472 1848 4531 pars

506 4544 601 4600 arcun
618 4540 712 4599 addita
727 4544 881 4600 tricesimae
898 4545 1039 4600 constituit
1055 4545 1188 4614 quintam,
1215 4550 1245 4599 at
1260 4542 1398 4603 tricesim
1414 4552 1458 4599 est
1475 4543 1570 4600 cuens
1594 4544 1843 4614 pentelrssdeesg0’

506 4624 592 4694 nicae,
610 4637 681 4692 quse
697 4637 755 4680 non
770 4622 854 4679 habet
868 4624 1006 4693 propriam
1024 4622 1288 4679 demonstrationem.
1324 4618 1433 4679 Eodem
1455 4622 1535 4679 mode
1558 4622 1671 4699 damma!
1684 4622 1778 4679 areoli
1804 4615 1846 4673 ad·

507 4702 564 4761 dita
579 4701 765 4773 quindscImae
787 4705 863 4769 (ecce
887 4701 1080 4757 admixtionem
1107 4700 1202 4757 claena
1225 4708 1350 4772 quartae)
1375 4700 1480 4760 iaciunt
1496 4704 1610 4761 sextam.
1645 4702 1761 4771 Propter
1782 4698 1846 4753 hane

506 4779 665 4837 annianus
682 4795 812 4850 generum
828 4780 933 4835 numeri
950 4778 1163 4835 characteristici
1181 4783 1257 4849 aaut,
1276 4780 1304 4835 iu
1321 4779 1408 4849 primo
1430 4779 1470 4851 12,
1495 4780 1524 4836 iu
1542 4780 1661 4837 secunde
1676 4779 1711 4837 20
1733 4779 1776 4833 sel
1793 4772 1846 4841 siut

507 4858 645 4920 dimidium
662 4860 705 4916 10.
740 4859 816 4915 Ilaec
832 4859 916 4928 igitur
932 4858 1003 4913 iufra
1020 4857 1080 4913 libr.
1099 4858 1147 4913 ΙΙΙ.
1166 4857 1311 4913 reserenda
1328 4864 1357 4914 st
1374 4856 1552 4913 adscribenda
1569 4864 1634 4915 sunt
1652 4856 1688 4913 ad
1705 4851 1845 4913 dannaia·

507 4951 569 4991 nem
587 4952 715 5005 generum
730 4942 836 4994 cantus.

593 5038 628 5098 la
651 5036 887 5117 Comparatio
908 5038 1109 5115 figurarum
1132 5054 1196 5098 ssu
1219 5036 1439 5097 divisionum
1461 5034 1597 5098 strenis.
1636 5034 1749 5097 PrImas
1771 5032 1845 5094 tenet

507 5125 661 5200 diameterq
688 5134 735 5187 eat
759 5129 837 5187 anim
866 5125 990 5185 affabilia
1018 5123 1209 5201 longitudme.
1253 5124 1418 5187 Secundum
1451 5132 1497 5187 ast
1523 5124 1602 5186 latus
1629 5123 1843 5202 hexagouicum,

505 5212 632 5291 aequale
652 5213 868 5277 semidiametro
890 5221 920 5274 et
940 5214 983 5273 sic
1005 5212 1121 5274 effabile
1141 5212 1334 5291 longitndine.
1378 5212 1478 5274 Tertio
1493 5212 1559 5275 leco
1581 5218 1661 5275 stant
1682 5219 1844 5289 mmagoeut
