4242 6384
514 765 578 826 440
985 759 1151 830 Appendlcis
1169 761 1396 820 Harmonicornnt

514 940 607 1000 hiliri.
652 939 749 1000 Etiam
771 937 916 1000 medicum
939 945 967 998 te
991 933 1184 1012 oblivisceris,
1208 940 1259 1015 qui
1281 939 1379 1001 nullas
1402 940 1520 1003 morbos
1542 938 1660 1000 nisiah
1682 940 1847 1013 animapes·

516 1031 591 1086 sima
614 1035 643 1086 et
666 1027 814 1089 malevola
836 1028 950 1086 causari
979 1027 1087 1102 garris,
1111 1028 1195 1102 quasi
1219 1044 1278 1087 non
1292 1029 1466 1104 creberrima
1485 1027 1524 1087 sit
1545 1027 1751 1087 alimentorum
1768 1025 1849 1103 culpa.

516 1115 596 1174 Dum
620 1131 690 1174 roro
714 1113 845 1190 explodis
869 1131 989 1174 causam
1012 1113 1108 1172 fluxus
1139 1123 1169 1172 et
1189 1115 1317 1172 refluxus
1338 1118 1441 1189 maris,
1472 1117 1694 1190 respirationem
1717 1131 1768 1172 seo
1788 1116 1850 1172 reei-

515 1205 715 1278 procationem
738 1201 862 1271 Terrae,
887 1199 983 1276 qualis
1007 1203 1035 1257 in
1058 1202 1199 1276 piscihus,
1222 1201 1321 1278 prodis
1352 1215 1380 1261 te
1404 1219 1461 1262 non
1485 1219 1550 1262 esse
1571 1209 1762 1278 geometram.
1801 1199 1853 1258 δε·

518 1306 668 1364 quaquam
698 1289 792 1364 major
821 1287 854 1346 lit
880 1288 973 1346 moles
1002 1295 1145 1347 attractae
1173 1305 1282 1363 aquae,
1315 1307 1404 1365 quam
1433 1297 1479 1350 est
1500 1289 1607 1350 Terrae
1638 1305 1754 1365 corpus
1794 1287 1855 1344 Esto

516 1379 611 1448 enim,
640 1384 672 1434 nt
695 1385 758 1435 tota
781 1378 859 1434 intus
882 1374 970 1452 plena
991 1377 1030 1434 sit
1052 1391 1140 1450 aqua,
1174 1393 1233 1434 non
1256 1391 1332 1451 opus
1354 1375 1476 1436 hahshit
1505 1375 1544 1448 ad
1566 1375 1718 1436 defluxum
1741 1391 1855 1436 masan·

515 1463 582 1522 dum
619 1463 685 1540 plus
716 1463 862 1528 attrahere
899 1479 949 1538 per
981 1462 1209 1520 contractionem
1245 1466 1371 1539 partium
1402 1465 1568 1540 aliquarum
1596 1462 1748 1534 mollium,
1781 1479 1858 1536 quan

515 1557 658 1626 quantum
690 1550 777 1610 elficit
808 1565 967 1625 paucorum
998 1549 1106 1624 pedum
1134 1548 1275 1623 altitudo,
1306 1567 1373 1610 eum
1405 1551 1518 1626 reliqua
1547 1549 1734 1626 profunditas
1764 1555 1859 1622 aequet

518 1639 580 1698 900
604 1637 749 1698 milliaria
796 1637 827 1696 Si
860 1645 965 1696 testem
995 1644 1060 1696 tute
1091 1637 1155 1712 ipse
1187 1637 1259 1696 iacis
1282 1637 1402 1698 Terram
1435 1647 1487 1698 aut
1518 1637 1607 1696 ollam
1639 1655 1723 1714 aqua
1743 1635 1859 1713 plenam,

516 1725 658 1800 quantulo
683 1727 778 1782 minus
801 1725 855 1782 erit
878 1723 930 1782 illa
953 1723 1006 1782 tibi
1029 1723 1218 1793 miraculosa,
1247 1741 1336 1800 quam
1358 1728 1384 1783 si
1405 1724 1541 1784 cochlear
1568 1742 1660 1784 unum
1680 1732 1775 1800 atque
1796 1721 1859 1780 alte·

516 1829 581 1870 rum
605 1812 721 1870 inauriat
743 1811 878 1886 smplbrs.
925 1810 968 1868 Ex
991 1827 1056 1870 meo
1079 1808 1129 1868 fol.
1153 1814 1226 1869 255.
1258 1820 1291 1870 ut
1312 1813 1485 1889 plerumque
1507 1827 1659 1890 perperam
1681 1811 1798 1886 allegas
1817 1827 1859 1866 sn-

516 1901 629 1975 ntisque
654 1898 710 1958 boe
732 1901 914 1975 potissimum
939 1897 1178 1973 impugnandum,
1203 1899 1282 1973 quod
1305 1903 1432 1959 animam
1447 1899 1556 1959 Terrae
1573 1899 1698 1959 dixerim
1715 1899 1859 1964 &mnsam

516 1987 676 2046 sorbitione
699 1987 823 2044 marium
846 1984 1016 2056 fovendam,
1041 2003 1108 2044 cum
1135 2003 1191 2058 ego
1214 1987 1393 2064 scripserim,
1412 1987 1541 2066 damme
1563 1985 1719 2062 perardum
1746 2003 1804 2044 ease
1825 1987 1861 2042 ri·

515 2073 612 2145 detur,
637 2075 679 2132 ita
702 2090 771 2133 vero
795 2072 941 2148 loquimur
964 2071 999 2132 de
1023 2089 1068 2143 eo,
1092 2072 1171 2146 quod
1194 2083 1238 2131 est
1259 2073 1354 2134 simile
1374 2075 1519 2134 flammae.
1564 2073 1614 2132 Sic
1635 2076 1740 2132 anima
1754 2073 1861 2148 plantae

517 2169 562 2218 est
586 2159 702 2219 flamma
725 2159 885 2235 quaedam,
918 2158 1011 2218 tendit
1043 2161 1119 2218 enim
1142 2177 1271 2234 sursum3
1305 2163 1347 2220 sie
1369 2164 1399 2218 in
1422 2161 1547 2220 bominis
1568 2161 1656 2220 corde
1684 2169 1734 2220 est
1756 2159 1862 2216 lamma

517 2248 678 2322 quaedam,
713 2245 868 2306 ventilatur
896 2248 986 2306 enim„
1003 2255 1032 2304 et
1061 2247 1181 2307 edomat
1213 2256 1269 2306 etc.
1314 2246 1500 2324 Quamquam
1533 2265 1592 2306 non
1623 2247 1715 2308 valde
1751 2265 1860 2324 pugnas.

516 2333 685 2398 recordatus
708 2333 834 2394 Archaei
857 2335 900 2394 tui
922 2333 1109 2392 Peracelsioi.
1152 2333 1226 2410 Ego,
1250 2337 1289 2398 mi
1305 2335 1443 2406 Roherte,
1466 2333 1503 2394 ds
1519 2336 1672 2399 vocabulis
1687 2351 1750 2393 non
1766 2349 1860 2410 pugno.

517 2420 548 2480 Si
576 2421 630 2480 tibi
661 2438 719 2480 non
748 2419 845 2498 placet
873 2437 930 2480 vox
958 2421 1056 2479 anima
1079 2419 1204 2503 Terrae,
1236 2439 1289 2498 per
1311 2440 1357 2482 me
1386 2423 1439 2482 tihi
1469 2421 1569 2482 licebit
1598 2422 1693 2491 illam‘
1708 2421 1860 2480 Arebasnn

518 2507 626 2568 Terrae
650 2507 762 2580 dicere,
795 2525 882 2584 quem
904 2509 1008 2574 mirum
1026 2523 1099 2566 *non
1122 2505 1231 2566 dudum
1263 2510 1318 2568 ahs
1340 2517 1369 2568 te
1392 2509 1563 2588 productum
1597 2512 1626 2566 in
1658 2509 1860 2586 superioribus

518 2613 584 2654 cum
608 2599 668 2656 adri
692 2597 889 2656 circumstanti
914 2597 1012 2654 omnia
1034 2595 1193 2666 tribueres,
1224 2611 1300 2670 quae
1323 2596 1371 2655 vel
1393 2597 1442 2656 hic
1463 2599 1528 2672 ipse
1552 2597 1704 2657 Arcbaeus
1733 2615 1753 2654 a
1773 2595 1859 2654 Theo-

517 2682 637 2759 phrasto
669 2700 723 2742 suo
748 2682 915 2760 peragenda
937 2684 1059 2758 accepit.
1106 2681 1152 2740 De
1174 2686 1336 2757 geometria
1361 2686 1389 2741 iu
1413 2696 1511 2744 mente
1535 2685 1589 2742 bet
1618 2701 1736 2743 mecum
1761 2692 1792 2740 tu
1813 2699 1860 2738 non

516 2787 644 2846 pugnae,
665 2771 715 2846 qul
738 2787 812 2846 pene
836 2787 872 2828 ex
894 2785 960 2828 meo
984 2787 1033 2828 ore
1055 2767 1194 2844 loqueris,
1218 2779 1298 2828 ratus
1322 2780 1351 2829 te
1375 2779 1476 2830 contra
1490 2789 1537 2832 me
1553 2774 1699 2847 excipere.
1746 2769 1858 2828 Scaton-

517 2859 587 2916 tiam
610 2874 705 2917 meam
728 2857 860 2916 ultimam
884 2856 920 2916 de
944 2856 1111 2915 charactere
1133 2855 1248 2915 zodiaci
1270 2857 1374 2916 laudas
1397 2866 1426 2916 et
1447 2859 1602 2934 approbas,
1626 2858 1724 2916 solum
1748 2859 1859 2932 priorem

518 2943 611 3003 hahes
634 2944 698 3020 ejus
722 2944 941 3020 impressionem
974 2945 1001 3002 ln
1026 2947 1124 3002 aerem
1150 2950 1180 3002 et
1203 2951 1301 3003 cetera
1326 2954 1377 3004 tuo
1400 2961 1489 3006 more.
1535 2945 1680 3020 Adeoque
1710 2949 1764 3020 qui
1786 2959 1859 3016 supra

517 3030 641 3104 dixeras,
665 3030 855 3092 a‘e’remtdsre
877 3031 985 3090 Terrae
1009 3033 1115 3104 sitam,
1150 3047 1227 3090 nurrc
1250 3033 1368 3108 insuper
1390 3031 1488 3100 locum
1517 3033 1544 3090 ei
1568 3031 1622 3090 dus
1653 3033 1733 3090 intra
1755 3031 1859 3088 Terram

517 3121 605 3177 etiam
628 3118 761 3178 stillum
785 3129 850 3178 cum
872 3135 939 3178 ntea
961 3117 1070 3176 Terrae
1092 3119 1190 3176 arrima
1213 3119 1267 3180 suh
1291 3118 1368 3177 idem
1391 3131 1500 3194 genus,
1521 3120 1598 3192 iguis
1614 3119 1752 3191 scilicet,
1776 3117 1858 3185 refers,

517 3209 614 3264 u'e‘reru
638 3221 771 3265 asserens
795 3207 870 3266 intra
893 3205 1012 3264 Terram
1035 3223 1100 3264 esse
1126 3206 1222 3279 ignem
1248 3212 1441 3266 contractum.
1485 3205 1618 3278 Benigne
1638 3206 1781 3274 dimittor,
1802 3221 1859 3278 gra·

516 3295 573 3350 tias
597 3309 669 3368 ugo,
702 3290 774 3350 nihil
797 3292 868 3350 mihi
891 3309 976 3368 porro
1009 3294 1097 3367 eripis
1119 3294 1174 3350 nisi
1198 3295 1330 3366 nomina,
1363 3310 1422 3351 reru
1444 3293 1595 3368 relinquis.
1642 3293 1701 3352 Cur
1732 3295 1818 3366 igitur
1837 3291 1859 3344 in

519 3379 709 3440 conclusione
732 3379 820 3455 hujus
842 3379 899 3438 loci
923 3397 1038 3456 paeana
1061 3382 1141 3438 canis
1170 3395 1259 3457 super
1280 3397 1326 3438 me
1349 3379 1543 3457 triumphato,
1578 3379 1715 3456 adeoque
1738 3389 1769 3438 et
1790 3377 1858 3434 salsis

519 3483 566 3524 me
590 3467 759 3526 criminibus
780 3483 902 3525 oneras:
937 3483 1039 3526 ornnes
1060 3485 1109 3524 me
1135 3475 1261 3542 procur
1288 3484 1337 3525 me
1358 3470 1460 3540 ipsum
1488 3467 1713 3526 condemnere?
1746 3465 1859 3537 denique

519 3553 609 3612 verbe
639 3570 705 3612 mea
736 3553 771 3613 de
799 3555 924 3612 materia
953 3553 1020 3612 libri
1042 3553 1097 3612 111.
1125 3557 1262 3614 sonantia
1296 3564 1347 3622 tuo
1375 3553 1529 3614 commodo
1554 3552 1635 3612 velut
1657 3553 1695 3614 de
1719 3554 1794 3612 libro
1816 3547 1857 3607 ll.

518 3639 597 3700 dicta
620 3643 730 3716 repetis
752 3649 780 3700 ct
803 3639 960 3717 explodis?

607 3727 697 3786 Libro
721 3746 786 3787 meo
810 3727 847 3790 V.
871 3730 995 3804 primum
1018 3743 1076 3785 uon
1100 3744 1201 3788 censes
1225 3726 1403 3788 audiendam
1424 3729 1592 3788 suasionem
1615 3745 1728 3800 meam,
1762 3732 1793 3784 ut
1813 3739 1856 3778 re·

518 3821 594 3874 teres
618 3815 796 3892 hypotheses
821 3817 918 3874 animo
941 3815 1102 3890 ejiciamus.
1146 3815 1299 3876 Neminem
1321 3832 1405 3890 cogo,
1427 3814 1480 3874 sed
1502 3815 1559 3878 hoe
1575 3824 1685 3874 certum
1700 3815 1795 3874 hehe:
1817 3807 1857 3883 qui

518 3902 567 3960 hic
589 3903 661 3960 mihi
692 3920 748 3961 uou
772 3911 870 3980 perot,
905 3905 928 3962 is
952 3901 1104 3979 voluptate
1135 3903 1188 3962 illa
1214 3920 1272 3960 nou
1295 3905 1443 3979 potietur,
1471 3920 1548 3978 quae
1576 3903 1684 3971 hauriri
1706 3909 1805 3978 potest
1828 3912 1854 3952 cr

517 3989 769 4065 speculationibus
796 3990 861 4048 libri
889 3989 924 4050 V.
954 3989 1084 4064 ¹l‘lcgas,
1117 3990 1189 4052 meis
1219 3991 1333 4065 scriptis
1363 3989 1505 4049 hacteuus
1528 3990 1678 4056 ellectum.
1712 3997 1747 4048 ot
1767 3983 1855 4044 Prole·

518 4095 634 4136 meeum
656 4077 918 4154 rejicere·poesis.=
948 4077 1083 4153 Ignosco,
1105 4080 1132 4136 si
1154 4085 1183 4136 te
1205 4094 1265 4135 non
1282 4077 1368 4152 juvo,
1388 4093 1450 4136 uon
1472 4077 1602 4152 explicas
1620 4080 1708 4150 enim,
1729 4093 1791 4152 qua
1810 4087 1855 4146 po·

518 4166 662 4224 tissimum
693 4167 720 4222 in
750 4182 780 4224 re
811 4165 941 4224 haereas.
987 4163 1131 4240 Nuspium
1158 4180 1230 4222 nero
1262 4163 1368 4226 darius
1398 4163 1505 4240 prohas
1528 4167 1624 4224 coetui
1651 4173 1697 4222 tot
1719 4163 1854 4222 doctorum

519 4251 801 4322 mathematicorum,
825 4259 853 4310 te
877 4253 1086 4310 astronomiam
1101 4254 1254 4331 ignorare,
1269 4268 1357 4326 quam
1372 4251 1428 4323 hic,
1448 4251 1503 4310 ubi
1519 4259 1647 4310 veterem
1661 4248 1854 4312 astronomiam

519 4349 620 4397 contra
636 4355 736 4398 omnes
752 4337 906 4397 modernos
929 4337 1055 4412 extollis,
1079 4357 1098 4398 a
1120 4338 1293 4398 certitudine
1308 4337 1517 4413 praedictionis
1535 4350 1669 4396 motuum
1691 4341 1782 4414 (quae
1802 4348 1853 4391 cre·

430 4503 433 4510 Ι
518 4425 570 4484 1)ιο
595 4428 629 4500 2,
662 4428 696 4504 3,
720 4428 756 4497 4,
781 4425 799 4483 5
822 4425 930 4500 gradus
952 4443 1075 4502 peceare
1097 4425 1190 4484 oculis
1213 4424 1451 4502 deprehenditur)
1473 4433 1563 4500 atque
1588 4425 1761 4486 certitudine
1783 4435 1853 4497 prae·

504 4511 660 4571 dictorum
690 4511 944 4588 astrologicorum,
980 4529 1055 4587 quae
1084 4521 1152 4572 sunt
1173 4513 1220 4572 -de
1252 4513 1355 4572 suturis
1386 4507 1638 4588 contingentibus,
1671 4507 1851 4572 commendet·

518 4599 620 4675 Neque
644 4607 740 4659 tamen
764 4599 835 4656 mihi
858 4602 916 4656 tuis
939 4599 1076 4676 epithetis
1097 4617 1172 4677 opus
1196 4609 1256 4674 est,
1282 4609 1316 4658 ot
1337 4598 1498 4658 doctrinam
1512 4599 1677 4660 Ptolemaei
1690 4617 1741 4662 ore
1763 4602 1852 4656 imno·

519 4685 601 4745 desto
628 4689 768 4761 spuriam
797 4685 951 4764 appellem.
998 4685 1104 4762 Itaque
1133 4688 1204 4762 quia
1227 4689 1256 4743 in
1280 4685 1448 4744 suasionum
1479 4689 1694 4746 contentionem
1717 4681 1850 4748 descendi·

518 4790 599 4848 mtrs,
632 4773 742 4832 suadeo
772 4791 827 4849 ego
860 4772 1032 4846 lectoribus,
1063 4773 1199 4835 Clusinum
1222 4771 1477 4850 potinstaudinnt,
1501 4777 1692 4834 exercitatum
1715 4776 1744 4832 in
1766 4767 1849 4832 Ptole·

519 4863 613 4920 msice
643 4863 820 4919 astronomia
853 4859 1090 4919 mathematicum
1120 4860 1182 4940 (qni
1212 4860 1332 4931 suadet,
1366 4858 1440 4922 alies
1463 4869 1639 4936 quaeramus
1668 4852 1846 4939 hyperborei

519 4963 606 5022 qnam
630 4956 658 5006 tc
682 4947 857 5021 liebertum·
875 4946 1054 5006 mathemata
1076 4949 1151 5006 inter
1179 4949 1295 5007 umbras
1318 4947 1566 5024 etphantasmata
1581 4949 1775 5024 abjicientem,
1795 4943 1848 5000 dtffl

485 5047 489 5056 ·
519 5032 625 5094 suades
648 5034 829 5094 Ptolemaios
861 5037 993 5095 retinere.
1039 5033 1086 5093 De
1118 5034 1292 5110 quieceret
1315 5044 1396 5094 motu
1416 5033 1496 5094 Solis
1523 5052 1586 5094 uon
1606 5045 1668 5096 erat
1700 5034 1780 5095 locus
1800 5029 1847 5085 dit·

519 5121 641 5195 putandi
667 5123 697 5180 iu
720 5121 920 5191 llarmoninis,
950 5121 1041 5194 labet
1071 5121 1144 5182 haec
1166 5139 1213 5182 res
1238 5121 1375 5181 idoneum
1406 5122 1496 5181 suum
1521 5123 1618 5182 locum
1646 5124 1725 5200 Epir.
1750 5123 1845 5180 Astron·

520 5205 594 5269 libro
622 5209 684 5288 IV,
717 5211 770 5268 ubi
795 5203 927 5272 invmies
960 5207 1038 5288 quod
1068 5226 1155 5287 agas,
1189 5210 1216 5270 sl
1245 5209 1371 5270 retulere
1400 5209 1595 5270 laudamento
1617 5210 1672 5270 illa
1702 5203 1845 5270 maucerie-
