4242 6384
781 789 810 847 lu
825 785 999 848 Ηωιοιιίαιιι
1015 787 1121 848 Mundi.
1584 794 1626 858 ii

285 965 330 1028 hic
350 963 435 1029 dictis
456 969 614 1048 appoatds:
636 967 753 1046 ,Vale
797 970 854 1034 Die
877 972 906 1038 9.
930 970 1003 1033 Dec.
1028 969 1143 1045 lew,
1172 969 1228 1029 uisi
1250 984 1399 1032 neumae
1419 966 1510 1044 velis,
1540 966 1625 1048 Kep-

286 1053 372 1116 lerum
391 1055 533 1133 libellum,
557 1063 713 1135 anmquam
734 1055 773 1119 ad
794 1057 880 1122 finem
902 1057 995 1138 proeli
1015 1057 1207 1136 pervenisset,
1220 1055 1355 1145 ¹l·'luddio
1376 1057 1582 1119 transmisisse.

372 1157 419 1222 De
434 1159 492 1222 boc
506 1159 624 1224 Fluddii
638 1159 739 1226 libello
752 1180 848 1241 pauca
863 1155 1004 1224 babemus
1020 1180 1096 1239 quae
1112 1161 1251 1222 dimmua.
1274 1160 1390 1223 Priores
1403 1163 1511 1240 repetit
1524 1161 1626 1238 objur-

285 1248 420 1323 gationes
435 1265 544 1327 magna
565 1268 602 1312 ex
623 1247 720 1328 parte,
750 1251 824 1312 nihil
845 1253 931 1327 novi,
963 1250 1043 1328 quod
1072 1257 1235 1313 memoratu
1262 1248 1383 1326 dignum
1410 1252 1464 1325 sit,
1494 1250 1627 1312 nucem
1747 1299 1750 1304 .

285 1331 420 1396 Οηίὶοιιο
442 1341 542 1412 utitur,
572 1339 597 1398 si
619 1344 714 1398 tntum
735 1341 931 1416 spectaretis,
961 1337 1151 1414 modestiore,
1174 1353 1353 1416 quamquam
1375 1337 1471 1399 elucet
1492 1353 1629 1397 nonnun-

286 1439 367 1499 quam
389 1425 507 1486 animm
529 1423 645 1504 Anglioi
667 1426 822 1504 theosophi
845 1444 863 1485 a
884 1425 1013 1503 Keplcro
1044 1427 1222 1506 vrrlncratus.
1276 1423 1462 1508 Quantopere
1483 1425 1628 1503 Keplerus

286 1509 317 1570 de
337 1511 549 1576 mathematice
571 1521 600 1576 et
622 1517 800 1576 mbouomia
821 1517 966 1591 meruerit,
988 1517 1083 1591 magis
1095 1529 1191 1593 ,quam
1213 1522 1300 1574 auten
1321 1530 1493 1592 umescens,
1514 1515 1577 1574 suis
1593 1512 1629 1574 de

285 1599 389 1660 mundo
412 1603 545 1680 mysticis
568 1603 754 1680 opinionibus
775 1602 842 1680 plus
865 1619 954 1679 quam
967 1601 1088 1680 Kepleri
1104 1603 1241 1679 operibus
1260 1603 1371 1663 tribuit
1401 1601 1475 1662 ilum
1488 1600 1631 1661 nonnulla

285 1703 314 1746 er
334 1687 397 1750 boc
417 1705 559 1767 responso
582 1689 820 1751 adnotationibus
843 1690 882 1750 ad
903 1689 1024 1768 Kepleri
1046 1690 1222 1769 apologiam
1248 1706 1303 1751 suo
1332 1690 1399 1752 loco
1429 1689 1630 1768 adiecerimus,
1710 1725 1717 1739 ·

285 1791 385 1852 pauca,
409 1793 488 1854 quae
510 1779 541 1837 in
563 1777 620 1839 tine
642 1779 788 1856 leguntur,
811 1777 911 1840 adeun
933 1779 1024 1840 lubet

382 1879 532 1962 Keplerus
554 1881 665 1943 dixerat
687 1884 933 1944 innumeratis
967 1881 1040 1942 mibi
1060 1884 1200 1962 mysteria
1221 1889 1275 1945 tua
1293 1881 1434 1960 perplexa
1455 1888 1524 1941 suut
1545 1879 1632 1960 culpa

223 1959 229 1980 '
286 1975 330 2029 trra
352 1977 545 2047 tuorumque,
566 1984 650 2056 ¹qum
671 1969 791 2046 laudas,
813 1987 916 2030 roseae
938 1973 1031 2031 crucis
1052 1972 1181 2046 fratrum,
1204 1972 1255 2047 qai
1277 1970 1393 2048 tugiunt
1415 1969 1454 2029 ad
1475 1969 1581 2030 salices
1603 1975 1633 2030 et
1755 1962 1758 1967 ’

285 2073 312 2116 se
334 2059 461 2134 cupiunt
482 2065 571 2119 autea
591 2057 693 2120 videri.
724 2053 772 2119 Ad
794 2049 868 2119 haec
890 2056 1049 2118 Fluddius':
1074 2061 1186 2118 Fratres
1203 2076 1298 2118 roseae
1317 2061 1359 2116 Or.
1377 2059 1494 2130 majores
1510 2059 1633 2132 prolecto

286 2147 357 2210 sunt,
378 2141 462 2210 quain
480 2141 579 2212 quibua
596 2139 787 2197 malevolorum
805 2139 950 2210 opprobria
966 2156 1064 2198 nocere
1081 2140 1196 2212 possint
1236 2139 1258 2196 0
1276 2157 1357 2210 quam
1374 2155 1489 2211 corpore
1505 2139 1635 2196 robustus

285 2217 499 2288 masticandus,
517 2235 598 2291 quam
616 2219 714 2291 spiritu
728 2227 827 2290 potens
845 2225 873 2274 et
890 2218 978 2288 fortis,
997 2217 1042 2289 qui
1060 2219 1159 2277 hahes
1170 2221 1230 2288 hos,
1247 2217 1422 2288 philosophia
1433 2217 1636 2288 cttheosophia

286 2300 527 2371 eminentissimos,
552 2299 610 2360 solo
636 2317 688 2358 suo
704 2307 772 2359 nutu
790 2306 911 2372 cogeret,
938 2298 1015 2356 utin
1032 2300 1170 2358 bominum
1195 2299 1375 2368 hequentiam
1392 2298 1541 2370 prodirent.
1576 2298 1635 2353 lmo
1655 2311 1661 2322 ·

286 2396 344 2438 sero
361 2395 417 2437 nec
436 2381 485 2437 trbi
502 2395 554 2436 nec
570 2379 635 2435 mibi
653 2380 810 2436 obedientes
825 2379 979 2448 neminique
997 2379 1051 2452 nisi
1063 2381 1116 2436 soli
1126 2383 1185 2437 Deo
1205 2377 1322 2447 subjecti
1332 2377 1361 2436 iu
1371 2377 1510 2448 publicum
1527 2378 1636 2448 prodire

287 2460 426 2516 etmnndc
444 2477 474 2516 se
492 2459 614 2516 revelare
631 2475 681 2517 sun
695 2468 818 2529 tempore
829 2456 926 2528 procul
938 2458 1019 2514 dubio
1031 2475 1086 2514 non
1099 2459 1238 2526 desistent,
1257 2458 1320 2514 dum
1331 2459 1435 2514 interea
1446 2466 1502 2514 tam
1514 2459 1636 2514 loannes

288 2555 364 2610 qnam
378 2540 516 2596 Robertus
536 2539 593 2596 suis
612 2540 732 2610 contenti
749 2543 875 2593 maneant
893 2537 1116 2606 conceptionibus
1134 2543 1162 2592 et
1180 2545 1275 2594 contra
1291 2538 1424 2608 homines,
1442 2537 1510 2610 ipsis
1524 2543 1556 2596 ut
1571 2536 1638 2592 mihi

287 2618 393 2672 ridetur
410 2617 509 2673 millies
528 2617 671 2688 doctiores,
689 2617 790 2688 probra
807 2623 835 2674 et
853 2617 973 2672 convicia
991 2617 1049 2673 siue
1067 2631 1151 2673 cause
1167 2621 1196 2672 ct
1212 2618 1317 2673 ratione
1334 2617 1432 2674 inferre
1445 2617 1585 2686 desistant,
1602 2632 1638 2673 ne

288 2693 353 2750 haec
371 2695 485 2766 linguae
503 2711 569 2752 snae
587 2697 792 2766 intemperantia
803 2696 837 2752 iis
849 2693 958 2751 tandem
970 2693 1115 2766 aliquando
1128 2693 1255 2750 damnum
1267 2693 1370 2753 afferat
1390 2686 1512 2765 'Deinde
1526 2695 1637 2770 pergit:

288 2775 338 2829 ista
363 2771 510 2845 apologiae
534 2775 648 2830 loannis
671 2790 735 2845 pars
758 2773 856 2844 jurgiis
878 2773 959 2844 plena
984 2781 1026 2829 est
1051 2781 1081 2830 et
1103 2790 1158 2830 nou
1182 2776 1272 2844 magni
1295 2792 1358 2832 cnm
1380 2775 1479 2834 ceteris
1500 2774 1639 2832 nonnullis

288 2853 416 2908 nomenti
433 2853 555 2924 materia,
575 2868 659 2924 quare
676 2868 736 2910 earn
753 2852 894 2912 breuitatis
912 2867 995 2908 causa
1013 2853 1189 2910 omittendam
1206 2869 1311 2911 censeo
1355 2851 1449 2924 Tune,
1470 2852 1638 2928 provocatis

290 2941 337 3014 qui
364 2937 493 3018 legerint
523 2939 598 2998 inter
625 2954 657 2997 sa
687 2945 717 2998 et
743 2937 907 3016 Keplerum'
934 2938 1058 3012 arbitris,
1092 2941 1220 3014 quaerit,
1249 2946 1346 2998 nonne
1376 2941 1441 3018 ipsc
1470 2936 1639 3016 philosophi

289 3028 405 3085 nominc
428 3024 591 3102 digniorem
613 3041 701 3102 quam
722 3024 866 3104 Keplerus
896 3025 926 3082 in
947 3025 1004 3086 hae
1027 3041 1118 3086 causa
1139 3043 1172 3086 se
1193 3027 1378 3104 praestiterit,
1409 3032 1439 3087 ct
1460 3026 1547 3086 linem
1569 3025 1640 3085 facit

290 3111 332 3172 his
346 3111 450 3172 dictis:
472 3115 583 3172 tametsi
598 3115 640 3170 vir
657 3115 818 3184 clarissime,
841 3121 871 3171 ut
889 3115 924 3170 ad
939 3117 1043 3188 justam
1060 3131 1110 3188 ego
1128 3116 1209 3172 variis
1226 3115 1308 3188 hujus
1326 3115 1475 3188 Apologiae
1491 3111 1555 3173 tlrae
1570 3115 1641 3172 locis

290 3195 502 3268 indignationem
520 3199 644 3262 arrectus
662 3195 725 3250 mihi
743 3211 798 3252 uon
814 3193 987 3252 mediocriter
1004 3211 1203 3263 succenserem,
1226 3196 1280 3251 iuno
1302 3212 1366 3252 sero
1388 3213 1439 3266 pro
1460 3195 1543 3253 modo
1559 3196 1640 3252 cehe·

290 3274 404 3330 mendae
423 3281 452 3332 et
469 3271 584 3328 lusoris
602 3273 642 3328 tui
659 3273 804 3344 saevirem,
830 3275 971 3345 aptissima
988 3291 1018 3332 se
1036 3274 1193 3346 praebuerit
1214 3276 1335 3331 occano:
1414 3275 1507 3331 tamen
1523 3282 1552 3330 et
1568 3289 1641 3343 eece,

292 3351 517 3422 qumadmodum
534 3351 640 3422 magim
658 3351 841 3408 suumramina
857 3369 953 3410 amnes
975 3353 1061 3425 agiles
1083 3353 1195 3421 reverti,
1222 3360 1318 3409 sentos
1338 3354 1480 3410 unanimes
1501 3352 1643 3423 exspirare

291 3437 369 3500 uque
392 3429 510 3499 fulguris
527 3429 682 3486 uiolentiam
704 3431 827 3488 inhibere
850 3432 987 3503 dicuutur,
1015 3433 1056 3489 sic
1079 3431 1161 3488 suam
1183 3447 1240 3503 me,
1265 3432 1449 3489 moderamine
1465 3439 1494 3490 et
1509 3431 1643 3504 patientia

292 3508 394 3565 meliori
411 3509 546 3565 imbutum
563 3515 644 3578 atque
660 3507 778 3566 bilosuru
794 3510 823 3566 iu
840 3527 900 3567 meo
918 3511 1068 3568 meditullio
1093 3509 1267 3583 elementum,
1290 3519 1431 3580 utcunque
1448 3511 1478 3567 ln
1495 3527 1526 3568 se
1542 3509 1643 3567 mobile

293 3589 318 3642 et
342 3586 483 3658 rapidmn,
509 3587 726 3656 aequanimitatis
751 3597 815 3646 tuae
839 3597 921 3662 etque
944 3589 1079 3646 amicitiae
1100 3589 1207 3646 oblatae
1232 3589 1329 3660 spiritu
1353 3589 1541 3662 propitiatam,
1577 3589 1642 3661 mite

293 3673 372 3736 atque
388 3667 477 3722 hum
494 3667 560 3727 scus
577 3665 719 3738 hucusque
737 3675 765 3724 te
782 3667 918 3724 invenisse
936 3685 1024 3739 spero,
1043 3685 1097 3741 quo
1109 3669 1158 3725 tibi
1176 3669 1288 3726 comiter
1305 3668 1452 3740 mundique
1467 3669 1582 3726 literatis
1599 3683 1644 3725 ure

294 3752 365 3801 mam
383 3747 413 3802 in
431 3745 548 3802 mathesi
565 3747 678 3818 gloriam
697 3753 744 3804 aut
768 3744 952 3820 ebuccinatam
976 3745 1005 3804 in
1027 3748 1215 3820 philosophia,
1238 3747 1415 3824 qualisqualis
1438 3755 1492 3819 est,
1516 3748 1644 3805 virtutem

295 3823 474 3884 aemulatione
491 3833 538 3882 aut
553 3825 655 3884 invidia
671 3827 781 3884 minime
798 3843 917 3898 uuquam
934 3835 1115 3898 persecutum,
1135 3829 1190 3897 sed
1207 3828 1281 3899 quod
1297 3844 1387 3884 meum
1404 3834 1448 3884 cst
1462 3827 1564 3899 potins,
1593 3831 1645 3884 At·

295 3904 399 3962 leuticia
417 3906 498 3976 quasi
515 3906 633 3962 humeris
652 3914 805 3964 sustentare
822 3906 850 3960 in
868 3905 1093 3976 praecedentibus
1110 3920 1270 3978 aggressum
1286 3905 1434 3964 indicarem
1451 3947 1459 3963 .
1478 3948 1486 3962 .
1505 3949 1513 3965 .

397 3993 442 4049 Sis
454 3993 544 4063 igitur,
561 3994 602 4049 vir
616 3994 792 4065 ornatisshne,
811 3995 839 4050 in
851 3994 947 4051 studiis
957 3993 1013 4051 tuis
1026 3995 1224 4054 mathematicis
1236 3995 1302 4051 ielia
1313 4003 1396 4066 atque
1407 3994 1522 4063 laumas,
1538 4011 1645 4070 precor,

296 4072 443 4131 aldoberti
459 4072 633 4144 philosophia
650 4073 786 4131 abstineas
804 4074 905 4132 suadeo
923 4080 975 4131 etc.

403 4164 484 4230 Huic
506 4167 627 4230 ennodio
656 4157 810 4232 obsecutus
833 4165 977 4247 Keplerus
998 4163 1119 4228 Fluddii
1144 4165 1245 4228 libello
1271 4184 1331 4227 non
1357 4163 1520 4245 respoudit,
1549 4167 1644 4228 satius
1735 4198 1738 4205 ·

297 4254 421 4330 ducens,
453 4259 656 4318 uuonnmicis
683 4257 788 4317 studiis
816 4273 901 4336 porro
923 4273 988 4316 sese
1010 4255 1131 4329 dedere,
1162 4273 1250 4332 quam
1279 4273 1346 4316 cum
1374 4250 1553 4333 theosopho,
1582 4256 1646 4312 suis
1742 4276 1745 4284 ·

298 4345 483 4422 opinionibus
504 4347 674 4423 insipienter
694 4345 872 4418 inhaerente,
895 4343 1019 4420 litigare.
1065 4343 1201 4404 Getarum
1222 4359 1388 4417 monemus,
1420 4340 1569 4402 addidisse
1590 4357 1645 4399 nos

298 4433 326 4488 in
347 4433 589 4492 mactationibus
616 4433 758 4510 quasdam
785 4431 904 4493 Fluddii
925 4433 1130 4510 responsiones
1159 4430 1198 4492 ad
1220 4431 1341 4511 Keplari
1365 4430 1541 4510 Apologlam
1563 4435 1593 4488 et
1614 4434 1648 4485 nt

298 4519 424 4592 facilius
450 4519 677 4598 comprehendat
711 4519 803 4584 lector
832 4539 884 4591 ca,
904 4535 979 4596 quas
1011 4518 1158 4596 Keplerus
1192 4529 1293 4580 conus
1329 4512 1488 4579 Fluddium
1523 4512 1647 4594 scripsit,

298 4610 426 4668 numeris
449 4609 593 4688 coutinuis
616 4599 837 4690 (l-XXVI.)
861 4611 993 4684 signasse
1015 4607 1045 4666 iu
1068 4605 1189 4684 Kepleri
1217 4607 1438 4686 ,Appendicc“,
1463 4620 1540 4682 quae
1554 4601 1648 4661 Flud·

301 4693 363 4755 diua
385 4697 416 4754 in
433 4695 614 4772 ,Discursu“
629 4711 684 4756 suo
706 4695 811 4758 iisdem
832 4696 959 4758 numeris
981 4696 1120 4771 signavit,
1143 4697 1283 4775 inscripta
1300 4688 1648 4776 ,ascysterium

869 4987 1080 5006 ἡ
