4242 6384
465 791 507 852 20
835 784 978 856 Epistulae
994 784 1105 856 Kepleri
1122 785 1290 854 aliorumque
1305 792 1416 841 mutuae

568 961 625 1011 Jam
646 965 789 1026 postquam,
815 975 877 1024 quse
896 963 1017 1026 Kapierus
1035 963 1107 1012 libris
1124 963 1312 1026 insequentibus
1330 961 1483 1028 suppeditat,
1505 975 1590 1012 eorum
1610 961 1745 1022 imaginem
1762 977 1809 1011 ex-

466 1033 570 1094 primere
588 1033 751 1098 tentavimus,
777 1031 900 1094 reliquum
920 1039 964 1098 est,
986 1041 1014 1082 ut
1031 1035 1178 1094 referamus,
1203 1049 1265 1096 quse
1282 1035 1384 1096 Kepleri
1401 1029 1519 1095 epistolae
1537 1031 1567 1079 ad
1586 1029 1717 1080 iamiiieres
1736 1033 1812 1082 datae

466 1107 605 1152 memorant
624 1101 653 1150 de
672 1102 769 1164 studiis,
788 1105 879 1164 quibus
899 1103 1057 1152 Harmoniam
1080 1119 1149 1152 snam
1172 1106 1333 1166 praeparavit.
1370 1102 1522 1152 ›Primordis
1539 1102 1613 1164 hujus
1631 1100 1812 1164 disputationis

465 1170 566 1220 subtilis
585 1177 610 1220 et
628 1173 769 1220 abstrusae«
791 1173 949 1220 exhibuimus
968 1173 1023 1222 Vol.
1043 1175 1061 1223 1.
1080 1188 1106 1236 p.
1128 1171 1176 1226 197
1195 1189 1226 1222 ss
1249 1177 1276 1222 iu
1298 1175 1377 1222 literis
1394 1172 1495 1233 Kepleri
1516 1171 1549 1219 ad
1566 1166 1723 1220 diaestlinum
1742 1186 1811 1220 aune

464 1238 541 1293 1599.
561 1241 637 1308 datis,
662 1241 752 1290 deiude
776 1243 870 1290 ibidem
893 1257 917 1304 p.
937 1241 988 1295 203
1014 1250 1038 1292 et
1055 1241 1106 1297 369
1124 1259 1157 1296 ss.
1181 1245 1355 1306 proposuimus
1379 1244 1463 1297 literas
1484 1239 1586 1303 liepleri
1611 1241 1644 1288 ad
1665 1241 1812 1303 Principem

464 1309 634 1378 Anbaltiuum,
653 1309 762 1372 Auglum
781 1312 929 1373 Bassianum
948 1319 972 1362 at
989 1314 1147 1362 Joacbimum
1165 1315 1309 1374 Tmckium,
1328 1316 1364 1362 sic
1381 1311 1430 1362 vol
1447 1313 1480 1360 ll.
1500 1325 1526 1373 p.
1545 1308 1597 1364 590
1613 1325 1647 1362 ss.
1665 1310 1697 1358 ad
1715 1311 1813 1372 Brang-

462 1395 558 1446 gerum,
577 1383 603 1430 in
622 1383 712 1444 quibus
732 1379 829 1442 aliquot
846 1384 917 1438 turris
935 1391 993 1446 post
1010 1381 1097 1446 (1605,
1111 1381 1186 1448 1607,
1199 1382 1277 1444 1000)
1296 1385 1328 1435 de
1346 1383 1435 1432 studiis
1452 1383 1505 1430 suis
1519 1380 1592 1430 raiert
1603 1381 1635 1429 ad
1647 1381 1812 1430 Harmoniam

463 1452 656 1513 pertinentibus.
699 1451 793 1498 Eodem
819 1457 941 1514 tempore,
970 1467 1018 1514 quo
1045 1455 1090 1501 illa
1117 1453 1147 1501 de
1171 1454 1307 1502 Harmonia
1332 1453 1364 1502 ad
1389 1451 1549 1520 Massiliuum
1576 1452 1687 1512 scripsit,
1716 1449 1814 1498 similia

442 1575 445 1582 .
463 1521 624 1570 Harwarto
648 1522 788 1584 nunciavit,
816 1525 858 1583 qui
877 1523 907 1570 ad
926 1523 1010 1572 literas
1028 1523 1130 1585 Kepieri
1148 1523 1304 1584 (deperditas)
1321 1524 1382 1572 haec
1400 1521 1536 1583 respoudit:
1554 1517 1581 1570 Β.
1599 1521 1646 1568 Vir
1663 1521 1813 1568 clarissime.

462 1589 633 1652 Simulatque
652 1605 680 1638 ex
694 1591 782 1638 itinere
795 1590 895 1640 domum*
908 1593 980 1641 redeo
999 1598 1025 1644 et
1041 1593 1126 1642 literas
1142 1599 1198 1642 tues
1216 1591 1242 1646 0.
1256 1595 1320 1654 Aug.
1335 1593 1404 1640 datas
1421 1593 1524 1653 reperio,
1542 1591 1649 1639 breviter
1657 1590 1815 1652 respondeo:

567 1661 651 1722 Tycha
670 1661 749 1708 Braba
767 1660 899 1722 perlustrat
917 1667 995 1710 eastra
1016 1665 1174 1725 imperatoris
1197 1665 1224 1712 iu
1243 1664 1372 1727 liobemis,
1398 1675 1516 1724 quaereus
1536 1659 1621 1710 locum
1642 1663 1813 1720 commodum,

462 1731 507 1779 ubi
533 1730 617 1778 sedem
643 1731 701 1790 ligat
725 1735 749 1778 et
773 1731 986 1800 observationibus
1011 1735 1159 1782 coelestibus
1183 1740 1264 1798 umet,
1290 1732 1379 1781 salario
1397 1729 1465 1784 3000
1476 1729 1501 1781 fl.
1523 1745 1661 1779 annuorum
1684 1732 1715 1788 (si
1731 1731 1813 1778 modo

462 1815 519 1850 sera
538 1807 575 1848 est
594 1800 670 1860 ierus)
690 1801 720 1846 ab
739 1801 885 1862 imperatore
903 1804 929 1850 iu
948 1805 1077 1852 servitium
1099 1809 1221 1864 recaptus.
1257 1802 1342 1852 Talem
1360 1817 1405 1862 ego
1427 1803 1475 1849 tibi
1497 1800 1663 1848 conditionem
1686 1805 1812 1865 onmem,

461 1875 487 1920 et
505 1872 560 1932 quis
579 1872 658 1934 novit,
677 1869 737 1930 quid
756 1871 790 1918 sit
807 1871 832 1918 iu
851 1871 926 1920 iatisi
945 1871 1014 1936 Quae
1033 1875 1063 1922 de
1081 1873 1217 1924 Hermonis
1233 1874 1329 1936 muudi,
1346 1887 1391 1921 seu
1408 1877 1529 1920 concentu
1547 1869 1564 1922 7
1581 1869 1744 1934 planetarum,
1764 1871 1814 1932 qui

462 1955 493 1988 ex
511 1941 637 1988 distantiis
658 1953 742 1988 eorum
761 1937 887 2001 colligitur
904 1939 943 1990 val
962 1945 1110 2004 coarguitur,
1127 1944 1257 2006 scripsisti,
1275 1957 1305 1991 ea
1322 1943 1405 1992 amuis
1421 1942 1585 1990 libentissime
1602 1941 1660 2001 legi.
1697 1939 1815 1988 Tametsi

461 2012 527 2058 euim
547 2015 599 2056 tota
616 2010 676 2059 baec
694 2010 831 2071 speculatio
849 2012 875 2058 iu
894 2011 990 2060 duobus
1009 2015 1071 2061 mibi
1095 2013 1197 2062 deiicere
1221 2013 1345 2076 videatur,
1372 2012 1486 2072 inprimis
1509 2009 1609 2072 quidem
1626 2012 1653 2058 in
1671 2023 1713 2068 eo,
1738 2010 1812 2072 quod

460 2081 558 2127 numeri
584 2092 634 2126 uou
657 2085 742 2127 exacte
767 2079 906 2147 collimant,
937 2082 1026 2132 deinde
1051 2083 1118 2145 quod
1142 2083 1202 2131 baec
1219 2097 1234 2130 a
1250 2084 1326 2144 priori
1344 2096 1357 2130 e
1376 2082 1517 2144 suspicione
1543 2081 1627 2142 potius
1649 2081 1812 2145 arripiantur,

460 2163 533 2211 quarn
553 2148 748 2197 demonstrentur
772 2151 811 2198 vel
838 2153 911 2199 etiam
938 2152 1102 2202 demonstrari
1128 2155 1232 2214 possint.
1268 2153 1396 2216 Attamen,
1422 2152 1460 2198 uti
1484 2163 1567 2198 serum
1591 2149 1681 2215 fatear,
1706 2151 1811 2198 animus

458 2220 599 2280 praesagire
617 2219 727 2280 videtur,
753 2221 798 2268 sub
817 2225 868 2270 tam
886 2221 996 2270 mirabili
1014 2229 1038 2271 et
1056 2224 1177 2271 concinna
1196 2223 1355 2282 coagmentis
1373 2219 1470 2282 aliquid
1487 2220 1598 2268 vertutis
1616 2217 1699 2267 latare.
1734 2218 1811 2280 Quae

438 2303 440 2308 ·
460 2301 518 2337 vero
537 2290 667 2349 subjungis
686 2289 716 2336 da
734 2294 829 2352 septem
853 2289 939 2356 λογοις
962 2293 1138 2356 musicalibus,
1165 2298 1274 2354 optarem
1297 2306 1355 2340 ssua
1378 2291 1428 2338 tale
1453 2291 1582 2351 quippiam
1600 2287 1640 2337 val
1657 2291 1811 2352 geometrice

459 2358 633 2420 demonstrari,
660 2359 698 2406 vel
716 2359 803 2408 saltem
822 2375 895 2410 seusu
913 2367 938 2410 et
955 2364 1069 2427 auribus,
1093 2370 1122 2411 nt
1139 2364 1239 2427 scribis,
1268 2363 1378 2423 praecisa
1395 2360 1559 2408 animadverti
1577 2373 1657 2420 posse.
1693 2359 1810 2407 Dubium

458 2428 525 2490 apud
544 2442 583 2476 me
601 2433 646 2492 est,
665 2433 759 2489 septam
777 2432 877 2478 omuino
896 2445 941 2480 uec
958 2430 1040 2493 plures
1058 2447 1104 2481 nac
1121 2434 1249 2494 pauciores
1268 2445 1321 2480 esse
1338 2435 1432 2497 λογους
1455 2430 1598 2490 musicales,
1625 2429 1692 2490 quod
1715 2434 1743 2476 tu
1763 2428 1810 2476 de·

458 2505 594 2546 monstrare
612 2499 706 2546 niteris.
742 2497 771 2548 Si
789 2502 855 2548 euim
872 2515 983 2550 recenses
1001 2509 1127 2564 oausam,
1151 2503 1176 2550 b.
1196 2517 1217 2550 e.
1236 2502 1348 2566 duplam,
1372 2515 1415 2548 cur
1433 2513 1482 2547 uon
1501 2504 1525 2546 et
1544 2498 1723 2561 quadruplam?
1755 2497 1811 2546 Gur

458 2581 508 2615 uon
531 2568 680 2616 unisonum?
705 2573 750 2618 aie.
787 2569 849 2622 Tota
870 2571 930 2620 haee
955 2587 993 2620 res
1015 2573 1077 2622 mibi
1099 2572 1197 2619 videtur
1220 2572 1294 2634 plaua
1315 2572 1412 2619 lubrica
1435 2575 1460 2617 ct
1475 2571 1581 2630 incerta,
1608 2575 1681 2630 atque
1698 2569 1759 2618 haec
1779 2570 1809 2616 iu

459 2652 514 2686 eum
532 2639 607 2686 fluam
625 2639 731 2687 scribere
749 2637 830 2706 solui,
857 2655 920 2689 aune
944 2641 1006 2690 iorte
1030 2644 1122 2691 certius
1144 2642 1273 2704 quippiam
1293 2655 1308 2688 a
1329 2646 1354 2688 ta
1376 2641 1486 2701 accipere
1504 2639 1606 2700 possim.
1641 2639 1809 2686 Verissimum

457 2709 523 2756 euim
542 2709 569 2756 ld
593 2714 641 2774 est,
670 2709 737 2770 quod
761 2710 882 2776 ostendis,
910 2710 1043 2760 nonnullos
1067 2713 1282 2760 consonantiarum
1306 2723 1421 2759 numeros
1446 2723 1502 2757 cum
1526 2709 1673 2769 angulorum
1694 2710 1807 2756 numeris

457 2780 590 2839 ngurarum
607 2779 633 2826 in
652 2777 744 2827 circulo
762 2777 925 2842 pulcherrima
944 2795 1085 2842 congruere.

560 2849 609 2896 Nec
629 2849 728 2916 dubito,
756 2863 786 2898 ex
809 2851 911 2912 speciali
934 2857 958 2898 st
980 2855 1112 2914 praecipua
1130 2851 1237 2914 quadam
1253 2852 1348 2898 ratione
1365 2849 1393 2897 id
1411 2848 1535 2910 arcuisse,
1559 2851 1588 2894 ut
1604 2849 1670 2895 inter
1686 2851 1724 2894 tot
1741 2847 1807 2895 fixas

457 2920 559 2968 nonnisi
577 2924 672 2980 septem
689 2925 798 2968 errantes
814 2922 974 2982 reperiantur.
1003 2923 1113 2971 Tametsi
1129 2936 1187 2970 sero
1199 2921 1311 2968 noudum
1322 2919 1402 2968 adbuc
1413 2916 1492 2965 ullum
1505 2919 1603 2965 minum
1615 2917 1807 2965 tundamentum

458 2989 570 3052 viderim,
590 3003 620 3036 ex
639 3003 688 3050 quo
706 2991 745 3037 ris
763 2987 806 3036 illa
825 2996 849 3038 at
867 2992 976 3056 effectus,
996 2994 1040 3054 qui
1052 2993 1194 3054 tspactibus
1212 2989 1338 3039 stellarum
1355 2989 1433 3036 tribui
1451 2986 1523 3051 solet,
1541 2989 1696 3048 comprobari
1711 2989 1805 3049 possit;

457 3061 494 3105 uti
519 3072 616 3120 quoque
639 3065 692 3106 tota
716 3060 850 3118 astrologia
872 3074 903 3108 ex
927 3063 1002 3109 meris
1030 3063 1192 3124 opinionibus
1213 3065 1238 3108 et
1262 3059 1445 3122 suspicionibus
1469 3059 1532 3105 mibi
1550 3057 1649 3119 quidam
1667 3056 1808 3117 dependere

457 3127 564 3178 videtur.
601 3127 696 3175 luteres
714 3133 795 3175 tamen
814 3129 897 3194 miror,
916 3130 1027 3178 noudum
1046 3145 1187 3193 quenquam
1204 3143 1322 3192 uuquam
1332 3130 1429 3190 uspiam
1446 3124 1557 3175 locorum
1575 3125 1615 3174 rel
1632 3128 1742 3187 gentium
1761 3141 1806 3174 ex·

457 3199 563 3260 stitisse,
587 3198 632 3260 qui
649 3198 709 3246 haec
728 3197 789 3262 duo,
815 3212 877 3260 quae
896 3199 934 3247 rel
953 3203 1087 3262 praecipua
1104 3203 1170 3249 iuter
1187 3215 1225 3248 res
1245 3202 1362 3248 coelestes
1381 3211 1433 3246 esse
1451 3198 1553 3262 opinor,
1577 3198 1637 3245 satis
1661 3196 1808 3244 discusserit

457 3265 497 3314 rel
520 3265 619 3328 planius
644 3267 785 3327 posteritati
808 3268 947 3319 tradiderit.
984 3269 1096 3330 Quorum
1121 3272 1227 3332 primum
1254 3276 1305 3332 est,
1332 3281 1437 3331 quanam
1456 3266 1487 3314 ds
1505 3281 1578 3314 causa
1595 3267 1664 3314 Deus
1681 3267 1709 3316 0.
1728 3265 1760 3313 tt.
1778 3269 1806 3330 in

455 3339 609 3384 firmamento
622 3341 668 3399 tot,
687 3343 775 3402 tautae,
795 3339 857 3386 tales
877 3346 902 3387 et
919 3337 1002 3388 taliter
1019 3342 1085 3388 iuter
1102 3355 1128 3390 se
1147 3340 1267 3388 distantes
1284 3337 1370 3388 stellas
1382 3340 1444 3386 tinas
1457 3351 1537 3385 creare
1549 3337 1673 3384 soluerit?
1691 3334 1807 3386 Alterum

454 3412 500 3471 est,
519 3421 563 3454 cur
580 3407 681 3454 uouuisi
698 3411 793 3468 septem
811 3414 835 3456 et
852 3423 897 3458 uec
914 3412 1043 3470 pauciores
1061 3415 1170 3458 errantes
1182 3411 1272 3473 ,stella
1284 3411 1381 3474 crearit,
1399 3421 1489 3469 easque
1502 3411 1591 3471 tantas,
1610 3411 1717 3469 quantae
1736 3411 1806 3471 snut

400 3511 401 3516 ,
445 3482 484 3524 'at
502 3475 564 3525 tales
583 3474 723 3538 talibusque
743 3478 855 3526 cursibus
873 3477 991 3528 utentes?
1382 3519 1388 3531 .

531 3565 536 3579 ·
557 3546 632 3594 Dices
651 3545 721 3611 forte,
741 3546 801 3595 haec
819 3549 877 3596 seiri
895 3563 945 3597 uou
963 3563 1050 3614 posse,
1067 3547 1159 3596 nedum
1178 3549 1352 3612 demonstrari,
1378 3550 1403 3596 at
1419 3545 1493 3596 iacile
1511 3559 1662 3609 concessero,
1681 3558 1727 3594 uec
1744 3546 1807 3594 sciri

457 3615 558 3678 quidem
576 3616 637 3664 baec
655 3621 739 3664 exacte
758 3631 841 3682 posse;
861 3624 968 3666 attamen
987 3619 1050 3666 lorta
1066 3619 1230 3680 probabiliter
1247 3619 1347 3678 coargui
1364 3619 1457 3678 poterit
1475 3631 1530 3664 cum
1549 3617 1580 3664 ob
1595 3616 1622 3663 id
1639 3617 1722 3677 ipsum
1741 3615 1806 3664 baec

453 3687 566 3733 sensibus
589 3687 704 3734 humanis
728 3688 841 3748 suposita
864 3703 916 3737 esse
943 3685 1086 3752 rideantur,
1111 3695 1140 3736 ut
1165 3689 1278 3736 homiues
1308 3692 1333 3734 et
1360 3687 1423 3734 forte
1440 3687 1583 3748 praesertim
1602 3684 1738 3733 Christiani
1756 3699 1804 3732 ex-

456 3755 514 3802 inde
532 3757 692 3817 praecipuum
716 3753 812 3818 aliquid
839 3763 982 3822 coarguant,
1008 3759 1076 3820 quod
1099 3757 1140 3806 vel
1161 3759 1188 3806 lu
1210 3758 1326 3805 bonorem
1344 3757 1394 3804 Dei
1415 3758 1455 3804 rel
1480 3758 1584 3804 salutem
1608 3756 1744 3803 animarum
1763 3754 1806 3802 vel

454 3825 548 3872 bouum
565 3823 695 3887 pubiicum
713 3825 842 3878 redundat.
878 3827 928 3878 Sed
946 3829 1007 3877 haec
1025 3830 1115 3894 scribo,
1133 3841 1165 3876 ue
1182 3828 1246 3876 nihil
1264 3829 1377 3876 scribam.
1417 3825 1494 3875 Mitto
1513 3823 1630 3889 epistolas
1648 3825 1805 3886 'lycbonicas

453 3897 640 3961 astronomicas,
659 3909 721 3958 quas
739 3895 813 3944 selim
831 3899 931 3948 remitti.

556 3966 662 4014 Ratione
682 3964 818 4015 anomaliae
836 3967 966 4031 eclipticas
990 3969 1065 4030 hujus
1087 3968 1174 4016 utens
1197 3967 1316 4027 cogitsd,
1342 3979 1406 4014 auus
1430 3963 1602 4027 suppositione
1625 3966 1701 4014 unici·
1719 3969 1805 4012 motus

454 4033 542 4084 Terrae
553 4037 610 4084 'tres
628 4038 787 4099 apparentiae
799 4039 889 4086 salvari
902 4043 1011 4103 possent,
1030 4039 1148 4088 videlicet
1159 4038 1342 4086 decrementum
1354 4037 1544 4085 eccsutricitstis
1556 4033 1659 4100 Solaria,
1677 4035 1804 4083 anomalia

454 4104 582 4167 eclipsium
601 4107 675 4168 hujus
694 4107 772 4156 seculi
789 4113 814 4155 at
831 4115 989 4170 augmentum
1008 4107 1154 4158 elevationis
1173 4105 1241 4170 polii
1269 4104 1395 4169 (Explicat
1413 4107 1561 4155 seutentiam
1579 4119 1649 4153 susm
1671 4105 1805 4168 schemate,

452 4175 479 4222 iu
498 4189 546 4236 quo
559 4177 644 4224 Lunae
663 4181 687 4224 et
699 4175 766 4226 Solis
785 4179 856 4226 orbes
874 4179 950 4228 iidem
969 4179 1076 4228 suntad
1095 4179 1144 4226 duo
1163 4178 1261 4225 diversa
1279 4177 1367 4223 Terrae
1384 4174 1573 4241 locs;'1¹errsm
1591 4176 1694 4223 assumit
1712 4179 1804 4222 stem·

453 4258 513 4306 pora
525 4245 660 4294 Ptolemaei
679 4247 711 4294 ad
729 4261 799 4294 suem
816 4253 920 4297 aetatem
933 4253 987 4298 ioco
1001 4253 1102 4314 motam,
1121 4249 1207 4296 Lunae
1225 4259 1284 4293 vero
1296 4251 1320 4292 et
1331 4243 1398 4294 Salis
1416 4248 1488 4296 orbes
1505 4248 1649 4296 immutatos
1661 4243 1804 4309 mansisse).

557 4313 608 4364 Sed
626 4316 693 4374 haec,
712 4316 789 4383 addit,
807 4317 906 4383 raptim,
925 4332 972 4368 nec
984 4319 1065 4368 ‚etiam
1082 4319 1181 4368 relecta
1217 4315 1280 4365 Vale
1298 4315 1400 4376 optime.

557 4383 636 4432 Dstaa
653 4383 778 4434 Monachii
796 4383 838 4439 29.
859 4389 922 4448 Aug.
941 4384 1017 4440 1599.

639 4455 643 4464 '
1018 4457 1067 4505 Tui
1085 4455 1285 4504 studiosissimus

1374 4523 1426 4586 Jo.
1452 4523 1550 4602 Georg
1571 4525 1716 4584 liencurt

1433 4613 1464 4660 eb
1482 4611 1642 4673 fledanburg.

557 4715 678 4778 Keplarus
702 4714 830 4777 respondit
852 4715 952 4763 initium
977 4715 1076 4764 dicendi
1095 4729 1195 4765 sumens
1214 4731 1228 4765 s
1245 4717 1374 4782 Tycboua,
1402 4731 1476 4782 quam
1493 4719 1521 4766 iu
1538 4717 1683 4766 bohemiam
1702 4717 1802 4766 senisse

455 4783 595 4834 ilerwartus
613 4787 773 4834 nunciaverat
790 4784 843 4846 (cir.
863 4783 912 4836 val.
931 4787 951 4834 1.
969 4799 993 4848 p.
1013 4785 1065 4851 71).
1101 4785 1199 4835 Deinde
1216 4791 1308 4850 pergit:

557 4874 604 4932 Ad
626 4893 695 4934 rem.
725 4874 924 4948 Demonstras,
948 4891 1099 4936 numerum
1121 4880 1341 4955 proportionum
1362 4879 1416 4938 tibi
1438 4895 1525 4938 curae
1547 4895 1622 4940 esse.
1666 4876 1800 4936 Abiiaset

454 4961 577 5023 nuncius
598 4966 729 5039 proxima
752 4962 799 5022 vel
821 4963 908 5022 unica
931 4959 978 5022 dia
1004 4965 1111 5038 aerius,
1143 4963 1418 5026 demonstrationem
1446 4965 1609 5027 habuisses.
1646 4964 1731 5024 Nune
1751 4981 1799 5025 me

454 5047 571 5121 laboris,
597 5067 683 5125 quem
703 5049 829 5127 legendo
852 5051 963 5129 cepisti,
986 5053 1116 5128 poenitat
1137 5051 1252 5112 trustra.

554 5153 753 5242 Ingrediamur
767 5161 865 5215 autem
879 5173 939 5216 rem
954 5153 1166 5234 philosophice.
1202 5155 1325 5217 Procius
1340 5157 1523 5236 superduci.
1538 5158 1563 5218 I.
1579 5156 1800 5236 pulcherrimam

453 5243 629 5301 senteutiam
659 5245 756 5320 pouit,
787 5251 858 5322 put'o
893 5259 929 5304 ax
961 5241 1095 5304 Platonis
1127 5243 1329 5324 philosophia,
1361 5266 1399 5306 ra
1424 5251 1612 5323 padqpcesso
1640 5241 1801 5324 duoymor
