4242 6384
505 755 569 816 468
971 759 1138 828 appendicis
1156 759 1379 814 Harmonicorum

500 927 686 990 harmonicas
709 950 745 992 ex
768 935 805 999 iis
818 943 991 1010 extractor,
1014 937 1044 995 id
1068 947 1113 998 est
1135 939 1366 1010 demonstratas,
1395 937 1475 1014 quod
1498 940 1651 1003 vemseime
1672 935 1729 996 ill'n
1747 939 1829 1008 isaim,

500 1033 593 1076 vanas
615 1023 806 1094 manuarias,
838 1023 867 1082 id
892 1033 962 1100 puto
985 1025 1023 1086 ad
1047 1027 1103 1084 Dei
1125 1030 1265 1088 creatoris
1294 1027 1431 1102 iniuriam
1461 1028 1615 1103 pertinere.
1661 1025 1739 1083 Scito
1758 1027 1830 1098 euim,

499 1101 576 1164 haee
597 1105 648 1166 illa
678 1125 744 1168 esse
771 1109 955 1189 accidentis,
982 1129 1108 1188 quorum
1131 1128 1244 1174 creatm
1264 1132 1364 1174 curam
1387 1115 1540 1186 babuerit,
1571 1116 1600 1170 in
1625 1114 1731 1188 quibus
1759 1129 1832 1170 cror-

498 1191 604 1250 nsndis
629 1193 758 1274 aliquem
780 1197 894 1258 radium
917 1202 1081 1276 sapientiae
1103 1195 1175 1263 auae
1198 1198 1431 1282 impenderit,⁵⁸)
1475 1201 1552 1262 Ecce
1567 1203 1647 1262 enim
1669 1217 1773 1274 negare
1786 1217 1834 1256 noa

498 1287 598 1354 potes,
630 1283 703 1340 inter
726 1283 843 1344 Saturni
874 1287 1071 1347 tardissimum
1103 1298 1134 1364 et
1156 1289 1245 1348 Jovis
1274 1289 1491 1350 uelocissimum
1522 1307 1586 1350 ease
1620 1288 1761 1364 diapason
1782 1287 1836 1362 epi·

499 1365 635 1443 diapente
659 1373 894 1474 proportionem,
925 1377 1001 1434 inter
1028 1374 1108 1436 illius
1133 1376 1347 1438 velocissimum
1378 1385 1408 1436 et
1438 1376 1526 1452 hujus
1553 1373 1752 1434 tardissimum
1778 1391 1837 1448 pro·

500 1457 662 1530 portionem
676 1485 681 1498 ·
695 1456 836 1536 diapason
865 1461 1042 1538 simplicem,
1080 1467 1219 1539 agnoscis
1247 1465 1455 1542 perfectionem
1491 1463 1595 1522 harum
1630 1463 1838 1540 proportionum

502 1535 540 1622 Ἃ,
564 1549 593 1602 et
619 1537 672 1624 Ἃ,
696 1562 750 1606 nec
773 1547 864 1607 audes
887 1565 1070 1622 asseverare,
1091 1551 1121 1608 id
1143 1552 1263 1612 fortuito
1285 1554 1328 1612 sic
1350 1553 1499 1620 arcuisse.
1530 1553 1614 1626 quasi
1639 1549 1715 1608 nibil
1737 1548 1773 1606 de
1791 1547 1839 1606 bae

497 1643 527 1686 re
550 1631 698 1704 cogitante
727 1643 866 1696 creatore.
911 1635 994 1698 llaec
1024 1641 1124 1696 omnia
1152 1655 1219 1698 cum
1250 1647 1282 1698 tu
1305 1641 1400 1708 amas,
1430 1647 1463 1704 ut
1494 1647 1592 1696 mmen
1625 1655 1674 1697 me
1704 1636 1840 1696 ulciscaris

497 1731 555 1772 non
579 1715 667 1776 valde
689 1719 765 1780 male
789 1725 940 1792 meritum,
972 1741 1005 1784 os
1029 1727 1058 1782 in
1082 1725 1197 1789 coelum
1220 1725 1314 1796 tollis,
1345 1743 1452 1784 ranam
1476 1733 1504 1784 et
1520 1725 1697 1786 ‘chimaerae
1727 1723 1839 1781 similent

496 1801 572 1861 leuno
602 1805 799 1866 harmonicam
829 1813 1045 1886 proportionem
1075 1817 1260 1889 pronuncias.
1311 1811 1397 1874 Haec
1427 1831 1463 1872 er
1493 1820 1577 1890 parte
1608 1813 1667 1871 Dei
1703 1812 1839 1870 creatoris

497 1889 582 1948 Nunc
604 1891 642 1950 ad
666 1893 725 1954 elia
749 1905 917 1970 convertar,
943 1917 1018 1974 quae
1042 1901 1080 1958 ed
1103 1919 1150 1960 ma
1172 1903 1522 1978 scriptorempertiuent,
1546 1901 1613 1958 ·Ac
1634 1903 1662 1958 si
1685 1901 1786 1959 ornnia
1805 1901 1842 1955 in-

496 1979 563 2051 quis
585 1983 693 2040 anima
715 1999 735 2040 a
756 1985 955 2057 planetarum
977 1989 1146 2061 aspectione
1168 1995 1225 2049 aut
1245 1989 1375 2050 motibus
1396 1987 1583 2066 dependeret·
1631 1987 1699 2062 Ego
1723 1985 1840 2062 quidem

498 2061 641 2137 lieberto,
674 2074 913 2146 consequentiam
944 2073 1030 2134 rideo
1058 2075 1185 2148 nullam,
1224 2094 1320 2154 neqrro
1342 2093 1414 2134 sane
1446 2075 1503 2134 hoc
1532 2092 1631 2132 meum
1664 2073 1778 2149 dogma
1799 2085 1843 2143 est,

498 2153 570 2210 citra
594 2153 730 2226 velante
753 2167 849 2218 motus
872 2161 1020 2222 coelorum
1043 2173 1154 2222 motum
1177 2167 1432 2239 vegetationemve
1464 2164 1494 2220 in
1515 2161 1626 2238 plantis
1654 2170 1688 2220 et
1712 2161 1842 2219 animali-

497 2238 552 2296 bus
581 2257 636 2300 uec
665 2242 753 2302 fuisse
784 2263 838 2308 nec
871 2263 935 2306 esse
963 2265 1060 2324 posse.
1108 2250 1187 2326 Lege
1214 2251 1279 2310 libri
1312 2253 1369 2310 mei
1393 2249 1446 2311 IV.
1475 2267 1538 2325 cap.
1564 2252 1601 2325 i,
1631 2250 1772 2308 invenies
1802 2249 1844 2314 ibi.

497 2334 630 2387 staturam
660 2331 847 2408 sublunarem
877 2353 990 2412 semper
1020 2339 1186 2398 incumbere
1211 2341 1290 2414 operi
1313 2355 1385 2408 suo,
1415 2337 1452 2396 ad
1475 2335 1610 2396 stimulos
1640 2353 1717 2394 vero
1749 2353 1844 2410 aspre·

497 2419 579 2472 tuum
598 2420 772 2493 praecipuos
794 2419 911 2497 aliquos
934 2441 1037 2500 cupere
1060 2427 1200 2502 impetus3
1224 2426 1280 2486 boc
1299 2427 1362 2501 jam
1377 2443 1465 2503 supra
1484 2425 1642 2482 inculcavi.
1693 2421 1731 2482 Si
1743 2429 1840 2494 totum,

497 2501 602 2575 inquis,
626 2521 734 2580 corpur
756 2508 953 2578 hammonicac
980 2515 1242 2588 contemplationis
1269 2516 1305 2572 in
1327 2515 1466 2572 attremit
1493 2511 1700 2587 planetarum
1724 2511 1844 2569 motibus

495 2592 642 2662 consistit,
670 2599 819 2668 requitur,
851 2598 970 2656 nullam
1003 2603 1037 2658 in
1059 2601 1175 2660 mundo
1204 2601 1298 2677 fabae
1326 2599 1521 2658 harmoniam
1550 2606 1623 2656 ante
1650 2599 1844 2674 planetarum

495 2679 677 2750 positionem
699 2684 733 2738 in
755 2684 849 2742 coelis.
895 2684 976 2746 Male
1000 2687 1125 2762 colligis.
1171 2688 1279 2746 Totum
1308 2690 1338 2748 iu
1360 2687 1441 2746 hisce
1464 2683 1535 2758 quid
1557 2683 1685 2762 impedit
1715 2688 1763 2744 eie
1784 2703 1844 2742 con·

495 2764 612 2836 sistere,
643 2775 674 2823 ut
696 2769 781 2827 simul
807 2773 894 2828 etiam
918 2781 1012 2832 toturn
1041 2777 1080 2833 sit
1103 2777 1131 2832 in
1156 2774 1244 2834 aliisi
1290 2775 1355 2832 Non
1380 2783 1425 2834 est
1455 2772 1533 2832 idem
1556 2771 1669 2846 dicere,
1703 2781 1802 2830 totum
1820 2773 1844 2827 in

495 2849 576 2910 hisce
600 2861 629 2910 et
647 2861 744 2916 totum
775 2859 802 2916 iu
825 2859 897 2918 solis
926 2859 1016 2922 hisce.
1064 2861 1193 2937 Quaere,
1224 2862 1367 2933 lieberto,
1398 2869 1600 2936 quaerantque
1623 2867 1728 2920 tecum
1753 2877 1845 2918 omnes

495 2937 556 3003 alii,
578 2938 701 3000 forsitan
722 2946 797 3002 euim
822 2955 973 3008 occurrent
995 2948 1072 3008 aliae
1095 2968 1142 3008 res
1163 2949 1296 3020 sensiles,
1321 2951 1350 3008 in
1372 2951 1480 3024 artibus
1503 2947 1592 3007 etiam
1614 2949 1654 3005 sit
1678 2965 1845 3024 expressam

497 3035 589 3084 totum
613 3043 716 3104 eorpus
740 3031 941 3108 harmonicee3
965 3053 1040 3111 quae
1064 3038 1115 3096 ubi
1142 3055 1195 3098 vos
1218 3035 1415 3111 protuleritis,
1445 3044 1516 3095 tunc
1537 3053 1593 3110 ego
1616 3045 1713 3109 caput
1739 3037 1845 3094 tertium

495 3110 559 3168 libri
583 3115 639 3173 mei
663 3115 716 3176 IV.
740 3114 920 3182 Harmoniae
943 3125 1072 3202 augebo,
1094 3123 1218 3200 prolatis
1232 3126 1362 3184 terminis
1376 3123 1503 3200 subjecti
1518 3123 1718 3182 harmonicae.
1761 3122 1846 3198 Quam

497 3217 566 3260 roro
591 3209 622 3258 tu
646 3201 754 3262 doceas
776 3205 957 3268 harmoniam
981 3211 1056 3270 lucis
1080 3220 1109 3269 et
1124 3211 1318 3284 tenebrarum,
1341 3229 1420 3270 noro
1436 3219 1465 3270 et
1480 3211 1631 3277 laxissime
1648 3227 1748 3270 seusu
1763 3211 1847 3277 vocis,

497 3271 523 3343 ld
546 3285 607 3360 jam
631 3293 750 3367 saepius
774 3294 803 3350 in
825 3297 1024 3370 superioribus
1047 3307 1094 3358 est
1115 3297 1235 3359 dietum.

583 3372 769 3454 Quamquam
800 3383 888 3440 etiam
918 3384 945 3440 in
974 3402 1047 3444 voce
1077 3387 1352 3462 contemplationis,
1386 3402 1475 3460 quam
1503 3383 1575 3444 mssti
1604 3385 1771 3462 reposuisti
1803 3401 1848 3462 pro

501 3477 566 3518 mea
591 3480 663 3522 vose
686 3472 977 3544 contemperationis,
1007 3463 1119 3530 lucrum
1142 3483 1260 3548 captare
1282 3473 1413 3544 rideris,
1437 3471 1490 3532 sed
1518 3473 1634 3532 frustra.
1680 3471 1754 3530 Non
1779 3475 1848 3532 enim

495 3551 588 3616 omisis
611 3567 676 3608 area
699 3556 910 3632 contemplatio
932 3567 1065 3618 versatur
1088 3563 1117 3617 in
1140 3555 1324 3636 planetarum
1346 3561 1484 3630 motibus,
1503 3577 1576 3636 ,pars
1589 3559 1664 3635 ejas,
1689 3558 1772 3646 libro
1796 3561 1848 3617 sei-

495 3632 564 3692 lieet
588 3635 638 3696 lV.
665 3641 720 3696 arci
745 3645 855 3716 operis,
890 3643 999 3704 decidit
1029 3649 1056 3704 iu
1079 3647 1200 3710 Terram
1228 3651 1316 3722 inquo
1347 3644 1445 3706 radios
1473 3645 1657 3722 planetarum
1687 3665 1848 3722 eorumque

495 3722 620 3796 angulos
643 3727 671 3782 in
696 3725 786 3788 Terra
808 3729 963 3806 larinates,
987 3752 1056 3810 pars
1079 3752 1201 3806 rursum,
1225 3735 1300 3792 libro
1323 3735 1435 3794 scilieet
1458 3734 1512 3799 ΙΙΙ,
1536 3734 1567 3790 ἰιι
1590 3751 1681 3793 voces
1705 3734 1849 3794 humanas

493 3819 522 3868 ct
550 3811 733 3872 artificiosas.
780 3816 819 3876 At
846 3825 1131 3896 contemperationis
1164 3821 1361 3882 harmonicae
1391 3819 1469 3900 (qna
1498 3820 1762 3910 circumlocutione
1799 3838 1847 3892 01³⁰

493 3901 622 3972 exprimo
647 3899 726 3959 illam
746 3901 923 3984 Ptolemaei,
946 3925 1012 3966 cum
1035 3931 1087 3984 την
1108 3932 1162 3968 του
1179 3904 1366 3983 musaraneus
1390 3932 1475 3982 amar
1497 3904 1646 3988 nominat)
1669 3916 1770 3968 totum
1788 3927 1847 3970 cor·

492 4001 546 4060 pus
569 3988 686 4046 inuenio
710 3991 740 4046 in
764 3993 892 4052 motibus
915 3994 1112 4070 planetarum,
1145 4005 1239 4054 totum
1263 4005 1403 4071 quantum
1427 4006 1569 4070 quantum
1592 4003 1637 4055 est
1665 3998 1697 4052 in
1723 3999 1845 4078 vocibus

492 4071 636 4146 humanis,
661 4093 718 4136 non
743 4095 813 4138 vcro
837 4082 877 4138 ita
903 4087 995 4140 toturn
1018 4085 1049 4140 iu
1073 4083 1219 4145 radiorum
1242 4083 1368 4160 angulis.
1413 4085 1478 4142 Non
1506 4091 1573 4142 utar
1595 4086 1775 4160 exceptione
1802 4083 1847 4142 illa

488 4161 653 4234 justissima
676 4162 711 4222 de
735 4167 822 4224 unico
850 4167 904 4236 illo¹
924 4169 1020 4228 triduo
1044 4171 1154 4247 primae
1187 4169 1287 4230 mundi
1315 4173 1475 4244 infantiae,
1504 4169 1575 4246 quid
1605 4188 1749 4246 magnum
1775 4174 1846 4230 enirn

493 4247 539 4304 vel
562 4249 703 4320 insoleus,
734 4254 758 4310 si
783 4271 834 4328 per
858 4255 885 4312 id
908 4275 972 4316 non
991 4259 1075 4333 pluit
1091 4257 1244 4317 Dominus
1265 4275 1363 4334 supra
1377 4267 1494 4320 mrram
1516 4265 1585 4330 etc,
1610 4277 1669 4318 uon
1693 4265 1780 4332 utar,
1805 4262 1847 4315 ῑῦ·

492 4353 598 4409 qrram,
623 4338 692 4410 quia
716 4339 786 4398 mibi
810 4359 884 4417 opus
908 4339 960 4402 illa
982 4362 1039 4402 non
1063 4354 1117 4405 est.
1897 4412 1898 4421 ,

579 4421 655 4497 Quid
682 4425 744 4498 jam
775 4444 852 4488 nuuc
879 4447 935 4504 ego
958 4435 1056 4506 potius
1079 4433 1170 4505 facio,
1204 4449 1292 4506 quarn
1315 4439 1348 4490 ut
1375 4433 1429 4492 tibi
1461 4449 1516 4492 ceu
1538 4431 1621 4498 alteri
1645 4433 1845 4512 Aristophani.

490 4511 709 4576 festivissimam
733 4513 881 4574 exhibenti
905 4519 1085 4578 comoediam
1110 4516 1156 4600 (in
1180 4536 1240 4593 quta
1260 4527 1428 4580 extremam
1454 4521 1584 4579 bominis
1605 4519 1767 4594 delirium,
1791 4521 1846 4578 tuis
1897 4524 1898 4533 ’

493 4600 754 4672 imsuirrutionibus
785 4601 955 4668 formatum.
994 4607 1050 4664 sub
1084 4624 1213 4681 persona
1242 4609 1299 4666 mei
1331 4609 1458 4667 nominis
1491 4605 1666 4676 introducis)
1700 4616 1845 4686 spectator

491 4685 638 4746 assideam
669 4686 805 4747 Socrates
835 4707 906 4765 ego,
938 4692 1092 4754 subridens
1121 4693 1373 4770 applaudeosqne.
1427 4694 1512 4754 Certe
1542 4693 1679 4770 equidem
1707 4713 1843 4768 maguum

491 4771 642 4846 delirium,
666 4773 792 4834 oblitum
816 4781 970 4852 materiae,
994 4783 1028 4838 r'n
1051 4799 1115 4856 qua
1136 4783 1192 4840 lna
1214 4799 1309 4856 opera
1322 4799 1381 4840 sua
1395 4781 1533 4857 desipnat
1544 4783 1748 4862 proflipandia
1764 4792 1844 4842 terre-

491 4861 569 4926 bria,
599 4860 725 4920 oblitum
752 4864 938 4940 facultatum
963 4875 1109 4942 naturae,
1141 4869 1251 4944 quibas
1272 4871 1326 4928 illa
1356 4877 1392 4928 nt
1412 4887 1467 4928 rea
1489 4870 1601 4945 aliquia
1627 4873 1778 4948 imperat,
1805 4868 1844 4926 ad

491 4947 593 5016 aialim
620 4949 781 5026 confuperc
810 4969 881 5010 cum
909 4954 1032 5014 ethnicis
1065 4965 1094 5014 et
1123 4974 1200 5031 quae
1230 4966 1392 5032 sequuntur
1423 4959 1552 5023 oratoria
1578 4966 1776 5037 poppysmata
1797 4957 1842 5014 lu-

491 5033 647 5097 xuriantia.

539 5173 545 5188 ‚
581 5121 679 5182 Solem
701 5124 840 5199 equidem
860 5127 976 5202 sontem
998 5135 1098 5188 statuo
1120 5137 1219 5189 motae
1241 5131 1383 5201 macab,
1412 5138 1446 5190 at
1466 5136 1650 5206 sapientiam
1672 5133 1840 5191 creatricem

491 5225 555 5266 non
573 5223 737 5286 pererrare
760 5219 882 5280 tantam
904 5215 1015 5276 mundi
1037 5216 1166 5294 tanam,
1189 5214 1242 5276 sed
1263 5217 1354 5279 fontis
1378 5217 1472 5296 ipsius
1491 5219 1689 5285 architectum
1704 5233 1838 5293 egumia
