4242 6384
531 759 595 822 us
808 781 812 788 ·
1001 749 1170 822 Appendita‘a
1184 751 1410 815 Harmonicorum

531 949 662 994 musone
684 950 702 992 ι
725 931 874 1000 condaris
896 929 1032 994 dissocia
1076 929 1143 992 lton
1165 931 1309 1006 gignitur,
1338 931 1482 1006 lioberte,
1512 936 1685 994 ooucmnum
1704 951 1778 995 uam
1795 935 1840 995 tte
1894 974 1895 983 ι

531 1037 635 1080 sonum
659 1038 678 1080 a
700 1017 815 1080 duobm
837 1021 992 1098 consonis,
1023 1027 1055 1080 nt
1083 1035 1155 1093 puer
1185 1036 1305 1080 amare
1335 1028 1367 1080 et
1388 1021 1516 1094 lemine,
1549 1021 1678 1082 bumana
1697 1025 1841 1098 aperiesab

480 1165 482 1172 ι
530 1107 676 1168 bummae
700 1109 808 1182 speciei
830 1109 1017 1183 parentibus,
1050 1104 1104 1164 aad
1128 1113 1173 1164 est
1198 1105 1272 1166 baec
1294 1109 1429 1184 genitura
1455 1108 1530 1166 nibil
1549 1109 1649 1182 aliud,
1680 1128 1759 1186 quam
1777 1113 1843 1168 reato
1894 1142 1896 1163 ;

531 1195 710 1270 geometrica
732 1196 852 1263 cousoni
874 1193 994 1269 mej0ris
1017 1210 1068 1268 per
1091 1191 1277 1267 epharmosiu
1293 1197 1415 1254 consoni
1432 1197 1562 1255 minoris.
1608 1196 1845 1272 prarmosbrero

531 1281 563 1344 itt
586 1285 615 1340 in
639 1283 891 1358 proportionibus,
914 1282 1075 1340 constituto
1097 1275 1191 1338 altero
1214 1283 1338 1342 termino
1360 1284 1496 1357 unumne
1519 1283 1639 1360 eodem,
1666 1288 1787 1360 urnaque
1805 1287 1847 1342 rei·
1892 1332 1896 1336 Α

529 1369 599 1435 lieet
620 1369 731 1445 majora
757 1369 804 1430 rel
828 1370 962 1444 utrinque
982 1368 1106 1426 minore.
1149 1365 1230 1424 Nihil
1254 1376 1353 1428 autem
1375 1372 1445 1436 novi
1467 1379 1513 1430 eet
1533 1373 1563 1428 in
1585 1375 1758 1446 geometria,
1784 1374 1848 1431 emti

530 1456 662 1532 figuratis
685 1473 736 1532 per
759 1455 985 1532 applicationem
1007 1453 1261 1530 figuratigeueris
1283 1454 1404 1515 alterius
1433 1457 1542 1520 lemma
1563 1461 1703 1526 constitui
1721 1476 1775 1516 nou
1793 1459 1848 1532 tigo-

529 1555 639 1615 ratum,
671 1541 724 1602 sed
753 1541 917 1604 nobilitatis
947 1542 1070 1602 vilioris.
1115 1539 1165 1600 sn
1193 1539 1272 1600 latua
1293 1543 1448 1618 amanguli
1476 1555 1522 1604 eat
1551 1545 1668 1606 effabile
1690 1545 1848 1622 longitudine

529 1629 606 1690 latae
630 1630 772 1706 trianguli
790 1628 908 1692 ellabile
930 1630 1076 1705 potentia,
1107 1635 1255 1690 ettamen
1278 1631 1305 1688 si
1325 1630 1441 1693 auteres
1469 1632 1548 1692 latus
1570 1631 1725 1708 sexauguli
1746 1631 1849 1692 aleten

529 1717 680 1793 triatquii,
709 1716 882 1794 relinquitur
903 1715 1052 1777 ineffabile
1075 1716 1241 1791 quippiam,
1271 1715 1350 1792 quod
1373 1725 1531 1794 apotomen
1553 1719 1715 1796 appellant.
1757 1720 1789 1778 Bt
1808 1719 1848 1776 diri

529 1807 559 1864 iu
582 1805 779 1874 Harmooieis,
800 1806 1003 1880 proportiones
1026 1801 1211 1866 harmonicas
1233 1803 1272 1862 ab
1294 1803 1465 1880 hujusmodi
1485 1806 1712 1880 figurationibus
1732 1805 1789 1866 beri
1802 1805 1851 1864 bar·

528 1896 677 1965 monicae,
700 1909 760 1952 non
782 1909 800 1952 a
823 1893 986 1968 quantitate
1009 1890 1104 1957 nuda,
1128 1899 1160 1946 ut
1183 1907 1260 1964 quae
1282 1893 1423 1953 materiae
1446 1893 1525 1951 radia
1548 1893 1646 1953 ideam
1670 1912 1741 1970 prae
1761 1912 1792 1953 ιι
1809 1897 1851 1950 tert
1894 1941 1896 1945 ,

555 2019 568 2046 ι
617 1979 751 2054 Denique
775 1986 855 2038 totus
878 1980 906 2038 iu
929 1977 1085 2054 physicum
1106 1977 1181 2048 abir,
1204 1975 1274 2034 dum
1295 1977 1466 2040 harmonica
1497 1980 1657 2056 disceptas,
1691 2001 1712 2040 o
1734 1981 1853 2040 medor
1894 2031 1896 2033 ,

529 2069 712 2139 mataritae,
741 2065 780 2126 ub
802 2065 1027 2143 imperfectione
1046 2065 1205 2140 perfectio,
1226 2064 1339 2132 seilicet
1361 2065 1419 2128 ltoc
1442 2069 1504 2140 vis,
1532 2086 1551 2126 a
1573 2071 1725 2128 concinnis
1747 2068 1783 2128 ad
1801 2085 1853 2126 coo·

528 2170 603 2214 sona
628 2156 705 2212 viam
729 2153 823 2212 moliri
846 2162 989 2216 naturam.
1034 2151 1132 2212 Velim
1148 2153 1238 2224 scire,
1271 2169 1330 2227 qua
1351 2155 1381 2210 iu
1403 2155 1520 2214 loruaoe
1541 2155 1596 2214 liat
1616 2159 1674 2214 iata
1697 2159 1818 2216 ereocdo
1835 2168 1855 2212 et

529 2257 588 2318 qtro
613 2231 702 2316 ignat
743 2239 873 2317 Physica
891 2239 983 2312 liunt,
1006 2237 1215 2306 mathematica
1236 2248 1313 2298 aunt
1359 2237 1461 2300 Omnis
1475 2245 1628 2302 maturitas
1650 2247 1798 2320 praeviam
1816 2242 1855 2300 ba·

529 2328 580 2388 bet
601 2329 766 2390 neeessario
789 2327 972 2399 cruditatem,
994 2333 1026 2386 at
1047 2327 1241 2400 consonantia
1263 2326 1414 2401 quaelibet
1435 2338 1554 2408 propter
1572 2347 1604 2388 ae
1620 2332 1718 2406 ipsam
1740 2339 1784 2389 est
1802 2346 1854 2388 coe

527 2415 677 2487 sonantia,
710 2431 768 2473 non
796 2423 914 2492 propter
944 2413 1034 2475 aliam
1061 2430 1162 2474 ascum
1191 2422 1398 2488 comparatam.
1443 2415 1549 2492 ltaque
1577 2420 1772 2478 consonantia
1791 2418 1855 2474 unia
1894 2462 1895 2471 ,

528 2519 586 2561 nou
609 2504 773 2564 necessario
795 2502 1006 2580 praesupponit
1029 2501 1202 2560 concinnum
1226 2499 1393 2575 diasouum3
1416 2519 1569 2578 possemus
1585 2507 1664 2564 enim
1687 2522 1790 2564 cauere
1808 2522 1855 2583 per·

529 2595 695 2666 petoque,
718 2590 771 2662 sol,
795 2597 831 2650 ut
852 2589 904 2662 sol,
927 2603 981 2650 neo
1003 2604 1078 2664 opus
1101 2595 1179 2647 esset
1200 2587 1362 2648 intervallis
1383 2590 1578 2664 intermediis,
1608 2600 1659 2666 nt,
1683 2611 1732 2666 re,
1754 2595 1807 2664 nri,
1824 2592 1855 2665 fo,
1894 2640 1895 2643 ,

525 2678 584 2751 sol,
609 2678 634 2736 si
656 2693 714 2736 nou
736 2685 850 2752 praeter
871 2678 921 2750 ul,
951 2674 995 2734 rol
1009 2681 1123 2734 'natura
1143 2673 1261 2732 doceret
1283 2677 1374 2735 etiam
1395 2683 1444 2750 ut,
1474 2679 1513 2755 fo
1533 2683 1564 2736 et
1584 2686 1635 2753 nt,
1665 2682 1729 2752 mi,
1754 2678 1854 2751 denique

527 2765 552 2823 si
575 2780 634 2822 nou
657 2763 845 2824 intervallum
867 2770 916 2836 ut,
934 2763 974 2840 Ta
997 2771 1074 2820 essct
1096 2759 1221 2837 aequale
1244 2762 1399 2821 intervallo
1421 2781 1470 2836 re,
1492 2765 1550 2826 rol.
1690 2829 1697 2843 ,

613 2850 705 2910 Ροιιο
726 2851 847 2916 ababa
869 2851 926 2910 hoc
949 2848 1030 2920 milti,
1054 2847 1195 2920 lieberto,
1226 2849 1331 2908 iterum
1353 2858 1398 2922 te,
1432 2850 1501 2910 dum
1530 2868 1631 2912 omues
1660 2848 1790 2923 rationes
1808 2868 1857 2926 pro·

526 2937 598 3012 luta,
630 2946 663 2998 ut
685 2945 771 2998 tonos
803 2947 833 2998 et
863 2937 1020 2996 serm'tonia
1042 2937 1141 3012 priora
1162 2943 1268 2995 natura
1289 2936 1380 2999 faciae
1404 2942 1618 3012 consonantiis,
1645 2941 1762 3000 interim
1784 2939 1857 2996 tirus·

526 3033 656 3086 mentum
678 3023 735 3086 lroe
757 3027 901 3084 intactum
923 3023 1086 3099 reliquisse,
1110 3021 1416 3084 incommensurabile
1437 3025 1501 3088 esse
1521 3026 1598 3087 baec
1620 3024 1679 3086 illia
1708 3038 1739 3086 et
1762 3039 1857 3100 utraqu

527 3113 585 3174 sibi
609 3113 696 3188 ipsis,
721 3113 821 3188 itaque
844 3111 906 3170 lieri
929 3128 988 3170 uon
1011 3127 1117 3186 posse,
1140 3118 1174 3168 ut
1194 3110 1233 3170 ab
1248 3110 1359 3170 ,luorum
1381 3113 1500 3173 minimo
1523 3122 1732 3189 comparentur
1753 3113 1857 3188 reliqm;

528 3215 587 3258 uon
611 3217 677 3259 esse
703 3201 790 3274 igitur
822 3215 912 3260 unum
934 3199 1086 3258 minimum
1107 3205 1214 3256 ustura
1239 3199 1321 3274 priua
1341 3192 1511 3273 majoribus.
1555 3200 1639 3260 Item
1660 3217 1792 3268 consona
1810 3201 1859 3258 oriri
1894 3250 1895 3255 ,

526 3285 667 3362 adguris
690 3285 967 3350 demonstrationem
990 3284 1226 3358 admittentibus,
1258 3283 1412 3360 quodlibet
1434 3289 1521 3362 igitur
1544 3291 1663 3365 seipso
1687 3292 1859 3359 seorsim3at

528 3376 673 3433 concinna
696 3371 830 3444 dissona,
861 3375 886 3432 ai
908 3372 1008 3448 liguris
1031 3371 1214 3448 applicentur
1234 3372 1275 3430 ad
1297 3373 1462 3449 exemplum
1484 3390 1696 3449 ooosouqrum,
1728 3376 1860 3434 indemore
1894 3424 1895 3429 ,

526 3459 696 3520 atrabilibus
725 3457 904 3538 applicatum
937 3461 988 3531 iri,
1021 3465 1123 3520 tonum
1146 3458 1257 3517 scilicet
1287 3470 1443 3536 utrumque
1475 3458 1662 3538 nonangulo,
1693 3466 1859 3525 semitonius
1894 3486 1896 3519 ι

528 3545 775 3623 qniedecangulo,
799 3545 1046 3608 demonstratione
1070 3548 1188 3622 propria
1210 3545 1484 3619 destituto„dieain
1508 3551 1760 3626 ieoaipentagoao
1804 3549 1859 3608 coo
1894 3598 1896 3604 ,

528 3631 743 3710 igitur‘barum
764 3633 922 3710 figurarum
954 3631 1038 3694 nttlla
1057 3635 1096 3696 ait
1118 3633 1310 3694 subsistentia
1330 3634 1483 3708 mentalis,
1514 3637 1588 3694 nileil
1615 3639 1703 3713 ipitur
1734 3655 1772 3698 ex
1793 3637 1859 3694 iisie

442 3755 444 3758 ·
528 3730 627 3784 mesto
650 3723 775 3798 orietur,
805 3724 957 3797 quianon
981 3722 1055 3782 entis
1083 3718 1156 3780 nulli
1183 3721 1403 3781 suuteffectua.
1447 3722 1514 3780 Nou
1538 3725 1669 3782 oriuntur
1697 3727 1787 3802 igitur
1807 3740 1860 3783 cou-

528 3811 616 3870 einna
645 3807 765 3878 dissona
787 3827 822 3869 aa
845 3808 960 3886 liguris,
989 3815 1023 3868 ut
1045 3823 1189 3879 consona,
1219 3815 1251 3868 at
1273 3825 1343 3866 sero
1372 3815 1494 3885 apparet
1525 3809 1701 3885 clarissime,
1733 3812 1785 3871 illa
1813 3825 1860 3869 east
1893 3856 1896 3867 .

527 3913 665 3957 exeamus
687 3896 832 3972 majorum
855 3912 1049 3960 consonatum
1072 3912 1162 3971 supra
1183 3897 1305 3955 minora
1351 3894 1512 3956 coniicitur
1526 3899 1623 3972 igitur,
1647 3908 1679 3957 ut
1696 3917 1785 3958 uuum
1806 3914 1861 3958 coo·
1892 3920 1896 3954 ᾳ

528 3987 646 4044 oinuum
668 3982 820 4044 dissonum
850 3986 960 4043 oriatur
983 4001 1019 4044 ex
1042 3985 1260 4058 comparatione
1283 3981 1406 4041 duorum
1434 4000 1629 4044 cooeoeorum
1656 3987 1721 4062 jam
1744 3995 1860 4046 ortorum
1894 4020 1896 4039 r

525 4070 601 4134 Sunt
622 4088 691 4147 ergo
715 4073 777 4130 toni
800 4079 831 4132 et
852 4072 1007 4132 semitonia
1027 4079 1134 4143 natura
1156 4070 1319 4144 posteriora
1340 4073 1549 4134 consonantiis.

612 4158 670 4218 Ad
693 4158 875 4237 Analysio
897 4157 985 4217 XIV.
1028 4155 1234 4226 iamdudum
1254 4157 1309 4216 aba
1332 4165 1376 4229 ta,
1399 4157 1545 4230 Roberte,
1569 4161 1659 4234 petii,
1691 4163 1734 4222 uti
1757 4175 1860 4220 mccx-
1894 4182 1895 4215 ι

525 4253 658 4306 curetum
687 4244 799 4308 habeas
823 4245 859 4304 de
882 4247 1000 4305 erimine
1030 4243 1251 4306 obtrectationis
1279 4253 1332 4304 aut
1358 4244 1594 4309 malevolentiae.
1639 4247 1762 4311 Nullum
1784 4260 1860 4320 neque
1894 4252 1895 4329 ι

525 4333 578 4392 tibi
592 4327 697 4409 'neque
720 4331 891 4408 Ptolemaeo
915 4331 1046 4394 dedecus
1066 4330 1201 4402 obtrudo,
1224 4330 1305 4406 quod
1327 4331 1526 4408 symboliamie
1544 4335 1659 4400 utimini
1681 4336 1755 4394 nibil
1771 4334 1861 4394 duecte

481 4489 484 4502 ‚
526 4419 803 4480 demonstrantibus.
849 4417 925 4496 Quin
948 4422 1047 4496 potius
1070 4436 1214 4495 agnosco,
1245 4427 1378 4477 naturam
1409 4421 1504 4495 ipsam
1534 4438 1628 4482 rerum
1661 4439 1728 4486 reae
1757 4421 1861 4499 prodere

524 4509 698 4583 gestientem
720 4509 820 4585 primia
843 4507 901 4566 illis
920 4505 1089 4579 conatibus,
1113 4505 1153 4570 sd
1177 4511 1276 4566 verum
1299 4506 1418 4581 quidem
1438 4506 1652 4580 alluderuibus,
1678 4511 1755 4569 ιἰιιιι
1779 4521 1860 4568 muco

525 4595 619 4671 ipsam
643 4596 714 4654 meri
738 4595 799 4654 reri
822 4591 950 4654 nondum
973 4596 1125 4656 assecutis.
1171 4593 1309 4654 luveniea
1331 4593 1440 4654 alicubi
1455 4595 1676 4665 similitudinem
1695 4615 1776 4657 ame
1791 4609 1861 4654 usur·

525 4689 624 4758 petam
648 4682 783 4744 fluminis
806 4699 873 4742 oum
897 4691 1035 4760 asperata
1061 4681 1215 4758 superlicio
1239 4679 1399 4754 undarum,
1432 4680 1511 4746 Solis
1528 4683 1637 4760 ‚radios
1666 4684 1819 4748 darieeime
1837 4689 1860 4736 ct

523 4767 670 4851 latissimo
700 4777 794 4830 tractu
825 4771 1060 4844 repercutientis,
1084 4771 1221 4844 nuspiam
1244 4777 1341 4828 tamen
1365 4785 1467 4844 puram
1490 4769 1568 4830 Solis
1586 4773 1743 4846 imaginem
1756 4783 1860 4845 reprae-

522 4859 677 4928 renuntia,
701 4864 734 4916 ut
756 4855 834 4918 alias
854 4855 887 4914 lit
909 4859 938 4914 in
964 4873 1042 4932 aqua
1066 4857 1166 4931 quieta
1189 4864 1219 4916 et
1240 4863 1404 4929 stagnante.
1449 4855 1553 4933 Neque
1568 4857 1638 4931 dixi,
1663 4875 1719 4918 roe
1739 4878 1757 4918 a
1777 4855 1858 4937 pille-

523 4943 683 5020 septorum
704 4943 803 5004 limine
826 4944 994 5022 aberrasse,
1023 4943 1076 5004 aed
1098 4945 1196 5020 potius
1219 4937 1267 5023 (id
1289 4951 1336 5002 est
1356 4938 1494 5024 propius)
1517 4945 1554 5004 ad
1577 4949 1684 5020 politas
1706 4945 1752 5004 vel
1773 4951 1858 5002 orato·

523 5047 586 5090 rum
609 5029 747 5092 flosculos
762 5030 926 5096 delectere
971 5029 1068 5090 Multa
1079 5028 1223 5106 equidem
1243 5047 1290 5089 me
1304 5028 1581 5103 latentneoenim
1605 5049 1724 5110 operam
1738 5032 1815 5108 posui
1834 5029 1856 5082 in

524 5117 659 5185 eruendis
682 5120 829 5195 mysteriis
860 5127 983 5182 nrturae
1014 5121 1234 5194 expositarum
1262 5117 1390 5191 tabulis,
1418 5120 1491 5194 quia
1518 5136 1584 5182 cum
1607 5119 1856 5189 mansuariorum

524 5202 805 5268 uomomeaneaom
828 5205 1000 5274 certitudine
1022 5213 1137 5266 tautum
1158 5213 1204 5266 est
1225 5205 1298 5266 mibi
1319 5207 1502 5281 repetiisse
1517 5205 1561 5266 ati
1583 5205 1635 5268 illa
1656 5206 1731 5268 nibil
1749 5201 1855 5286 supersit
