4242 6384
521 783 585 864 aar
906 741 1518 842 oeconomortmaummmorrerf

530 963 687 1025 mabuntur
709 962 748 1024 ab
771 963 806 1022 iia
829 961 986 1024 interualla
999 978 1052 1040 per
1065 959 1289 1040 adamlptioncrn
1306 959 1487 1034 circulorum,
1509 959 1562 1022 eud
1577 959 1673 1020 adbuc
1695 958 1777 1018 anilo
1798 969 1861 1018 certo

521 1062 653 1111 numero.
686 1049 813 1112 Ventum
835 1049 874 1109 ad
896 1051 1026 1126 quinque
1047 1048 1173 1124 aolidae,
1197 1049 1244 1111 bic
1266 1057 1297 1108 et
1317 1065 1457 1108 numeror
1477 1062 1629 1126 corporum
1652 1056 1683 1106 ot
1706 1047 1863 1108 intervallo-

521 1155 586 1197 rum
604 1137 777 1212 magnitudo
806 1153 897 1214 prope
926 1155 997 1196 veru
1023 1135 1162 1214 patabat,
1191 1136 1267 1196 adeo
1296 1147 1327 1192 ιιι
1356 1153 1444 1214 arrper
1473 1136 1587 1212 reliqum
1614 1134 1812 1214 ffiuflepundu
1834 1134 1864 1191 ad

521 1226 718 1290 astronomiae
740 1227 949 1301 perfectionem
971 1221 1180 1301 appellarema
1206 1221 1341 1282 Periecte
1364 1223 1421 1282 luit
1441 1222 1490 1285 hir
1511 1223 1552 1281 ati
1575 1224 1659 1282 annia
1682 1223 1866 1290 mmouomim

522 1321 552 1371 et
573 1329 641 1375 ecee
663 1310 761 1372 adbuc
776 1310 933 1375 intervalla
947 1309 1153 1388 duucpabaot
1168 1325 1187 1368 a
1208 1309 1308 1386 dgurir
1330 1309 1450 1380 aolidie,
1464 1309 1590 1372 necdum
1605 1325 1718 1369 marae
1741 1310 1868 1387 patebant

522 1400 770 1463 eeeentrieitutum
800 1395 1038 1474 inaequalieeirne
1071 1397 1290 1458 distributurum
1324 1399 1399 1458 inter
1427 1397 1568 1475 planetae.
1613 1395 1738 1456 Scilicet
1763 1399 1795 1453 in
1823 1395 1870 1454 buc

523 1485 625 1546 mundi
647 1484 734 1547 domo
757 1486 935 1561 quaerebam
957 1484 1000 1544 nil
1027 1486 1084 1544 uiui
1111 1503 1201 1560 aera,
1230 1483 1343 1544 iorrnaa
1373 1485 1576 1560 elegantioris,
1606 1477 1659 1544 ae‘d
1694 1499 1774 1560 quaa
1803 1484 1870 1540 narb

524 1575 704 1644 conueniret,
728 1575 856 1648 ignarus,
881 1571 1080 1630 architectum
1103 1571 1154 1632 illa
1177 1571 1296 1630 bnuiaoe
1319 1573 1348 1630 iu
1370 1572 1640 1632 articuleiiaaimuur
1663 1570 1795 1648 effigiem
1810 1571 1872 1627 ani·

521 1662 593 1726 mail
616 1661 755 1737 oorportr.
799 1659 847 1721 tm
868 1658 1021 1736 paulatim,
1045 1658 1092 1718 lrle
1115 1659 1285 1736 praesertim
1309 1659 1419 1718 ubimia
1442 1661 1462 1719 3
1485 1661 1578 1730 annia,
1602 1665 1729 1718 ventum
1752 1657 1791 1716 ud
1811 1657 1871 1715 brr-

521 1749 653 1818 moniue,
684 1745 807 1807 desertio
829 1748 906 1806 eirea
928 1747 1048 1806 minime
1068 1746 1171 1822 liguria
1203 1741 1320 1816 eolidir,
1352 1763 1417 1806 eum
1440 1749 1511 1822 quia
1533 1745 1602 1806 illae
1623 1747 1750 1806 atabant
1774 1761 1792 1802 a
1813 1759 1872 1820 par·

522 1835 601 1894 tibua
628 1835 753 1907 formae,
788 1849 878 1909 quum
906 1832 1011 1894 ultima
1039 1849 1143 1894 merrue
1172 1835 1348 1910 imponeret,
1377 1833 1489 1910 liguraa
1519 1851 1538 1893 a
1568 1835 1709 1906 materia,
1743 1849 1819 1908 qnae
1849 1834 1871 1887 in

524 1921 634 1982 mundo
658 1930 703 1980 eet
725 1937 861 1981 numeror
884 1937 1037 1996 corporum
1059 1929 1089 1978 et
1111 1921 1273 1995 spatiorum
1297 1919 1377 1980 rudia
1399 1919 1578 1998 amplitudo,
1610 1929 1671 1980 nrm
1699 1920 1792 1978 etiam
1814 1920 1887 1992 quia

523 2009 594 2068 illae
617 2007 727 2067 dabant
750 2007 996 2080 oomnutdtatee,
1025 2024 1099 2083 quea
1123 2007 1179 2066 irae
1202 2023 1238 2068 ne
1264 2007 1481 2083 pollicebantur
1504 2007 1638 2084 quidem
1670 2005 1746 2065 illae
1774 2005 1873 2064 scilicet

523 2113 644 2168 nauum,
675 2094 776 2154 oeuloa
806 2104 836 2155 et
865 2093 978 2170 reliqua
1006 2095 1137 2154 membra
1161 2093 1359 2154 conciliabant
1380 2103 1510 2168 statuae,
1542 2097 1588 2154 cui
1610 2096 1686 2155 iotae
1712 2093 1809 2154 uolam
1830 2109 1874 2150 er·

526 2191 640 2244 ternam
661 2181 742 2240 rudia
763 2198 880 2245 mattae
902 2181 1100 2257 quantitatem
1123 2182 1378 2258 praeeminuerunt.

612 2269 711 2344 Quare
732 2270 928 2343 clariaeque
949 2284 1073 2344 corpora
1095 2270 1275 2329 animantum
1297 2275 1366 2328 auat
1388 2268 1474 2342 ianm,
1499 2285 1594 2344 neque
1614 2269 1678 2327 auxi
1704 2265 1803 2327 molea
1823 2265 1874 2324 lieri

524 2356 601 2418 aolot
622 2355 661 2419 ad
683 2373 816 2416 normam
838 2371 942 2433 purum
963 2355 1088 2431 alicujus
1110 2355 1219 2432 ligurae
1242 2357 1454 2432 geometriane,
1486 2353 1539 2415 aed
1562 2355 1725 2431 derogatur
1748 2360 1874 2414 extentae

525 2443 635 2520 Qurac
667 2441 810 2505 rotuadea
842 2444 1029 2519 quartumvir
1058 2442 1186 2520 eleganti
1214 2445 1363 2522 (maerente
1396 2450 1492 2502 tamen
1519 2441 1601 2518 justa
1622 2441 1712 2502 nolle
1736 2441 1873 2517 magnitu-

529 2531 623 2612 dino),
646 2538 679 2590 ιιι
699 2547 804 2608 corpur
828 2547 939 2606 organa
963 2531 1041 2596 ritae
1064 2529 1238 2601 neeeararie,
1260 2547 1365 2590 aarum
1382 2547 1451 2588 vero
1475 2529 1600 2606 elfigieru
1623 2531 1790 2590 animantia
1811 2543 1873 2585 uan-

505 2621 595 2679 ·eiaci
630 2619 739 2694 poenit:
781 2619 824 2678 aic
853 2619 942 2678 etiam
972 2618 1136 2694 proportio,
1172 2633 1260 2692 quem
1294 2617 1416 2678 orbibus·
1448 2615 1618 2693 planetariis
1648 2619 1873 2693 praescriptum

528 2712 612 2768 eruat
631 2705 743 2781 figurae
766 2703 889 2778 oolldue,
914 2697 946 2764 ut
969 2704 1087 2764 irrterior
1110 2711 1139 2762 et
1163 2712 1275 2764 tanturn
1298 2719 1404 2782 corpur
1427 2705 1639 2780 materiamque
1661 2711 1814 2781 epactam,
1836 2717 1874 2758 ee·

527 2791 595 2859 dere
618 2791 721 2875 debuit
744 2791 912 2865 barmoulia,
935 2801 1078 2867 quantum
1101 2789 1165 2865 ojus
1189 2798 1252 2876 eret
1267 2803 1386 2854 ueetmo
1401 2790 1527 2864 adhoc,
1552 2799 1584 2850 ut
1607 2799 1684 2850 atara
1710 2789 1783 2850 illae
1803 2789 1874 2864 juro

464 2918 476 2929 -
526 2888 697 2956 uotumque
718 2879 875 2955 globorum
898 2894 1038 2938 exornare
1060 2883 1190 2954 portent.
1427 2923 1430 2931 .

614 2967 749 3030 arreum
772 2963 1006 3042 epiphonematie
1029 2965 1208 3035 memorem,
1232 2962 1268 3023 de
1292 2963 1451 3026 barmoniia
1474 2963 1703 3040 uuireraulibue,
1728 2971 1873 3040 eogrratuu

526 3056 617 3131 priori
637 3055 841 3130 probationem
856 3053 954 3116 babet.
1000 3060 1173 3122 [Superbum
1195 3057 1226 3112 18
1246 3061 1454 3112 interminuat·
1472 3065 1612 3110 manatura
1633 3073 1665 3108 ex
1683 3061 1777 3120 paruo.)
1812 3047 1874 3108 um

526 3140 572 3198 illl
600 3143 699 3217 potina
725 3141 849 3201 debetur
874 3157 1010 3216 suprema
1038 3138 1129 3200 ueluti
1160 3141 1345 3215 perfeetionis
1361 3141 1491 3221 ,matrum
1529 3140 1608 3217 quod
1646 3143 1745 3216 megia
1777 3133 1873 3216 perficit

527 3226 683 3302 mundum
716 3227 758 3286 illi
781 3229 845 3286 vioe
869 3243 956 3284 verae
977 3225 1178 3302 derogandum
1200 3223 1238 3306 (ei
1261 3225 1460 3304 derogandum
1484 3225 1643 3306 alterutri),
1676 3226 1760 3303 quod
1784 3229 1873 3302 porte·

528 3316 619 3376 rioree
641 3314 691 3375 bio
711 3323 810 3391 partun
832 3323 919 3374 tenet.
966 3314 1122 3390 dimegio
1144 3313 1284 3372 mundum
1307 3314 1419 3391 perficit
1442 3314 1618 3374 unirereella
1640 3314 1798 3374 humonia
1820 3325 1873 3369 orn·

528 3403 627 3475 amm,
655 3419 744 3477 quam
774 3401 938 3476 singulares
969 3400 1103 3461 binorum
1134 3410 1163 3459 et
1192 3401 1326 3461 binorum
1349 3399 1511 3462 riobiorum
1534 3404 1685 3480 geminae.
1732 3401 1787 3464 Eat
1810 3397 1873 3458 enirn

528 3489 682 3561 harmonia
702 3480 848 3564 quaedam
873 3489 993 3551 unitatis
1014 3489 1107 3562 ratio;
1136 3491 1230 3565 magia
1253 3489 1343 3566 igitur
1365 3491 1438 3549 uniti
1462 3495 1545 3562 aunt,
1568 3492 1595 3548 ei
1617 3505 1721 3548 omnen
1746 3485 1831 3546 aimnl
1851 3483 1873 3537 b

528 3592 629 3649 mam,
650 3592 740 3652 quum
762 3577 787 3636 ei
811 3575 872 3634 bini
894 3577 1005 3651 quique
1024 3575 1150 3637 morem
1172 3578 1202 3634 in
1226 3575 1310 3635 birrae
1333 3579 1500 3654 conspirent
1523 3576 1700 3636 barmoniae.
1734 3569 1872 3650 Querela

530 3662 667 3727 conflictu
689 3670 877 3740 utrarumque
900 3662 1002 3730 cedere
1026 3661 1189 3724 debuerunt
1211 3679 1247 3722 ea
1272 3663 1346 3722 binio
1363 3665 1495 3726 binorum
1519 3663 1701 3741 planetarum
1727 3663 1873 3722 alterutrae

529 3749 709 3827 singulares,
739 3757 772 3810 ut
793 3759 871 3812 atara
893 3758 1014 3827 poeaeut
1036 3749 1217 3812 uuirarealee
1239 3752 1378 3810 omnium.
1423 3751 1527 3820 Potina
1551 3759 1649 3810 autem
1673 3750 1815 3826 majorae,
1836 3743 1873 3801 di·

530 3840 713 3913 vergentium
744 3845 892 3909 niernum,
920 3836 1023 3897 cedere
1054 3836 1232 3908 debuerunt,
1262 3855 1350 3913 quarn
1381 3840 1523 3912 minoren,
1556 3839 1809 3911 conrergenriuur·
1849 3828 1873 3887 si

531 3927 609 3987 euim
638 3923 797 4001 direrguut
825 3925 885 4003 illi,
912 3932 1048 4000 epactam
1079 3925 1168 4000 igitur
1195 3922 1234 3984 ad
1255 3923 1399 4002 ¹pbnatoa
1421 3939 1478 3985 non
1503 3926 1589 4001 bigae
1616 3925 1802 4002 propositae,
1831 3913 1872 3975 ιιι

531 4012 760 4084 univiriam,
789 4020 820 4072 et
840 4015 865 4073 ai
888 4019 1070 4087 convergunt
1093 4011 1140 4084 bi,
1174 4019 1297 4088 vergunt
1321 4013 1408 4089 igitur
1430 4012 1597 4073 alterutrius
1625 4011 1767 4092 planetae
1788 4013 1872 4067 motor

531 4099 570 4164 ad
590 4097 697 4176 reliqui
718 4107 839 4171 motum,
862 4101 1063 4175 permutatim:
1096 4101 1179 4158 utin
1204 4099 1274 4174 biga
1295 4097 1384 4158 Jovie
1407 4107 1437 4159 et
1459 4099 1563 4162 Martie
1588 4097 1666 4158 illiue
1689 4087 1871 4174 aphelineud

532 4186 707 4264 Saturnum,
731 4186 818 4261 bujue
840 4184 998 4261 peribeliue
1021 4185 1059 4245 ad
1081 4184 1236 4248 Tellurem
1254 4189 1363 4264 vergit3
1394 4193 1426 4246 at
1447 4186 1530 4246 illiue,
1549 4185 1708 4264 periboliue
1731 4172 1874 4260 vergnoi

531 4271 673 4346 Mamm,
702 4273 791 4350 lrujue
818 4272 953 4349 upbeliua
983 4272 1021 4331 arl
1051 4271 1169 4334 dovura.
1216 4271 1328 4332 Horum
1358 4275 1461 4350 igitur*
1477 4273 1630 4333 harmonia
1651 4271 1725 4332 ,lovi
1748 4279 1777 4332 et
1798 4263 1872 4327 Marti

532 4361 628 4435 magia
649 4366 696 4422 aut
717 4361 852 4437 propriaq
874 4359 1000 4430 illorum,
1023 4359 1247 4433 divergeutium,
1269 4359 1429 4420 harmonia
1444 4379 1464 4418 a
1478 4357 1557 4419 Jov'e
1580 4369 1610 4420 et
1626 4359 1720 4418 Marte
1733 4355 1873 4436 'quoden-

437 4507 446 4524 ,
532 4445 621 4508 modo
643 4454 690 4508 eat
710 4447 842 4506 alienior.
867 4447 1080 4508 Minotaurum
1102 4445 1274 4506 laedebatur
1296 4449 1420 4506 uniouie·
1435 4450 1521 4520 ratio,
1543 4463 1621 4522 quae
1644 4447 1730 4506 binoa
1754 4454 1782 4505 et
1803 4443 1873 4501 biron

534 4537 648 4596 rieiaua
670 4532 807 4609 colligat,
838 4535 862 4592 ei
884 4533 1006 4594 alienior
1029 4543 1059 4594 et
1081 4536 1219 4593 remotior
1241 4533 1280 4592 ab
1302 4535 1338 4593 iia
1360 4535 1516 4594 harmonia
1537 4534 1775 4607 lamentaretur,
1798 4539 1871 4605 quau

534 4623 559 4683 ai
581 4622 709 4699 proprie,
732 4637 810 4696 quoe
833 4637 874 4680 ee.
891 4629 942 4693 ¹eat
965 4621 1216 4680 interrieinmum
1236 4619 1422 4697 planetarum
1437 4630 1535 4690 metue
1558 4623 1652 4698 magia
1675 4623 1795 4680 ricinos.
1822 4611 1873 4672 Ne·

535 4726 593 4786 qne
614 4715 712 4778 umen
736 4707 824 4770 uelde
847 4723 954 4784 magna
977 4706 1126 4768 luithere
1154 4708 1347 4770 fermentatio.
1393 4709 1519 4768 lavania
1541 4709 1619 4768 enim
1640 4717 1687 4766 eet
1707 4709 1797 4778 ratio,
1824 4713 1870 4775 (ιιι

536 4804 566 4857 et
585 4803 699 4864 amrent
720 4794 891 4856 barmoniae
913 4793 1096 4856 unirerealoe
1112 4797 1241 4854 omniurn
1264 4795 1449 4871 planetarum
1466 4811 1579 4874 eaeque
1595 4795 1795 4854 dbttncmrum
1810 4787 1871 4846 ιιι·

536 4899 602 4952 rum
621 4899 768 4959 generum,
793 4886 824 4944 ot
845 4899 911 4942 cum
927 4881 1193 4959 eliquatamtooie
1208 4881 1373 4951 latitudine,
1389 4899 1466 4960 quae
1482 4882 1587 4944 saltem
1603 4897 1718 4942 comma
1740 4876 1868 4955 amburi

536 4979 566 5028 et
586 4969 752 5045 singulareu
773 4972 862 5033 etiam
880 4969 1019 5031 'binorum
1035 4961 1198 5030 vicinorum
1222 4969 1308 5030 binae
1323 4977 1537 5046 reseraretur,
1560 4969 1796 5046 eonvergentium
1815 4961 1870 5038 qui·

537 5055 604 5116 dem
624 5068 757 5120 motuum
779 5053 808 5117 iu'
830 5063 959 5143 quatuor
981 5057 1066 5132 bigis,
1090 5057 1251 5132 palaemo,
1275 5053 1457 5134 apheliorum
1480 5059 1608 5131 inune,
1631 5056 1827 5134 periboliorum
1845 5048 1867 5103 iu

538 5142 789 5218 deeoraitidem.
808 5146 970 5222 peduclum
992 5144 1217 5226 divergentiuun⁸
1231 5161 1301 5206 rero
1323 5145 1353 5204 in
1367 5153 1495 5226 quatuor
1517 5145 1603 5221 bigla,
1625 5144 1700 5204 inira
1721 5143 1867 5215 dlmreptn·

538 5232 609 5292 tiam
632 5233 720 5304 uniuq
741 5231 866 5307 dieaeoe,
889 5230 1036 5292 intervalli
1059 5232 1180 5306 minimi,
1204 5239 1346 5309 quantum
1368 5231 1498 5293 bumana
1521 5248 1578 5293 vox
1601 5231 1632 5292 iu
1655 5237 1744 5292 cautu
1765 5225 1864 5305 figmrtt
