4242 6384
742 854 922 913 Hermoclela
958 855 1042 913 Liber
1057 854 1108 911 111.
1553 860 1613 923 m

262 1050 344 1092 moon
362 1039 396 1093 at
417 1035 628 1112 impingentem
652 1032 821 1095 emendarit
843 1034 980 1112 quidem,
1010 1042 1042 1095 at
1071 1050 1132 1095 non
1154 1036 1273 1094 omuino
1295 1040 1329 1093 ui
1350 1032 1456 1093 salsam
1478 1034 1612 1111 metulit3

262 1124 351 1195 qeiqm
370 1122 489 1180 aunum
507 1122 653 1198 judicium
675 1140 747 1183 suae
763 1122 901 1199 dignitati
922 1125 1051 1183 restituit
1071 1122 1171 1182 verbis
1192 1130 1222 1181 et
1244 1120 1390 1197 dogmate,
1412 1121 1491 1181 idem
1513 1129 1613 1183 nmen

263 1225 353 1266 nomm
373 1207 520 1288 deseruit,
551 1210 707 1271 inhaerens
741 1218 772 1269 ct
801 1213 866 1288 ipse
896 1210 1138 1289 contemplationi
1170 1226 1355 1269 numerorum
1388 1210 1611 1269 abstracturum.

263 1296 438 1354 eromenion
460 1299 572 1355 numeri
596 1297 837 1375 singularumque
859 1301 1081 1375 proportionum
1111 1296 1347 1357 harmonicorum
1369 1314 1407 1356 ue
1427 1298 1472 1357 sic
1494 1296 1613 1373 quidem

262 1390 295 1441 at
311 1380 475 1459 adaequata
496 1400 551 1443 eoo
574 1385 700 1458 effectui,
721 1384 777 1444 sed
798 1387 828 1443 in
852 1384 1025 1445 denotandis
1046 1386 1249 1445 consonantiis
1273 1370 1385 1456 delicit,
1408 1385 1439 1441 in
1460 1386 1611 1448 concinnis

262 1469 310 1528 eliis
329 1470 453 1529 excedit.
497 1471 595 1548 Negat
617 1471 807 1533 Ptolemaeus
828 1474 998 1545 scamnum,
1021 1474 1124 1533 tertias
1139 1480 1306 1549 rentaeque,
1329 1474 1471 1531 minorem
1494 1480 1524 1531 et
1546 1488 1612 1533 ma·

262 1557 331 1631 joran
351 1556 445 1633 (qnae
466 1561 653 1628 continentur
673 1558 720 1619 bie
742 1560 981 1638 pmportionibus
1002 1562 1024 1619 4
1045 1578 1055 1619 ι
1080 1561 1099 1619 b
1122 1567 1153 1620 ei
1176 1561 1254 1619 oze
1278 1567 1309 1619 ei
1331 1561 1350 1618 b
1373 1578 1381 1615 ι
1404 1556 1436 1638 8)
1458 1576 1523 1620 esse
1538 1576 1611 1621 eon-

265 1660 335 1715 rorua,
356 1644 441 1721 quod
463 1646 610 1707 aidmant
629 1662 734 1707 omues
754 1646 889 1707 hodierni
910 1648 1017 1709 mudd
1039 1647 1115 1708 baua
1135 1646 1241 1723 andtl3
1264 1646 1368 1724 recipit
1389 1648 1518 1707 vicissim
1540 1662 1611 1725 pro-

268 1733 385 1806 portiones
408 1734 455 1791 δι
473 1737 490 1792 7
514 1744 545 1792 et
569 1736 648 1793 '128
670 1735 805 1810 aliasque
827 1737 904 1794 inter
925 1736 1070 1795 concinna
1092 1732 1381 1805 musicaintervalla,
1405 1734 1447 1794 sic
1468 1743 1502 1793 ut
1523 1742 1611 1795 cantu

268 1818 412 1893 mordente
435 1820 476 1881 ab
503 1819 563 1881 UT
579 1822 610 1879 in
633 1818 716 1894 ΡΑ,
738 1829 885 1882 statuatur
912 1821 1014 1897 aliqua
1035 1838 1095 1882 vox
1123 1821 1222 1882 media
1250 1823 1326 1880 inter
1350 1820 1410 1880 itu
1430 1830 1460 1881 et
1482 1818 1549 1895 iiii,
1580 1823 1610 1880 in

266 1907 442 1979 proportione,
472 1924 534 1985 qua
558 1910 575 1966 7
598 1906 713 1968 medius
740 1917 786 1969 eat
814 1912 889 1969 inter
912 1910 930 1969 6
953 1916 983 1968 et
1006 1909 1043 1983 8,
1074 1925 1152 1985 quae
1183 1908 1345 1969 notationis
1374 1924 1465 1969 cauea
1492 1910 1530 1967 sii
1553 1906 1609 1981 RI,

266 1992 348 2067 etjam
370 1997 439 2053 caui
460 1996 557 2073 possit
583 1994 646 2068 UT,
669 1992 727 2071 Iti,
753 1992 828 2076 ΡΑ,
857 1998 935 2057 sicut
958 1996 1025 2056 caui
1047 2003 1146 2073 potest
1175 1992 1236 2069 UT,
1259 1994 1329 2069 RE,
1352 1992 1415 2069 Mi,
1439 1994 1506 2069 Fe,
1531 1995 1611 2072 quod

265 2086 294 2135 esi
310 2081 343 2139 ab
365 2085 499 2142 omnium
521 2082 673 2143 bominum
696 2084 817 2144 auribus
840 2094 870 2144 ct
900 2098 956 2143 usu
979 2083 1103 2143 cauendi
1125 2082 1432 2159 abhorrentiesimum3
1461 2093 1610 2159 utcunque

264 2164 361 2227 mordas
382 2170 427 2229 sio
449 2173 637 2248 attemperari
659 2173 789 2249 possint,
820 2172 931 2251 quippe
962 2188 1057 2249 quae,
1087 2188 1154 2231 cum
1185 2173 1244 2231 siut
1275 2171 1436 2243 inanimae,
1465 2168 1611 2246 jndicium

263 2270 324 2312 nom
343 2272 400 2313 uon
423 2257 627 2335 interponant,
651 2258 705 2319 sed
726 2276 846 2319 manum
866 2260 959 2335 inepti
981 2257 1188 2336 speculatoris,
1211 2256 1382 2318 nullatenus
1402 2266 1608 2335 repugnantes,

263 2348 404 2415 aquuniur.

325 2428 489 2498 Praeterea,
512 2433 538 2489 si
561 2432 686 2491 maxime
711 2430 853 2507 aequales
874 2439 974 2491 essent
994 2430 1152 2491 latitudine
1174 2438 1203 2491 ct
1225 2430 1278 2491 illu
1300 2418 1400 2502 causa,
1424 2448 1460 2490 ex
1482 2435 1610 2493 numeris

263 2513 390 2575 nonacris
413 2520 525 2595 petita,
554 2526 585 2579 et
606 2518 655 2577 bic
678 2518 811 2591 eil'cclus,
842 2520 1071 2593 consonantiae,
1104 2526 1263 2597 possetque
1287 2536 1344 2578 non
1368 2518 1493 2579 ab'eurde
1516 2518 1610 2579 videri

262 2601 429 2681 archetypalis
453 2622 563 2680 causa,
586 2612 698 2664 testans
721 2604 758 2665 de
781 2622 834 2680 eo,
859 2606 938 2683 quod
962 2606 1052 2667 Pater
1073 2622 1183 2681 rerum,
1207 2604 1293 2665 Mens
1317 2613 1450 2679 aeterna,
1473 2620 1610 2667 numeros

262 2685 311 2745 iilos
331 2692 540 2771 contemplata,
571 2691 668 2753 ideam
703 2692 771 2753 inde
806 2693 979 2754 deaumserit
1009 2710 1116 2753 vocum
1146 2692 1442 2769 intervallorumque,
1473 2710 1549 2770 quae
1579 2702 1613 2753 ut

264 2778 342 2836 ruinis
361 2778 498 2839 humanis
530 2764 693 2858 pluc'erent,
725 2782 956 2843 coulormationa
984 2782 1147 2841 animorum
1177 2778 1392 2859 procurandum
1422 2782 1476 2857 ipsi
1510 2780 1608 2843 luerit:

263 2863 363 2923 modom
384 2874 484 2927 tamen
506 2885 553 2929 res
575 2868 651 2929 adeo
674 2876 752 2928 esset
774 2868 898 2945 liquida,
921 2885 972 2928 cur
994 2867 1025 2927 bi
1047 2870 1160 2929 numeri
1187 2870 1215 2939 l,
1239 2871 1269 2941 2,
1293 2868 1323 2942 3,
1346 2870 1376 2941 t,
1401 2868 1432 2947 5,
1455 2868 1546 2929 dctc.
1568 2868 1608 2929 ad

265 2949 389 3013 interualla
408 2956 525 3014 musica
546 2963 736 3030 concurrant,
770 2964 801 3016 at
834 2960 870 3029 i,
902 2959 957 3028 il,
990 2958 1028 3015 13
1058 2963 1089 3015 et
1118 2954 1230 3015 similes
1252 2972 1310 3015 non
1334 2954 1520 3029 concurrant,
1554 2972 1609 3015 nec

265 3032 329 3111 irjn
347 3044 385 3100 rei
407 3059 529 3102 causam
552 3060 587 3103 ex
611 3060 643 3102 se
672 3044 744 3121 ipsis
773 3042 945 3103 exhiberent
974 3044 1088 3103 numeri
1115 3050 1148 3102 ui
1176 3038 1298 3103 numeri.
1344 3042 1419 3101 Nam
1447 3056 1537 3101 cauea
1552 3040 1611 3102 ilia

267 3119 418 3189 deteruario
446 3130 672 3209 principiorum,
706 3137 736 3190 et
768 3130 881 3189 familia
909 3128 1118 3206 quadratorum
1147 3142 1176 3189 et
1206 3130 1346 3189 cuborum
1375 3128 1443 3188 inde
1474 3128 1608 3203 deducta,

266 3224 331 3271 uisa
349 3224 392 3275 esi
412 3216 505 3290 nulla,
530 3234 596 3277 cnm
619 3218 770 3294 quinarius
792 3218 831 3278 ab
854 3216 906 3276 iila
929 3216 1043 3292 exalet,
1068 3218 1119 3295 qul
1141 3218 1198 3277 eibi
1221 3219 1296 3277 inter
1317 3214 1494 3277 musicorum
1517 3218 1609 3278 inter·

268 3296 380 3361 idiomm
401 3312 498 3363 ortum
516 3304 568 3381 jus
591 3306 722 3365 civitatis
744 3306 817 3383 eripi
839 3306 1041 3382 nonpatltur.

327 3386 378 3449 Sed
399 3409 455 3452 uec
476 3392 534 3453 boc
556 3392 699 3452 satisfacit
720 3391 908 3469 speculatori,
932 3391 1013 3467 quod
1036 3392 1101 3463 ecit,
1124 3408 1261 3451 numeros
1288 3395 1315 3463 1,
1340 3394 1369 3465 i,
1394 3392 1412 3451 3
1437 3408 1502 3451 esee
1525 3408 1608 3469 sym-

268 3468 318 3529 bola
337 3480 559 3556 principiorum,
589 3480 697 3555 quibus
729 3497 774 3539 res
806 3478 957 3538 naturales
987 3486 1133 3539 constant.
1178 3478 1369 3538 Intervallum
1394 3480 1471 3537 enim
1494 3495 1540 3538 ree
1564 3486 1610 3539 eei

268 3571 306 3614 ιιι
323 3566 472 3640 naturalis,
499 3566 552 3626 sed
580 3569 776 3642 geometrica3
808 3568 866 3624 niel
893 3566 982 3641 igitur
1011 3566 1043 3625 bi
1066 3567 1177 3625 numeri
1207 3565 1287 3625 aliud
1311 3564 1423 3641 aliquid
1447 3574 1607 3638 numerent,

269 3646 322 3711 iiod
340 3656 429 3727 magis
453 3662 610 3727 cognatum
632 3656 672 3713 eit
692 3651 865 3727 intervallis,
888 3652 999 3713 nuliam
1014 3653 1103 3715 iidem
1124 3652 1318 3731 philosophus
1340 3652 1480 3713 adbibere
1503 3654 1610 3732 poterit

270 3726 314 3791 bric
332 3754 443 3819 caueae,
465 3741 517 3800 sed
540 3758 616 3815 eam,
639 3748 673 3799 ut
693 3758 753 3799 uon
776 3758 905 3806 causam.
929 3751 1096 3817 suspectam
1119 3740 1248 3799 babebit.

328 3821 378 3885 liis
399 3830 489 3903 igitur
512 3828 548 3887 de
571 3830 668 3889 causis
690 3846 748 3905 eqo
771 3830 810 3887 ab
831 3830 918 3889 aronis
939 3830 1046 3903 uiginti
1075 3830 1106 3885 in
1129 3827 1187 3887 boc
1208 3824 1420 3887 elaborandum
1442 3824 1608 3889 miliicen-

270 3907 312 3983 iul,
331 3920 361 3971 ut
379 3914 456 3975 banc
477 3915 699 3979 mathematicas
720 3916 917 3994 physioeaque
940 3922 1052 3990 partem
1075 3914 1262 3975 illustriorem
1283 3912 1450 3987 redderem,
1481 3914 1608 3974 inventis

270 3996 341 4055 uude
359 4001 481 4074 talibus,
503 4020 581 4078 quae
603 4020 641 4064 ex
663 4020 724 4063 uua
745 4012 829 4081 parte
852 4010 883 4063 et
907 4000 1022 4076 jndicio
1044 4004 1159 4061 aurium
1182 4000 1439 4061 satislacerent-in
1461 4002 1607 4061 consiliu·

271 4077 323 4140 ⁵¹⁶⁰
346 4093 597 4151 consonantiarum
626 4098 849 4165 ceterorumque
877 4090 1085 4149 concinuerum
1109 4102 1245 4161 numero,
1276 4104 1331 4148 uec
1352 4085 1430 4147 ultra
1452 4086 1497 4167 id,
1528 4086 1608 4163 quod

271 4172 455 4257 uteremur,
484 4184 685 4253 excurrerent,
713 4196 751 4239 ex
777 4176 870 4239 altera
899 4192 969 4236 uero
997 4184 1081 4253 parte
1111 4174 1221 4235 clarum
1244 4181 1275 4235 et
1296 4182 1431 4253 apertum
1453 4174 1608 4235 discrimen
1711 4194 1713 4199 ·

271 4257 397 4323 noeane·
417 4268 493 4326 iuter
513 4282 667 4339 numeros,
697 4267 748 4341 qui
773 4266 901 4326 formant
931 4262 1088 4323 intervalla
1115 4263 1242 4337 musica,
1272 4264 1404 4339 interque
1432 4260 1545 4322 alienus
1568 4262 1607 4322 ab

273 4332 311 4398 lit
326 4353 451 4428 negoti03
474 4370 552 4426 quae
574 4350 702 4427 denique
724 4360 859 4431 respectu
880 4360 941 4410 tam
962 4350 1124 4427 archetypi,
1147 4366 1235 4426 quam
1258 4352 1378 4422 mentis,
1402 4366 1479 4425 quae
1503 4347 1607 4409 arche·

273 4430 321 4500 ¹ll⁰
345 4439 429 4497 utitor
456 4439 495 4502 ad
525 4438 751 4500 conformandae
779 4439 822 4499 ilii
844 4454 907 4511 ree,
936 4440 1144 4514 cognationem
1174 4454 1241 4497 cum
1272 4435 1436 4500 intervallis
1466 4436 1608 4497 haberent

274 4526 341 4586 aequ,
359 4527 610 4587 verisimilitudine
640 4526 804 4588 clarissima
827 4529 997 4585 niterentur.
1041 4524 1115 4586 Cum
1146 4526 1224 4585 enim
1254 4524 1477 4585 intervallorum
1500 4539 1607 4585 coneo·

275 4611 348 4663 itum
366 4616 477 4673 termini
498 4616 559 4674 sint
579 4614 759 4689 quantitates
780 4616 948 4685 continuae,
971 4629 1077 4673 causas
1093 4629 1220 4688 quoque,
1244 4628 1322 4689 quae
1343 4611 1396 4673 ilia
1410 4618 1567 4687 segregant
1588 4626 1608 4669 a

275 4679 376 4767 lusorie,
396 4708 511 4778 oportet
531 4718 569 4762 ex
588 4700 701 4761 familia
723 4703 784 4777 peti
806 4702 1009 4761 continuarum
1032 4702 1238 4775 quantitatum,
1261 4716 1321 4761 non
1344 4716 1380 4761 cx
1402 4699 1528 4759 ilumeris
1550 4698 1607 4756 ab·

275 4778 371 4856 utute,
398 4796 431 4847 ut
452 4790 619 4863 quantitate
641 4788 783 4862 discreta;
813 4795 842 4849 ct
871 4804 939 4849 cum
960 4804 1042 4849 mena
1065 4788 1120 4859 sii,
1151 4804 1228 4862 quae
1257 4789 1370 4845 animos
1397 4784 1542 4845 humanos
1564 4785 1608 4845 sic

277 4862 441 4954 elillisionem,
462 4884 497 4954 ut
516 4876 575 4937 boc
590 4874 746 4937 intervallo
762 4874 976 4936 delectarentur
998 4870 1092 4955 (quae
1115 4881 1160 4933 eet
1182 4874 1310 4948 genuina
1332 4872 1462 4933 delinitio
1484 4872 1606 4933 cousoui

276 4952 297 5001 et
310 4948 420 5039 dissoni),
443 4962 622 5025 differentias
643 4978 762 5039 quoque
785 4964 872 5039 unius
895 4964 934 5023 ab
956 4961 1065 5032 altero,
1090 4968 1120 5021 et
1142 4978 1263 5031 musas,
1287 4961 1394 5036 quibus
1417 4960 1492 5020 baec
1515 4960 1606 5019 inter·
1648 4990 1651 4999 ,

277 5031 332 5096 '⁸¹¹⁸
348 5042 411 5109 lunt
432 5049 621 5126 harmonica,
651 5050 809 5113 mentalem
841 5056 872 5111 et
897 5046 1125 5109 intellectualem
1151 5049 1309 5107 essentiam
1339 5048 1447 5107 babere
1471 5052 1604 5124 oportctr
1720 5080 1724 5093 ·

278 5118 377 5190 linirem
395 5137 487 5217 banc,
520 5136 600 5215 quod
628 5140 742 5209 termini
772 5154 966 5197 consonomm
995 5134 1215 5196 intervallorum
1243 5136 1359 5213 propria
1385 5133 1504 5197 scibiles
1526 5142 1604 5207 suut,

280 5200 423 5285 liliibortrus
444 5231 499 5285 aut
518 5228 674 5304 improprie
694 5216 815 5285 scibiles
837 5230 890 5285 aut
910 5224 1069 5285 luscibiles.
1114 5222 1191 5282 Nam
1205 5224 1231 5281 si
1251 5222 1371 5283 scibiles
1392 5220 1444 5297 illi,
1467 5224 1497 5282 in
1519 5237 1605 5282 men·
1705 5238 1713 5249 ·

280 5295 319 5355 ‘⁰⁰
334 5302 409 5380 igion
428 5314 530 5378 renim
551 5322 583 5376 ct
603 5310 642 5375 ad
664 5304 903 5377 conformandum
917 5312 1108 5399 ueootypuu
1129 5309 1254 5377 sonaci
1275 5314 1415 5397 passuum
1437 5310 1484 5372 sin
1503 5316 1604 5377 eumue
