4242 6384
517 714 582 774 280
911 707 955 764 De
972 707 1094 764 Motibus
1110 706 1285 766 Planetarnm
1302 703 1481 762 Harmonicis.

517 886 665 964 noncnplo
688 885 842 946 mediocris
857 876 1024 946 'distantiae
1046 883 1173 946 Telluris
1202 883 1321 944 aSele.
1366 884 1464 961 Hujus
1492 883 1684 946 theorematis
1709 887 1864 944 usosinlra

518 991 584 1051 cap.
609 979 638 1036 9.
663 977 844 1034 necessarius
868 977 922 1033 erit
944 973 982 1054 ad
1005 972 1282 1032 demonstrationem
1307 975 1564 1040 eccentrieitatum,

603 1095 697 1154 Nouo.
743 1095 774 1154 Si
793 1095 857 1171 jam
876 1095 944 1171 ipsa
965 1095 1120 1152 verissima
1136 1095 1240 1154 itinera
1255 1091 1358 1151 diurna
1374 1095 1516 1171 cujusque
1537 1093 1676 1169 planetae
1701 1111 1756 1170 per
1778 1112 1867 1153 auram

517 1180 683 1242 aetheream
706 1181 809 1242 cadem
838 1181 931 1242 veluti
960 1179 1138 1258 decempeda
1160 1180 1288 1238 volneris
1316 1183 1419 1250 metiri,
1445 1181 1668 1258 conjtmgendae
1698 1189 1787 1240 erunt
1808 1199 1868 1258 pro·

517 1267 664 1344 portiones
688 1269 772 1343 duee,
798 1287 856 1353 une
878 1269 1046 1328 diumormn
1069 1285 1188 1326 arcuum
1211 1269 1364 1326 eceentrici
1387 1285 1519 1344 rarorum
1545 1264 1618 1349 (non
1643 1265 1869 1348 apparentium),

418 1369 423 1383 ·
515 1354 607 1425 altera
629 1357 850 1416 intervallorum
872 1356 1015 1432 cujusque
1037 1374 1055 1433 a
1078 1354 1148 1415 Sole
1171 1353 1369 1426 mediocrium,
1393 1357 1464 1431 quia
1486 1355 1590 1415 eadem
1613 1364 1659 1415 est
1682 1365 1714 1414 et
1736 1355 1869 1432 amplitu-

517 1440 593 1500 dinis
616 1444 746 1516 orbium,
778 1443 835 1504 hoc
864 1451 925 1515 est,
955 1439 1280 1520 mnltIplicandus
1313 1437 1502 1519 cujusque
1533 1441 1722 1518 planetae
1757 1461 1869 1500 arcus

516 1545 628 1589 verus
656 1531 816 1589 dlurnns
849 1533 889 1588 in
916 1531 975 1588 sui
1006 1530 1117 1588 orbis
1147 1527 1492 1588 s'emidiame'trum:
1526 1545 1584 1606 quo
1613 1531 1693 1589 lacto
1719 1529 1872 1606 prodibunt

517 1617 630 1704 numeri
656 1617 770 1688 idoneis
789 1618 827 1676 ad
858 1616 1086 1694 exquirendum,
1119 1631 1190 1674 num
1224 1615 1275 1694 illu¹
1308 1618 1413 1678 itinera
1443 1618 1553 1676 taciani
1575 1619 1789 1694 proportiones
1812 1617 1871 1674 har-

516 1720 657 1763 monrcaa.

604 1807 737 1867 Decimo.
781 1803 823 1869 Ut
844 1825 913 1866 vero
936 1807 1056 1880 habeas,
1080 1812 1220 1884 quantem
1244 1805 1398 1882 quodlibet
1419 1805 1521 1866 talium
1546 1805 1719 1867 diurnorum
1744 1811 1871 1868 itinerum

518 1895 610 1954 saciat
632 1895 848 1971 apparentiam,
882 1895 967 1954 oculo
994 1894 1077 1954 velut
1104 1897 1133 1952 in
1156 1893 1225 1952 Sole
1259 1892 1419 1966 collocato,
1450 1897 1504 1952 atsi
1535 1893 1591 1953 hoc
1615 1896 1693 1955 idem
1720 1914 1760 1954 ex
1785 1903 1870 1954 astro-

516 1983 617 2047 nomia
637 1988 735 2058 potest
756 1979 923 2041 immediate
945 1985 1022 2059 peti,
1059 1989 1155 2040 tamen
1180 1983 1267 2038 etiam
1290 1983 1333 2040 sic
1355 1982 1483 2060 patebit,
1516 1985 1543 2040 si
1564 1980 1717 2042 addideris
1743 1984 1870 2041 itlnerum

515 2070 695 2147 proportioni
718 2070 934 2146 proportionem
958 2086 1089 2128 eversam
1113 2067 1332 2128 intervallorum
1355 2085 1412 2126 non
1437 2067 1616 2144 mediorum,
1651 2071 1706 2129 sed
1733 2087 1871 2138 verorum,

519 2173 596 2234 quae
619 2163 688 2214 snat
710 2158 816 2231 quovis
838 2155 905 2225 locp
928 2157 1169 2226 eccentricornm,
1200 2153 1467 2232 multiplicato
1491 2157 1633 2216 itinere
1655 2159 1871 2234 superioris

516 2246 552 2300 in
575 2243 837 2303 intervallum
860 2241 1070 2320 inferioris,
1088 2260 1107 2300 a
1128 2240 1218 2302 Sole
1241 2250 1274 2301 et
1296 2243 1471 2301 vicissim
1500 2243 1644 2304 itinere
1675 2245 1872 2303 inferioris

516 2332 553 2388 in
576 2327 830 2390 intervallum
852 2331 1072 2406 superioris
1095 2345 1113 2404 a
1136 2326 1232 2408 Sole.

603 2431 774 2494 Undecimo.
819 2432 881 2492 Nec
909 2435 1006 2491 minus
1039 2433 1129 2492 etiam
1158 2449 1194 2489 ex
1230 2431 1305 2490 datis
1333 2433 1460 2492 motibus
1491 2436 1722 2512 apparentibus,
1760 2433 1868 2512 aphelio

516 2521 603 2581 unius
626 2530 656 2580 et
678 2519 819 2598 perihelio
841 2519 979 2593 alterius,
1010 2518 1059 2578 vel
1083 2520 1211 2576 vicissim
1234 2518 1398 2592 alternisve,
1422 2523 1624 2598 proportiones
1647 2522 1809 2582 eliciuntur
1832 2524 1867 2576 io-

516 2607 704 2668 tervallorum
736 2607 846 2685 aphelii
878 2609 963 2669 unius
993 2606 1031 2665 ad
1065 2605 1237 2683 perihelium
1255 2605 1411 2681 .alterins;
1445 2609 1496 2664 ubi
1518 2617 1615 2668 tamen
1638 2609 1757 2669 medlos
1782 2618 1868 2666 motus

516 2702 632 2774 oportet
653 2712 717 2756 esse
739 2697 959 2772 praecognitos,
990 2711 1031 2754 ac.
1054 2695 1271 2771 proportionem
1300 2691 1512 2770 periodicorum
1541 2703 1706 2774 temporum
1726 2713 1866 2771 ¹eversam,

517 2801 553 2843 ex
576 2783 683 2858 quibus
706 2781 819 2843 elicitur
842 2783 955 2842 orbium
977 2782 1135 2860 proportio,
1160 2797 1211 2858 per
1232 2797 1310 2838 num.
1327 2779 1409 2838 VIII.
1426 2784 1631 2858 praemissum:
1655 2793 1728 2844 tanc
1752 2795 1868 2843 sumto

515 2869 643 2931 medio
673 2868 978 2948 proportionali¹
999 2870 1098 2926 inter
1130 2876 1276 2926 motum
1312 2866 1537 2928 alterutrum
1559 2879 1867 2950 apparentemet

516 2973 622 3018 suum
650 2956 830 3031 medium,
858 2957 903 3014 iit
932 2963 971 3014 ut
1001 2955 1071 3014 hoc
1102 2954 1264 3016 medium
1297 2955 1587 3032 proportionale
1619 2957 1664 3018 ad
1687 2958 1867 3019 semidia-

518 3053 681 3104 metrnm
703 3045 822 3124 orbis,
850 3044 911 3120 jam
934 3042 1130 3121 patefactam,
1165 3043 1224 3100 sic
1246 3041 1392 3100 medina
1416 3051 1537 3102 motus
1568 3043 1614 3104 ad
1645 3033 1867 3106 distantiam

472 3187 476 3197 ,
516 3131 576 3196 rel
599 3129 847 3196 interuallum
870 3131 1098 3208 quaesitum.
1130 3127 1195 3188 Sint
1218 3123 1339 3188 duorum
1362 3128 1546 3206 planetarum
1568 3133 1721 3210 periodica
1746 3143 1867 3209 tempora

517 3221 559 3276 27
584 3225 613 3277 et
636 3219 674 3291 8,
705 3235 774 3294 ergo
797 3217 886 3276 medii
909 3224 1005 3276 motus
1035 3215 1130 3274 diurni
1164 3217 1242 3275 illius
1276 3215 1413 3276 adhunc
1436 3223 1480 3276 est
1503 3217 1572 3292 illa,
1606 3237 1683 3296 quae
1714 3221 1733 3280 8
1765 3219 1802 3280 ad
1825 3220 1866 3288 27,

517 3323 607 3380 qnare
631 3313 715 3364 erunt
736 3305 942 3364 semidiametri
974 3303 1088 3362 orblum
1119 3309 1152 3361 ut
1175 3305 1192 3362 9
1217 3301 1256 3376 ad
1278 3305 1307 3361 4.
1353 3302 1428 3362 Nam
1459 3303 1541 3364 radix
1573 3307 1677 3366 cubica
1709 3301 1752 3365 27
1779 3306 1865 3374 esti,

516 3391 553 3452 de
578 3393 597 3450 8
621 3398 665 3451 est
688 3394 727 3465 2,
758 3390 863 3452 barum
886 3390 1016 3452 radicum
1039 3393 1058 3448 3
1083 3397 1112 3450 et
1136 3391 1154 3447 2
1179 3389 1322 3466 quadrata
1344 3399 1412 3452 sunt
1436 3393 1454 3450 9
1479 3399 1508 3451 et
1531 3395 1559 3452 4.
1605 3393 1671 3452 Sim
1690 3395 1757 3470 jam
1780 3399 1865 3452 motus

516 3485 708 3558 apparentes,
743 3479 878 3556 aphelius
903 3480 988 3537 unius
1010 3479 1030 3546 2
1053 3485 1096 3536 et'
1112 3477 1271 3553 perihelius
1300 3477 1421 3538 alterius
1445 3473 1539 3561 33¹),
1584 3480 1686 3540 Media
1706 3482 1864 3560 proportio-

515 3565 596 3626 nalia
619 3569 693 3625 inter
714 3574 811 3624 motus
833 3564 945 3626 medios
969 3567 987 3624 8
1011 3571 1040 3626 et
1064 3567 1105 3624 27
1129 3571 1158 3624 ct
1180 3565 1234 3623 hos
1257 3573 1430 3642 apparentes
1453 3575 1537 3626 eruut
1559 3570 1579 3624 4
1599 3575 1628 3628 et
1652 3571 1703 3629 30.
1751 3569 1782 3628 Si
1807 3581 1865 3640 ergo

515 3652 644 3714 medium
668 3656 687 3711 4
711 3653 762 3711 dat
785 3651 959 3719 mediocrem
992 3651 1160 3712 distantiam
1191 3651 1326 3730 planetae
1352 3655 1385 3725 9,
1418 3661 1487 3712 tunc
1515 3653 1628 3713 medius
1660 3662 1761 3716 motus
1784 3656 1801 3714 8
1824 3651 1865 3710 dat

516 3741 666 3818 aphelinm
688 3740 944 3813 intervenerint,
967 3737 1147 3818 respondens
1170 3737 1436 3817 apparenti'motui
1452 3743 1488 3816 23
1512 3729 1542 3800 et
1557 3743 1581 3802 si
1598 3742 1726 3801 medinm
1751 3742 1863 3802 alterum

516 3830 558 3888 30
582 3827 634 3888 dat
656 3828 832 3888 mediocrem
855 3827 1023 3887 distantiam
1045 3825 1165 3886 alterius
1187 3826 1323 3905 planetae
1339 3829 1366 3900 4,
1391 3836 1460 3887 tunc
1482 3829 1594 3890 medius
1617 3823 1696 3889 illins
1718 3839 1814 3890 motus
1830 3829 1863 3883 27

516 3915 568 3976 dat
590 3915 763 3993 perihelium
788 3915 865 3975 illius
887 3903 1074 3974 intervallum
1100 3912 1167 3996 393,
1213 3913 1288 3974 Dico
1311 3916 1407 3990 igitur,
1431 3915 1598 3974 distantiam
1621 3913 1772 3994 apheliam
1795 3914 1862 3973 illim

517 4019 582 4062 ease
606 4003 644 4062 ad
667 3999 844 4080 periheliam
861 4002 958 4079 hujus,
983 4009 1016 4061 ut
1042 4003 1080 4060 18
1103 4001 1142 4060 ad
1166 3999 1239 4085 3²75.
1286 4002 1326 4059 liu
1352 4019 1410 4078 quo
1433 4010 1523 4080 patet,
1548 4003 1626 4080 quod
1649 4007 1780 4065 iubentis
1802 4003 1861 4060 har·

517 4091 622 4150 moniis
644 4092 718 4149 inter
740 4098 837 4149 motus
860 4099 1004 4150 extremos
1032 4089 1167 4152 binorum
1191 4097 1220 4147 et
1250 4088 1402 4164 periodicis
1436 4092 1615 4168 temporibus
1646 4095 1763 4168 uitrique
1786 4104 1860 4168 prae-

515 4179 647 4254 scriptis,
679 4180 891 4239 necessitentur
920 4175 1079 4264 interualla
1111 4185 1241 4236 extrema
1270 4183 1299 4234 et
1328 4177 1498 4252 mediocria,
1532 4195 1624 4255 quare
1654 4182 1745 4240 etiam
1768 4193 1860 4240 cccco·

517 4266 668 4324 tricitates.
1577 4292 1582 4302 ·

602 4366 795 4448 Duodecimo.
840 4367 935 4428 Datur
963 4370 1060 4442 etiam,
1094 4385 1130 4427 er
1161 4368 1248 4426 nnius
1281 4374 1308 4426 et
1333 4367 1466 4443 ejusdem
1493 4368 1632 4446 planetae
1660 4347 1789 4430 mbtibns
1815 4383 1858 4424 ax·

514 4457 615 4517 usmis
629 4454 753 4513 dirersis
769 4457 899 4515 invenire
921 4463 1055 4514 motum
1079 4452 1241 4514 medium.
1265 4453 1323 4514 Hic
1338 4457 1415 4515 enim
1430 4474 1487 4514 non
1511 4459 1641 4534 praecIse
1663 4466 1708 4518 est
1729 4447 1856 4517 arithme-

516 4543 607 4602 ticum
630 4541 759 4600 medium
780 4543 856 4601 inter
877 4551 975 4617 motus
997 4551 1158 4613 extremos,
1188 4559 1242 4600 nec
1263 4545 1394 4618 praecise
1417 4543 1544 4605 medium
1566 4548 1792 4621 geometricum,
1813 4535 1856 4598 scd

515 4637 598 4708 tanto
620 4631 714 4688 minor
735 4631 914 4706 geometrico
936 4629 1049 4703 medio,
1082 4635 1192 4704 quanto
1215 4627 1343 4688 lucedium
1366 4634 1572 4705 geometricum
1595 4634 1691 4692 minus
1713 4643 1760 4691 est
1781 4643 1854 4705 quam

515 4716 647 4777 medium
675 4719 751 4776 inter
781 4724 946 4792 utrumque.
991 4720 1057 4776 Sint
1086 4716 1144 4776 duo
1174 4723 1271 4774 motus
1300 4719 1419 4778 extremi
1443 4719 1514 4778 gret
1539 4720 1596 4792 10,
1629 4719 1742 4778 medius
1772 4723 1854 4778 motus

517 4807 571 4862 erit
592 4805 686 4862 minor
709 4815 797 4885 qnam
822 4806 858 4878 9,
881 4805 975 4864 minor
996 4806 1084 4886 etiam
1108 4820 1196 4880 quarn
1219 4802 1302 4862 radix
1326 4805 1361 4864 de
1386 4805 1444 4882 80,
1468 4804 1587 4865 dimidio
1610 4807 1689 4882 ejus,
1722 4804 1797 4884 quod
1817 4803 1852 4859 est

515 4891 592 4950 inter
620 4898 790 4968 unumque,
823 4893 841 4952 9
875 4899 905 4952 et
937 4892 999 4952 rad.
1031 4890 1068 4951 de
1093 4892 1143 4950 80.
1188 4890 1234 4949 Ita
1265 4894 1290 4950 si
1320 4894 1359 4950 sit
1385 4892 1519 4967 aphelins
1544 4895 1602 4962 20,
1633 4888 1850 4970 perimenti,

516 4972 613 5036 motus
635 4979 749 5038 medina
771 4981 826 5044 erit
847 4981 940 5039 minor
962 4997 1051 5057 quam
1075 4981 1131 5053 22,
1165 4980 1259 5038 minor
1282 4982 1370 5039 etiam
1394 4997 1482 5054 quam
1505 4981 1587 5040 radix
1611 4979 1646 5040 de
1670 4984 1748 5055 480,
1779 4975 1850 5037 dini·

518 5062 567 5123 dio
590 5065 668 5139 ejus,
702 5065 781 5143 quod
809 5075 855 5127 eet
883 5070 959 5152 inter
987 5067 1064 5130 hanc
1092 5064 1221 5130 radicem
1250 5071 1280 5130 et
1303 5061 1353 5128 22.
1398 5065 1495 5144 Hujus
1520 5068 1707 5152 theorematis
1730 5085 1797 5129 usus
1815 5065 1850 5122 til

517 5154 547 5217 iu
568 5155 712 5229 sequenti,
