4242 6384
528 760 591 827 ιιι
1128 755 1274 828 appendix

526 935 680 1014 simplicia,
702 953 779 1012 quae
800 935 872 995 mihi
894 944 963 996 sunt
977 938 1120 998 concinna
1142 937 1263 996 minima
1278 933 1409 1010 dissona,
1432 942 1520 996 tonas
1536 935 1641 1012 major,
1663 936 1760 1006 minor,
1779 938 1845 996 nemi·
1887 997 1888 1000 ,

528 1026 649 1098 toninm,
673 1023 778 1098 diesisp
808 1023 868 1082 alia
889 1024 954 1083 uuit
976 1043 1040 1084 essa
1064 1041 1101 1084 ex
1122 1019 1169 1084 his
1193 1025 1372 1100 composita,
1405 1040 1484 1099 quae
1508 1039 1564 1098 ego
1592 1025 1789 1082 consonantias
1808 1043 1847 1102 ap
1887 1045 1888 1110 p

526 1111 615 1188 pello.
661 1112 751 1186 Atqui
777 1114 953 1170 seutentiam
980 1112 1056 1170 hanc
1085 1121 1232 1184 ueterum,
1267 1109 1343 1186 quod
1367 1113 1578 1170 consonantiae
1609 1123 1807 1186 componantur
1823 1129 1848 1170 ιι

526 1197 691 1258 intervallis
709 1199 870 1257 minoribus
891 1207 1031 1276 tanquam
1052 1207 1158 1258 natnua
1181 1198 1337 1276 prioribus,
1362 1214 1417 1272 ego
1433 1198 1561 1258 refutari
1584 1213 1721 1275 expresse
1735 1200 1851 1273 capitol.

525 1287 585 1344 mei
605 1285 678 1344 libri·
694 1285 757 1355 ΙΙΙ,
789 1293 924 1359 ostenso,
956 1285 1036 1362 quod
1066 1288 1180 1355 minora
1210 1287 1397 1344 econtrario
1430 1287 1559 1344 oriantur
1587 1301 1623 1344 ex
1651 1287 1781 1343 consonis
1803 1303 1852 1344 sese

526 1373 697 1449 majoribus.
715 1376 789 1445 (ιι.)
829 1372 929 1433 Tertio
951 1373 1027 1437 libro
1041 1373 1170 1451 explicet
1184 1381 1314 1450 systema
1329 1389 1381 1430 seu
1398 1372 1509 1431 scalam
1524 1375 1677 1444 musicam,
1702 1389 1773 1446 quae
1786 1390 1854 1448 prae-

528 1461 616 1537 cipua
635 1478 704 1536 pars
727 1469 772 1518 est
793 1461 852 1519 mei
874 1460 941 1521 libri
964 1461 1018 1520 ΙΙΙ.
1043 1479 1063 1520 a
1086 1476 1150 1538 cap.
1175 1463 1203 1518 4.
1228 1477 1320 1535 usque
1344 1457 1381 1518 sd
1406 1459 1435 1519 9.
1480 1457 1598 1534 Reliqui
1625 1467 1751 1534 quatuor
1772 1469 1854 1518 aricte-

526 1549 565 1606 ris
587 1547 654 1606 iibri
676 1549 779 1624 praxin
801 1545 921 1620 babent,
943 1565 1033 1622 quam
1055 1563 1111 1620 ogo
1134 1563 1171 1606 ne
1193 1549 1305 1623 attingo
1329 1545 1456 1622 quidem.
1502 1545 1576 1605 Nam
1604 1547 1633 1604 in
1658 1545 1712 1604 IV.
1736 1545 1770 1604 de
1790 1563 1854 1604 men

525 1651 594 1692 sura
615 1643 712 1694 taetus
735 1639 860 1709 ajunqna
881 1634 975 1696 modis
999 1637 1088 1694 variis
1111 1643 1141 1694 et
1163 1633 1262 1694 nalore
1285 1641 1419 1692 notarum
1442 1649 1493 1710 per
1509 1650 1561 1692 eos
1581 1635 1737 1709 praecipit,
1760 1633 1792 1692 de
1811 1652 1854 1708 qun

526 1738 582 1797 ego
605 1719 732 1800 paucula
754 1720 807 1778 lib.
828 1721 883 1782 Ill.
907 1739 971 1798 cap.
999 1723 1045 1780 ib.
1078 1720 1256 1780 etlib.1V.
1280 1737 1343 1798 cap.
1370 1721 1398 1780 3.
1422 1723 1510 1792 (vii.)
1552 1721 1586 1779 Ιι
1609 1719 1646 1778 V.
1680 1720 1769 1778 habet
1788 1739 1855 1795 prae·
1887 1741 1888 1778 i

529 1816 615 1884 cepta
644 1810 852 1884 compositoris
881 1818 985 1869 cantus
1005 1809 1139 1886 figurati,
1169 1825 1257 1883 quam
1280 1816 1373 1866 artem
1405 1825 1461 1884 ego
1493 1823 1551 1866 non
1574 1807 1723 1885 profiteor.
1767 1807 1796 1866 ln
1817 1809 1854 1864 it
1887 1837 1888 1844 ι

525 1897 653 1954 excurrit
674 1897 763 1954 etiam
786 1895 824 1954 od
846 1897 930 1956 varia
951 1898 1144 1958 instrumenta
1164 1897 1292 1968 musica,
1324 1894 1490 1970 dequibus
1513 1911 1568 1970 ego
1597 1911 1634 1954 ne
1658 1897 1785 1970 cogitari
1805 1898 1855 1970 qui·
1887 1917 1888 1954 ι

527 1981 604 2042 dem.
650 1982 684 2040 ln
707 1981 777 2040 Vll.
801 1981 926 2059 denique
948 2000 1058 2042 novum
1082 1986 1305 2042 instrumentum
1328 1984 1391 2058 ipse
1414 1984 1518 2058 aperit
1535 1988 1624 2054 (vlu.)
1666 1981 1702 2040 In
1725 1981 1768 2040 bis
1789 1985 1856 2056 igitur
1887 2003 1888 2040 i

528 2072 548 2126 t
570 2071 726 2144 postremis
748 2067 798 2127 ille
819 2072 864 2129 sic
884 2088 905 2129 a
926 2087 973 2131 ms
995 2070 1099 2143 differt,
1124 2079 1156 2128 nt
1177 2072 1323 2146 practicus
1346 2068 1552 2142 atheoretico,
1576 2085 1644 2128 nam
1659 2084 1715 2145 pro
1731 2085 1774 2140 eo,
1795 2069 1856 2144 quod
1887 2087 1888 2162 q

527 2157 591 2232 ipse
615 2155 702 2215 docet
723 2172 898 2233 componere
920 2157 1013 2218 melos
1035 2157 1161 2234 plurium
1185 2173 1299 2228 uoctrm,
1326 2173 1381 2232 ego
1404 2155 1667 2216 demonstrationes
1690 2155 1857 2216 mathemati-
1887 2173 1888 2216 i

530 2259 582 2300 eas
604 2245 746 2302 concinno
768 2245 982 2321 plerorumque,
1004 2261 1082 2320 quae
1105 2242 1274 2303 naturaliter
1297 2247 1395 2302 insunt
1419 2245 1447 2304 in
1471 2251 1559 2304 cantu
1581 2251 1641 2318 ιιιι
1657 2241 1770 2301 uberali
1790 2261 1858 2318 quau
1887 2263 1888 2302 l

526 2328 662 2406 dgnroto.
676 2335 743 2403 (lx.)
777 2331 938 2407 Propterea
958 2334 1047 2392 etiam
1071 2335 1099 2388 iu
1123 2333 1215 2407 ipsius
1238 2347 1325 2407 opere
1346 2329 1487 2406 plurimae
1505 2339 1574 2388 sunt
1587 2332 1739 2407 picturata3
1763 2333 1789 2388 in
1809 2349 1858 2389 meo
1887 2353 1888 2388 i

530 2415 744 2494 diagrammata
771 2419 978 2481 mathematica
1003 2419 1096 2477 literis
1127 2421 1277 2478 instructa.
1297 2423 1357 2490 (x.)
1398 2417 1508 2477 Videas
1530 2419 1635 2496 etiem,
1666 2419 1765 2492 ipsum
1786 2417 1858 2493 pluri·
1887 2443 1888 2476 i

529 2521 609 2562 mum
632 2503 769 2567 delectari
794 2523 887 2566 rerunt
910 2507 1127 2581 aenigmatibus
1149 2504 1328 2579 tenebrosis,
1360 2521 1425 2564 cum
1450 2523 1505 2580 ago
1527 2521 1573 2564 res
1597 2508 1678 2582 ipsas
1702 2495 1859 2563 obscuritate
1887 2529 1888 2564 i

528 2590 676 2652 insolutas
698 2593 728 2652 in
750 2591 847 2654 lucem
868 2593 1036 2660 intellectus
1057 2591 1190 2668 prolerre,
1207 2593 1294 2652 nitar.
1337 2590 1415 2650 Illnd
1439 2591 1557 2668 quidem
1580 2591 1727 2652 familiare
1750 2592 1858 2668 estchy·
1887 2635 1888 2648 ,

533 2680 632 2750 micis,
655 2677 836 2754 hermetiois,
860 2680 1073 2752 Paraoelsistis,
1096 2680 1153 2740 hoo
1175 2683 1322 2756 proprium
1345 2677 1455 2738 habent
1477 2679 1686 2740 mathematici.
1710 2684 1778 2750 (xi.)

615 2765 761 2842 Adeoque
787 2769 875 2827 etiam
897 2767 981 2828 libris
1003 2767 1042 2826 ΙΙ.
1067 2775 1096 2825 ιι
1118 2765 1178 2839 ΙΙΙ,
1212 2768 1262 2825 ιιι
1277 2814 1278 2820 ,
1296 2765 1419 2826 eandem
1449 2783 1563 2826 naccum
1590 2774 1698 2827 tractat
1719 2768 1858 2832 materian,

528 2852 587 2913 hoc
608 2852 783 2916 discriminis
805 2862 851 2914 ιιι
872 2857 947 2915 inter
968 2871 1036 2924 nos,
1069 2853 1149 2928 quod
1172 2871 1248 2930 quac
1271 2857 1334 2930 ipse
1358 2855 1527 2912 transsumit
1549 2873 1567 2914 a
1591 2857 1755 2925 veteribus,
1786 2868 1859 2928 egos

526 2957 621 3000 rernm
643 2950 750 3000 natura
771 2958 841 3001 eruo
864 2950 893 3001 et
916 2943 955 3002 ab
977 2943 1050 3018 ipsis
1073 2940 1268 3000 fundamentis
1291 2941 1455 3018 eonstituo;
1480 2943 1562 3016 ipse,
1592 2959 1667 3016 quae
1689 2944 1816 3017 accepit,
1837 2957 1860 2994 tu

526 3029 649 3088 contusa
672 3023 807 3109 (propter
838 3031 987 3088 variantes
1014 3027 1190 3088 tradentium
1212 3023 1390 3108 sententiae)
1413 3037 1442 3088 ιι
1471 3029 1633 3088 ἱιιοπιιιι
1657 3037 1795 3105 usurpat,
1820 3043 1861 3098 eun

526 3114 655 3175 naturali
678 3115 780 3174 ordine
802 3115 943 3194 procedo,
973 3124 1006 3175 ut
1028 3117 1127 3174 omnia
1148 3114 1307 3176 secundum
1335 3112 1424 3190 leges·
1440 3123 1561 3175 naturae
1583 3119 1642 3173 sint
1665 3115 1817 3175 emendata
1841 3122 1862 3169 ιι
1887 3161 1888 3170 ,

529 3201 662 3260 conlusio
684 3205 809 3276 nitetur,
842 3202 977 3278 adeoquo
1004 3201 1183 3276 nequidem
1212 3201 1250 3260 ad
1274 3211 1407 3285 veterum
1429 3203 1539 3278 placita
1568 3201 1686 3279 applico
1711 3206 1860 3266 constituta,
1887 3239 1888 3260 ι

527 3289 583 3346 nisi
606 3289 657 3348 ubi
680 3289 813 3348 conlusio
835 3289 1176 3365 nullasequitur.(xl1.)
1213 3287 1275 3361 lta,
1307 3289 1357 3348 ubi
1391 3305 1447 3364 ego
1475 3297 1590 3350 veteres
1619 3298 1758 3366 expresse
1786 3289 1860 3346 reiuto
1887 3317 1888 3344 n

527 3372 684 3436 decausis
707 3375 978 3436 concordantiarum
1002 3375 1186 3447 disserentes,
1210 3375 1252 3434 ibi
1275 3374 1326 3435 illa
1347 3383 1462 3437 veteres
1485 3377 1557 3435 citra
1569 3376 1765 3437 dubitationis
1785 3375 1861 3434 alcun
1887 3395 1888 3432 t

528 3463 670 3536 sequitur,
695 3461 730 3522 de
754 3466 851 3524 causis
875 3463 1037 3522 verioribus
1056 3479 1095 3520 ne
1119 3463 1230 3533 cogitat
1253 3462 1379 3537 quidam.
1395 3469 1485 3534 (xiii.)
1532 3461 1596 3523 Uno
1615 3465 1715 3536 uerbo,
1741 3468 1769 3521 in
1791 3462 1862 3520 disci·
1887 3485 1888 3518 t

528 3547 609 3626 [ilina
631 3549 801 3609 harmonica
823 3550 896 3608 ulter
919 3546 1071 3609 nrdsicuuu
1089 3552 1151 3627 agit
1174 3548 1307 3609 vocalem
1334 3558 1365 3610 ιι
1387 3539 1653 3624 instrumentalem,
1686 3553 1762 3611 alter
1783 3549 1861 3627 philu-
1887 3575 1888 3610 ι

527 3635 652 3712 sopbnrn
675 3646 706 3696 ιι
727 3637 974 3700 mathematicum.
1359 3666 1362 3672 ·
1887 3657 1888 3692 i

616 3723 685 3783 Jam
708 3724 746 3783 sd
769 3725 894 3785 alterum
916 3724 1045 3784 auctoris
1066 3722 1162 3783 locunt
1188 3730 1384 3794 transeamus,
1417 3723 1466 3782 ubi
1495 3725 1636 3782 musicam
1660 3723 1710 3784 ille
1742 3726 1770 3782 in
1793 3737 1862 3779 muu-
1887 3763 1888 3780 ,

530 3810 601 3869 dum
623 3811 789 3870 introducit.
834 3811 893 3872 Hie
914 3829 985 3870 vero
1008 3813 1134 3870 immane
1157 3819 1298 3886 quantum
1321 3811 1464 3868 internos
1480 3809 1633 3869 discrimen
1652 3823 1706 3871 ιιι
1753 3812 1862 3869 Primum
1887 3823 1888 3868 i

528 3915 603 3972 quas
625 3898 675 3958 ille
697 3898 864 3963 harmonias
894 3898 1000 3958 doecre
1029 3897 1168 3971 intendit,
1201 3915 1254 3956 ene
1276 3905 1345 3956 sunt
1376 3899 1446 3961 mari
1475 3897 1673 3973 symbolisnn,
1707 3898 1744 3956 da
1772 3897 1861 3972 quibus
1887 3919 1888 3932 ι

528 3985 607 4045 idem
629 3985 714 4058 dico,
745 3986 826 4062 quod
847 3985 885 4045 de
906 3985 1107 4063 symbolismis
1130 3984 1305 4056 Ptolemaei,
1337 3986 1470 4062 poeticos
1490 3987 1591 4060 potius
1615 4003 1679 4044 csse
1707 3995 1759 4044 aut
1780 3991 1888 4042 orato-n

529 4075 598 4145 rios,
622 4091 710 4148 qnam
733 4073 956 4151 philosophicos
979 4080 1030 4132 aut
1045 4071 1276 4132 mathematicos.
1294 4075 1397 4140 (lilii
1423 4065 1505 4130 Haec
1522 4073 1621 4130 anima
1637 4083 1681 4131 est
1696 4075 1785 4132 totius
1799 4070 1861 4128 iliius
1887 4095 1888 4130 i

528 4161 633 4236 operis,
656 4170 690 4219 ut
712 4160 760 4220 vel
782 4179 819 4220 ex
842 4161 928 4220 titulo
951 4166 1033 4235 patet
1056 4159 1250 4241 hlacrocosmi
1272 4166 1301 4217 et
1315 4155 1511 4218 Microcosmi.
1555 4158 1631 4218 Nam
1648 4163 1677 4216 in
1693 4169 1772 4219 tomo
1787 4159 1861 4215 altero
1887 4169 1888 4226 ι

526 4247 725 4306 demonstrare
754 4249 857 4323 procul
880 4247 972 4308 dubio
1002 4237 1133 4305 intendet
1161 4245 1260 4304 nobile
1284 4242 1356 4303 illud
1388 4244 1502 4314 thema,
1531 4247 1623 4304 totius
1652 4247 1753 4305 murndi
1781 4242 1861 4314 magu

528 4336 716 4409 omniumque
745 4334 810 4408 ojus
835 4336 963 4410 partium
993 4333 1080 4393 ideas
1098 4335 1215 4409 reperiri
1247 4334 1275 4390 in
1299 4331 1425 4390 homine.
1471 4332 1554 4392 Haec
1585 4331 1688 4392 eadem
1716 4335 1862 4392 estimaret
1887 4311 1888 4390 l

528 4430 558 4478 ct
580 4422 664 4497 primi
688 4423 770 4496 tomi,
794 4423 865 4496 quin
887 4428 980 4479 totum
1003 4419 1143 4478 mundum
1167 4419 1315 4478 distribuit
1337 4420 1366 4476 in
1390 4429 1447 4477 tres
1469 4422 1620 4494 regiones,
1643 4421 1697 4480 ubl
1720 4418 1860 4482 secundun

529 4507 790 4566 celebratissimum
824 4506 896 4566 illud
918 4505 1066 4567 Hermetis
1094 4509 1211 4565 axioma
1237 4523 1350 4580 sapere
1370 4507 1484 4565 similia
1511 4523 1563 4566 seu
1587 4506 1716 4583 analoga
1738 4509 1803 4567 iacit
1822 4507 1860 4560 in·

523 4594 606 4670 seris.
651 4594 734 4654 Haec
767 4611 836 4654 nero
865 4593 1004 4669 nnalogia
1026 4602 1058 4652 ut
1081 4611 1133 4668 per
1156 4595 1254 4652 amnia
1279 4592 1435 4665 succedat,
1465 4611 1554 4669 saepe
1577 4595 1705 4653 crinibus
1739 4587 1861 4653 habenda

526 4691 603 4753 stunt,
627 4698 705 4757 quae
728 4683 865 4757 utrinqne
885 4689 1100 4757 comparantur.
1118 4684 1195 4746 (xij)
1226 4680 1295 4740 Mea
1318 4679 1354 4740 do
1376 4680 1521 4750 anologiis
1544 4683 1691 4740 sententia
1713 4699 1749 4741 ex
1765 4681 1859 4754 digres-

525 4769 609 4829 sione
637 4771 666 4825 in
700 4770 860 4851 caticemci
883 4767 949 4826 libri
973 4767 1028 4826 ΠΙ.
1060 4775 1157 4843 patct;
1188 4769 1324 4825 nimirum
1354 4767 1408 4825 ctsi
1439 4767 1578 4842 analogia
1606 4773 1817 4846 proportionum
1837 4763 1858 4816 li

526 4856 711 4929 geometricis
733 4855 857 4915 iormsle
880 4853 1028 4930 quidest,
1051 4861 1185 4930 respectu
1209 4856 1301 4931 ipsius
1316 4855 1455 4913 materian
1478 4859 1693 4929 quantitativae
1709 4854 1856 4914 indefinitae

527 4950 557 5000 ιι
577 4941 834 5014 indeterminatae,
862 4951 959 5001 minen
983 4952 1116 5017 respectu
1140 4944 1361 5018 proportionum
1383 4941 1617 5002 harmonicorum
1639 4943 1794 5004 materialia
1814 4951 1856 5013 pn·

527 5030 585 5086 tins
606 5029 726 5088 allectio
748 5037 847 5106 potest
869 5029 985 5099 haberi,
1014 5031 1085 5104 quia
1109 5045 1174 5086 oum
1198 5029 1383 5100 harmonicae
1413 5032 1619 5105 proportiones
1650 5039 1759 5090 certam
1779 5040 1854 5103 quan·

530 5118 642 5174 titntem
667 5116 815 5189 deliniant,
839 5115 994 5192 analogiae
1017 5123 1120 5174 contra
1150 5133 1183 5175 sc
1206 5117 1277 5192 ipsis
1300 5118 1329 5173 in
1353 5114 1496 5174 infinitam
1520 5133 1680 5195 excurrere,
1699 5125 1767 5176 sunt
1786 5119 1854 5188 aptat

525 5211 555 5263 et
575 5204 835 5284 sicmstsriaislm
850 5204 1002 5265 infinitatis
1024 5203 1216 5264 affectionem·
1233 5211 1409 5282 supponunt.
1525 5245 1528 5254 ·
