4242 6384
537 785 599 843 alt
952 778 994 831 De
1013 774 1277 845 Contigerationlbus
1293 774 1472 831 Harmonicis.

537 964 620 1017 motn
641 957 784 1033 gignitur,
814 956 943 1031 compoti
975 956 1115 1015 tribueret
1137 954 1322 1027 harmoniam
1354 970 1453 1013 rerum
1480 956 1627 1031 persuasit
1653 954 1739 1013 nobis
1759 952 1864 1013 eruditio

536 1062 632 1103 rerum
654 1042 850 1115 dicendarum,
875 1052 987 1101 utnon
1009 1050 1123 1101 tantum
1147 1040 1276 1101 ordinem
1294 1048 1480 1112 veneramus,
1504 1044 1587 1100 initio
1606 1042 1644 1101 ab
1660 1042 1865 1099 hunranocautu

536 1131 614 1190 iacto
636 1133 783 1189 transituri
807 1130 874 1189 inde
897 1129 935 1187 ad
958 1138 1080 1189 naturae
1104 1146 1193 1205 opera
1216 1131 1310 1189 etsie
1333 1126 1450 1189 demum
1473 1128 1510 1187 ad
1535 1146 1608 1205 opus
1624 1131 1785 1199 creationis,
1805 1129 1866 1204 quod

537 1221 665 1277 omnium
687 1220 812 1294 primum
835 1226 865 1275 et
886 1219 1128 1292 patientissimum
1144 1217 1207 1287 init,
1230 1214 1282 1274 sed
1298 1218 1386 1273 etiarn
1400 1216 1486 1275 linem
1501 1216 1711 1292 speculationis
1727 1216 1868 1273 abstractae

538 1323 604 1365 cum
625 1307 769 1382 principie
792 1314 991 1363 concretarum
1016 1304 1231 1365 harmoniarum
1260 1305 1289 1359 in
1313 1312 1400 1361 cantu
1424 1304 1667 1379 conjungeremus
1689 1302 1790 1362 eodem
1810 1304 1869 1360 libro

538 1396 633 1453 tertio.
678 1392 767 1452 Initio
799 1394 887 1468 igitur
918 1393 996 1451 lacto
1018 1392 1106 1467 hujus
1139 1393 1166 1447 iu
1190 1388 1330 1449 mundum
1358 1390 1580 1451 introductionis
1609 1391 1685 1450 libro
1708 1388 1871 1450 antecedenti

539 1489 568 1539 at
593 1481 792 1556 transscriptis
813 1478 972 1543 harmoniis
994 1479 1123 1537 humano
1147 1480 1261 1550 cantui,
1286 1494 1372 1553 quem
1396 1480 1466 1537 artie
1489 1478 1617 1555 generali
1641 1476 1786 1537 vocabulo
1807 1494 1872 1536 eom-

537 1568 625 1644 plecti
647 1567 744 1627 soient
766 1565 826 1641 aiii,
849 1569 982 1642 sequitur
1004 1585 1081 1625 rruuc
1104 1573 1225 1643 quartus
1247 1564 1335 1637 liber,
1366 1568 1415 1640 qui
1439 1568 1468 1623 in
1492 1566 1550 1626 boc
1572 1564 1674 1625 ordine
1702 1568 1816 1625 intereo
1834 1580 1874 1622 se·

537 1655 649 1715 enudas
672 1654 855 1714 harmonicas
877 1664 1031 1713 concretae
1053 1662 1153 1729 partes
1176 1660 1297 1711 naturae
1321 1652 1430 1711 tribuit.

625 1742 688 1801 Etsi
711 1759 781 1801 vero
803 1744 926 1817 sparsim
948 1740 1093 1814 libroiII.
1120 1740 1347 1819 disputationem
1370 1739 1407 1799 dc
1426 1738 1641 1799 harmoniarum
1657 1740 1785 1797 essentia
1798 1738 1874 1811 tetigi,

537 1830 656 1908 plenam
683 1838 781 1888 tannen
812 1829 899 1904 hujus
928 1824 1148 1907 metaphysicis
1180 1827 1386 1903 disputationis
1417 1830 1619 1889 tractationem
1659 1828 1687 1883 in
1718 1826 1893 1902 principium

537 1917 627 1993 hujus
648 1918 715 1976 libri
738 1919 834 1992 quarti
856 1915 959 1975 eodem
983 1915 1105 1975 consilio
1128 1908 1333 1974 reservandam
1357 1917 1465 1974 censui.
1512 1914 1585 1973 Cum
1608 1916 1685 1973 enim
1712 1913 1801 1988 vulgo
1822 1912 1875 1988 phi·

538 2004 729 2081 losopborum
759 2004 934 2080 harmonias·
955 2020 1013 2063 non
1042 2002 1114 2062 aiibi
1144 2010 1285 2077 quaerant
1316 2004 1372 2071 pisi
1401 2004 1429 2061 in
1459 2010 1563 2073 cantu,
1592 2004 1688 2077 aitque
1712 1998 1875 2077 inopinabile

538 2090 685 2168 plerisque
708 2108 852 2163 acroama,
877 2109 942 2149 cum
965 2090 1093 2163 docetur,
1117 2088 1198 2147 eliud
1222 2088 1291 2164 quid
1315 2106 1379 2148 esse
1395 2106 1494 2161 senos,
1519 2088 1598 2147 aliud
1614 2089 1792 2159 harmonias,
1815 2104 1876 2162 quae

539 2182 635 2238 inesse
657 2186 797 2255 putentur
818 2180 848 2235 in
870 2181 967 2251 sonis,
997 2177 1125 2235 dandum
1153 2176 1263 2253 aliquid
1289 2178 1345 2234 luit
1375 2170 1574 2235 imbecillitati
1591 2174 1879 2252 captus'etbarmo·

540 2270 654 2325 uiarum
682 2276 763 2325 ortus
793 2264 982 2341 explicandus
1012 2266 1142 2323 terminis
1165 2262 1263 2340 potiu's
1285 2266 1404 2323 musicis
1427 2265 1517 2337 vulgo
1546 2266 1639 2335 notis,
1672 2280 1728 2323 nec
1752 2260 1880 2321 turbanda

539 2355 594 2412 luit
616 2352 743 2412 aviditas
765 2353 883 2412 lectoris
905 2355 1072 2429 importuna
1094 2351 1256 2411 subtilitate
1280 2352 1544 2428 metaphysicarum
1566 2346 1820 2429 quaestionum.*)

628 2440 669 2502 At
686 2441 750 2517 jam
772 2456 870 2516 porro,
895 2458 961 2499 cum
984 2440 1151 2499 harmonias
1179 2440 1207 2495 in
1231 2448 1337 2497 natura
1368 2442 1455 2515 inque
1478 2440 1626 2498 coelorum
1657 2438 1788 2499 motibus
1808 2442 1880 2515 pate·

539 2522 634 2587 iacere
657 2530 696 2587 sit
717 2530 848 2601 animus,
878 2527 983 2605 vulgus
1013 2544 1082 2587 vcro
1112 2524 1352 2603 philosophorum
1383 2528 1482 2585 statim
1510 2526 1547 2585 ad
1567 2528 1700 2603 primam
1725 2524 1879 2583 harmoniae

539 2618 718 2677 mentionem
741 2616 889 2691 concipiat
910 2614 1039 2673 siderum
1061 2616 1202 2671 musicam
1227 2608 1372 2687 vocalem,
1403 2612 1506 2672 auditu
1528 2612 1746 2689 percipiendam
1779 2618 1808 2670 et
1827 2627 1878 2669 con

539 2702 677 2779 Scipione
700 2702 891 2763 Ciceronieno
913 2704 1033 2763 arrectis
1056 2702 1176 2759 auribus
1199 2700 1308 2777 adstet,
1341 2708 1514 2777 excepturus
1537 2708 1659 2759 mamm
1688 2706 1717 2759 et
1739 2707 1805 2759 tum
1826 2696 1881 2755 dul-

538 2808 602 2849 cem
622 2804 751 2863 sossetm3
782 2807 848 2849 cnm
871 2788 1070 2865 proclivem,
1094 2804 1189 2847 rerum
1211 2788 1361 2863 imperitos
1390 2804 1456 2847 curu
1480 2786 1529 2845 illo
1553 2790 1618 2863 ipso
1640 2783 1879 2847 somniatoreci·

538 2894 642 2937 oerone
664 2880 875 2953 argumentari,
897 2895 961 2937 noa
981 2893 1066 2953 posse
1087 2877 1205 2934 ειίσηίίο
1226 2882 1327 2934 tessine
1348 2878 1472 2933 incitari
1494 2882 1608 2946 metere,
1638 2882 1667 2933 ct
1690 2891 1759 2933 cnm
1783 2871 1882 2949 Pytha·

538 2968 655 3041 geracis
677 2982 714 3023 ex
736 2965 895 3023 Aristotele
917 2966 1059 3022 rationem
1083 2962 1219 3035 reddere,
1243 2978 1295 3020 cur
1317 2962 1452 3021 coelestis
1475 2978 1565 3023 sonus
1587 2978 1645 3021 non
1670 2961 1843 3021 exaudiatur
1861 2960 1881 3013 ir

537 3050 654 3127 Terris3
678 3068 754 3127 quae
776 3059 1009 3129 praeconceptae
1032 3050 1185 3127 opiniones
1207 3047 1362 3125 plurimum
1388 3049 1506 3109 obstant
1519 3042 1689 3124 lectoribus,
1711 3048 1753 3109 ad
1777 3055 1884 3107 naturae

537 3138 702 3214 penetralia
724 3138 983 3212 contendentibus,
1014 3136 1150 3212 adeoque
1180 3144 1209 3195 et
1231 3136 1392 3197 absterrere
1414 3143 1536 3213 possent
1561 3136 1673 3201 multos
1691 3135 1809 3210 jndicio
1829 3131 1883 3209 pol·

538 3225 634 3285 lentes
665 3226 856 3301 veritatisque
884 3234 1063 3297 sectatores,
1102 3232 1132 3283 ut
1162 3232 1338 3296 nugamenta
1367 3226 1424 3281 is'ta
1454 3223 1670 3301 Pythagorica,
1702 3225 1754 3281 vix
1786 3224 1884 3281 eminus

540 3314 651 3387 agnita,
675 3319 875 3388 aspernantes,
898 3311 1004 3370 librum
1027 3328 1085 3369 non
1108 3310 1416 3386 lectrrm‘abjlcerent:
1440 3310 1486 3368 iris
1511 3310 1547 3369 de
1564 3312 1659 3370 tausis
1682 3308 1808 3369 idoneus
1829 3304 1885 3365 rniii

540 3401 622 3457 risus
652 3406 696 3457 est
728 3400 776 3459 bic
806 3402 869 3477 ipse
898 3397 995 3473 incus,
1026 3400 1056 3457 iu
1086 3414 1172 3475 quem
1204 3394 1432 3475 disputationem
1464 3398 1541 3457 hanc
1567 3416 1679 3457 summe
1702 3398 1884 3459 necessariam

539 3486 684 3552 referrem.
731 3542 736 3555 ,
1529 3536 1533 3544 ,
1574 3530 1578 3539 .

626 3572 724 3633 Movit
745 3590 793 3631 me
814 3581 845 3631 et
867 3570 1031 3633 Ptolemaei
1053 3570 1228 3647 exemplum,
1252 3574 1303 3649 qui
1326 3588 1392 3631 cam
1415 3572 1498 3631 libris
1522 3575 1539 3629 2
1564 3572 1708 3647 prioribus
1732 3574 1830 3647 operis
1850 3566 1885 3624 soi

541 3660 701 3718 harmonici
724 3658 902 3718 absolvisset
922 3657 1085 3719 doctrinam
1106 3658 1315 3732 harmonicam,
1340 3676 1415 3735 qnae
1438 3666 1483 3718 est
1505 3658 1540 3717 de
1563 3668 1660 3730 cantu,
1679 3658 1804 3734 jamque
1824 3654 1885 3713 libro

542 3751 628 3807 tertio
651 3744 909 3807 demonstrandum
931 3748 1125 3823 suscepisset,
1149 3764 1250 3823 omnes
1273 3754 1392 3805 naturae
1414 3746 1559 3822 periectas
1582 3746 1754 3805 harmonica
1776 3745 1805 3803 ri
1829 3758 1886 3819 par·

541 3837 678 3910 ticipare,
713 3834 940 3910 disputationem
964 3842 993 3892 et
1014 3837 1077 3910 ip'se
1101 3834 1203 3910 incipit
1230 3835 1268 3893 ab
1291 3833 1348 3893 bac
1371 3834 1473 3893 cadem
1503 3820 1690 3909 quaestione:
1723 3832 1790 3892 Sub
1819 3824 1887 3906 quod

539 3940 635 3997 gersus
655 3940 760 3980 reram
782 3922 943 4000 referenda
963 3924 1002 3979 so't
1022 3929 1141 3979 mttere
1162 3938 1216 3981 sert
1238 3924 1283 3979 vis
1303 3920 1483 3980 harmonice
1512 3922 1635 3997 ejusque
1657 3923 1793 3981 emmtia.
1837 3914 1885 3975 Etsi

540 4011 630 4087 igitur
659 4023 780 4069 examen
809 4018 838 4067 et
868 4025 1018 4066 censuram
1041 4006 1204 4068 Ptolemaei
1236 4024 1291 4084 ego
1321 4010 1349 4065 in
1380 4007 1469 4083 hujus
1499 4010 1556 4066 mci
1580 4008 1676 4083 operis
1704 4004 1884 4083 appendicem

539 4097 644 4172 rejeci,
668 4095 791 4173 etquid
814 4096 852 4155 ad
876 4096 952 4155 hanc
973 4095 1136 4155 Ptolemaei
1160 4098 1361 4171 quaestionem
1385 4113 1421 4153 ex
1444 4096 1516 4154 meis
1538 4096 1688 4171 principiis
1712 4092 1884 4171 responden·

541 4184 610 4242 dum
633 4184 782 4257 rideatur,
813 4183 904 4242 iduh
928 4183 1178 4241 dietamcausam
1202 4182 1481 4257 hocquartolibro
1510 4184 1656 4258 praemitti
1677 4180 1791 4240 debuit.
1835 4177 1885 4237 Nec

540 4269 571 4329 ld
593 4279 707 4330 tantum
729 4270 768 4329 ad
789 4270 1050 4347 praemuniendum
1073 4270 1211 4329 lectorem
1235 4268 1469 4345 avertendaeque
1491 4269 1624 4328 sinistras
1654 4270 1808 4345 opiniones
1830 4282 1886 4343 per·

540 4359 630 4430 tinet,
660 4356 713 4417 sed
736 4359 825 4417 etiam
848 4358 886 4417 ad
909 4357 1135 4433 explicationem
1159 4354 1405 4416 fundamentalem
1430 4358 1518 4415 totins
1542 4357 1638 4432 quarti
1660 4356 1741 4429 libri;
1773 4363 1805 4413 ut
1827 4353 1886 4428 quia

538 4443 575 4504 de
606 4444 765 4503 harmoniis
792 4443 939 4503 radiorum
953 4443 1135 4523 'sideralium
1165 4443 1269 4503 dicturi
1292 4460 1407 4516 sumus,
1442 4460 1519 4519 quae
1547 4452 1577 4503 et
1599 4450 1671 4519 quot
1692 4444 1752 4501 sint
1774 4454 1883 4499 numero

539 4532 706 4608 quibusque
727 4534 911 4607 geometricis
933 4532 1083 4609 principiis
1107 4532 1274 4599 formantur.
1297 4532 1377 4607 prius
1400 4532 1543 4604 emantur,
1567 4548 1644 4607 quae
1667 4530 1707 4589 eit
1724 4528 1886 4605 ,hannonia-

538 4636 602 4677 mm
625 4620 761 4691 ementis,
785 4620 858 4677 eiua
880 4626 909 4677 et
931 4634 1078 4691 sonorum,
1102 4621 1152 4692 qui
1176 4619 1223 4677 hic
1246 4618 1317 4676 nulli
1340 4626 1417 4689 sunt,
1442 4626 1471 4677 ct
1492 4620 1621 4695 ipsomm
1644 4619 1732 4675 etiam
1748 4615 1883 4675 radiorum

540 4705 817 4780 considerationem,
843 4713 873 4765 et
894 4704 1051 4781 quodnam·
1066 4722 1165 4765 aarum
1190 4708 1336 4783 proprium
1359 4704 1538 4781 subjeetum,
1563 4708 1614 4781 qui
1638 4706 1770 4778 termini3
1800 4705 1883 4762 sintne

540 4795 572 4855 iu
595 4794 682 4854 rebus
706 4801 789 4857 astra
811 4792 1006 4865 intellectum,
1029 4810 1069 4850 an
1092 4790 1121 4851 in
1139 4791 1209 4852 sola
1231 4794 1346 4865 enims,
1370 4808 1429 4867 quo
1452 4792 1549 4859 medio
1571 4792 1769 4869 percipiantur
1789 4792 1884 4847 intror-

538 4897 663 4958 sumque
685 4884 882 4960 recipientem
911 4898 972 4956 qna
992 4896 1024 4937 re
1047 4877 1256 4955 diiudicentur,
1288 4882 1354 4957 quis
1377 4879 1497 4941 aucuns
1525 4880 1604 4939 hene
1627 4881 1841 4956 perceptionem
1860 4877 1883 4930 et

618 5102 642 5154 θ)
656 5102 727 5153 atqui
742 5100 848 5145 Summas
862 5102 922 5155 sputi
935 5092 1066 5151 Platorium,
1088 5102 1173 5142 sitente
1186 5100 1268 5143 Procio
1286 5102 1325 5143 tib,
1342 5102 1361 5144 1.
1376 5103 1399 5142 in
1414 5102 1487 5149 tanet,
1507 5102 1616 5143 musicum
1631 5102 1693 5143 iilum
1708 5100 1799 5147 deunh,
1814 5097 1848 5148 qni
1859 5092 1881 5133 sb

540 5156 569 5197 its
583 5156 718 5203 beroentis,
741 5167 800 5207 qsss
814 5158 893 5197 meost
905 5158 930 5197 trs
943 5166 1026 5203 naen,
1046 5156 1190 5206 progreditur
1202 5152 1231 5197 eti
1246 5156 1369 5197 insensiles
1383 5156 1510 5195 hermonien
1525 5149 1727 5205 proportionesque
1741 5158 1815 5193 esrom
1827 5150 1880 5188 ioso-

540 5207 672 5257 stigsudss,
696 5209 737 5259 qni
750 5210 840 5263 tendam
854 5208 931 5249 eredit
944 5210 989 5259 ipsi
1009 5209 1033 5250 in
1046 5208 1205 5261 philosophum
1226 5208 1400 5263 expergefaetus
1410 5208 1528 5263 ¹hermonis
1542 5212 1637 5261 utreque
1656 5206 1685 5249 ed
1698 5200 1879 5257 aopumplendw

539 5262 636 5312 mutam
648 5272 727 5305 marn
740 5272 781 5303 sne
795 5263 959 5311 sennenque
972 5263 1052 5312 ipsam.
1363 5264 1367 5280 ¹
1571 5260 1574 5267 '
