4242 6384
518 783 581 845 862
1029 777 1181 874 Ptolemaei
1197 779 1353 838 Humanis.

516 955 760 1025 sonantiaslease,
786 959 814 1009 et
830 955 976 1012 coelestem
994 958 1125 1026 animam
1151 971 1205 1026 qna
1223 957 1357 1012 animatur
1375 955 1549 1028 universitas,
1568 957 1695 1028 originem
1713 973 1744 1013 ex
1760 959 1839 1013 undu

515 1050 652 1090 sumsisse,

602 1115 646 1171 lta
664 1116 745 1171 etiam
763 1116 874 1171 Barnea
892 1116 1048 1172 harmoniae
1067 1123 1094 1171 et
1112 1117 1201 1172 anima
1219 1116 1313 1170 muudi
1331 1129 1364 1168 ex
1384 1115 1479 1169 eadem
1492 1131 1665 1171 numeremur
1678 1115 1773 1184 ungine
1789 1127 1842 1172 sunt
1893 1137 1894 1170 1

515 1195 557 1248 De
580 1195 676 1251 animis
698 1211 762 1251 vero
781 1196 879 1250 ceteris
897 1195 1025 1250 Timaeus
1047 1196 1100 1252 iste
1118 1212 1173 1250 uon
1192 1195 1280 1250 minus
1299 1211 1360 1248 cum
1379 1195 1506 1250 Hermete
1531 1195 1638 1250 videtur
1655 1195 1765 1264 mutire,
1788 1195 1844 1262 quod

514 1281 662 1329 creatorem
680 1275 768 1328 Mum
785 1273 948 1344 introduxit,
975 1275 1097 1331 infinitos
1116 1275 1265 1330 animarum
1284 1273 1431 1340 exercitus,
1454 1289 1489 1328 ex
1506 1273 1555 1328 illa
1574 1289 1743 1330 numerorum
1759 1275 1846 1329 harmo-

514 1350 637 1407 ni‘corum
653 1367 744 1408 massa
760 1353 862 1420 iactos,
886 1352 1093 1408 distribuentem
1112 1354 1182 1407 inter
1200 1353 1325 1421 planetas
1351 1361 1378 1406 et
1396 1351 1490 1424 stelles
1508 1354 1591 1423 fixas,
1615 1355 1733 1410 velutin
1750 1355 1847 1423 quodam

511 1431 707 1499 reconditorio,
737 1431 808 1486 unde
824 1431 888 1484 illae
915 1430 973 1485 suis
991 1432 1116 1502 singulas
1135 1431 1304 1500 temporibus
1321 1429 1349 1484 iu
1369 1447 1484 1500 corpora
1502 1434 1679 1490 animantium
1698 1435 1847 1490 demitteren-

512 1518 565 1566 tur.
602 1513 657 1566 Cur
673 1513 713 1566 ita
731 1525 863 1576 censeam,
882 1511 952 1564 haec
969 1526 1032 1565 oum
1048 1511 1211 1566 Hermeticis
1230 1511 1383 1580 conuenire,
1402 1525 1485 1568 causa
1504 1515 1645 1582 estquod
1664 1529 1724 1568 cum
1742 1513 1848 1582 planetae

513 1595 618 1659 septem
636 1590 853 1660 celebrarentur,
879 1590 995 1644 lixarum
1014 1591 1131 1658 sphaera
1150 1597 1258 1648 eumve.
1281 1588 1408 1642 Timaeus
1430 1589 1513 1658 igitur
1538 1591 1708 1646 octonarium
1727 1590 1848 1658 quondan.

512 1682 567 1722 non
585 1670 762 1738 abstractum,
780 1669 829 1724 sed
847 1674 1005 1724 concretum
1022 1662 1148 1739 sphaeris
1170 1669 1312 1723 mundanis
1333 1667 1457 1736 designat
1469 1668 1618 1724 animarum
1630 1669 1789 1726 habitaculis
1801 1679 1848 1721 ante

512 1747 711 1801 immersionem
729 1763 821 1802 earum
838 1749 865 1800 in
885 1761 1016 1815 corpora,
1032 1749 1089 1816 jam
1109 1763 1172 1802 vero
1192 1753 1219 1801 et
1237 1746 1372 1800 llermetis
1392 1743 1542 1814 discipulus
1560 1745 1717 1814 profitetur,
1737 1761 1765 1798 se
1781 1747 1848 1814 prius·

516 1839 598 1893 quam
623 1832 784 1880 nosceretur
810 1826 894 1881 inisse
921 1831 950 1884 in
975 1827 1123 1881 octonario.
1159 1822 1317 1879 Macrobius
1343 1825 1466 1894 quidem,
1494 1823 1633 1894 explicans
1652 1825 1719 1880 illud
1739 1825 1849 1894 Scipion
1893 1881 1894 1884 Ἴ

513 1905 682 1959 ciceroniani
708 1905 787 1960 »hinc
811 1907 942 1976 proiecti,
969 1907 1024 1960 buc
1047 1910 1252 1970 revertuntur«,
1279 1902 1349 1956 haec
1373 1901 1464 1958 omnis
1488 1901 1588 1958 clarius
1616 1911 1645 1958 et
1669 1905 1758 1958 insius
1784 1903 1849 1970 expli·
1893 1963 1894 1966 Ἴ

512 1990 564 2036 cat.
601 1984 639 2037 lit
660 1985 754 2038 mundi
778 1985 887 2054 quidem
911 1987 1028 2043 animem
1050 1983 1155 2039 iontem
1179 1981 1300 2052 appellat
1327 1981 1476 2036 animarum
1500 1987 1527 2034 et
1552 1981 1690 2050 quomodo
1716 1983 1752 2036 sit
1774 1979 1850 2033 animis

511 2061 697 2118 habitaculum
718 2063 746 2117 in
765 2065 809 2118 ris
826 2065 927 2134 lactea,
951 2072 1097 2133 antequam
1122 2062 1150 2116 in
1175 2075 1291 2130 corpora
1316 2059 1385 2114 uelle
1409 2059 1508 2114 reverti
1526 2061 1676 2130 incipiant,
1699 2061 1812 2130 explicet
1827 2075 1850 2111 aa

512 2140 680 2209 Pythagora,
697 2150 725 2196 et
743 2159 814 2210 quae
831 2145 917 2200 series
936 2145 972 2199 sit
992 2143 1145 2196 descensus
1164 2155 1256 2194 earum
1275 2154 1325 2208 per
1343 2137 1432 2206 signs,
1449 2137 1525 2192 initio
1543 2137 1617 2192 iacto
1637 2155 1653 2193 a
1672 2141 1789 2206 Cancro,
1806 2153 1851 2206 per-

512 2231 566 2284 que
590 2219 721 2285 sphaeras
746 2235 852 2292 omues,
878 2219 1066 2291 ecquomodo
1089 2233 1138 2287 per
1161 2233 1287 2272 numeros
1311 2214 1483 2270 harmonicus
1505 2217 1621 2270 innexae
1640 2219 1811 2286 corporibus.
1830 2218 1853 2269 iis
1883 2270 1886 2287 ,

512 2295 631 2351 muueris
655 2298 814 2356 disturbatis
839 2303 979 2357 solvantur
1001 2298 1152 2364 eodemque
1170 2297 1295 2364 redeant,
1318 2295 1389 2350 unm
1413 2294 1552 2363 proiectae
1571 2303 1642 2350 suut.
1680 2297 1759 2351 Idem
1781 2305 1854 2356 tamen
1893 2331 1894 2358 3

511 2372 648 2430 Berusetis
663 2393 721 2431 non
738 2380 866 2446 meminit,
886 2397 947 2436 cum
964 2377 1067 2433 Plotini
1085 2385 1113 2430 et
1130 2376 1257 2432 Numenii
1275 2383 1304 2430 et
1318 2374 1462 2443 Porphyrii
1481 2381 1690 2444 ceterorumque
1708 2375 1854 2433 memineris

512 2450 640 2508 ridentur
656 2454 739 2522 igitur
756 2459 896 2512 emetaaei
914 2459 1008 2512 iubae.
1044 2457 1106 2525 Ego
1119 2456 1170 2510 nisi
1182 2463 1278 2511 auctor
1296 2469 1384 2510 essem
1402 2454 1462 2523 ipse
1474 2455 1571 2524 capitis
1584 2457 1628 2524 10,
1647 2456 1720 2524 qaod
1737 2457 1854 2525 epilogans
1893 2489 1894 2494 κ

510 2531 576 2590 iuuit
593 2531 656 2588 libri
673 2536 776 2608 mcii.
796 2537 1029 2601 harmonicorum,
1049 2544 1077 2587 ct
1095 2534 1146 2588 nisi
1164 2537 1208 2588 irae
1228 2535 1304 2602 prius
1317 2533 1384 2587 illud
1397 2533 1538 2602 scripsisse
1548 2533 1652 2602 liquido
1665 2535 1775 2602 scirem,
1792 2551 1854 2604 quan

510 2609 590 2666 istam
608 2611 833 2684 philosophorum
851 2617 921 2670 inter
940 2631 971 2669 se
989 2612 1163 2672 collationem
1180 2611 1360 2678 instituerem,
1375 2611 1513 2681 juraesim,
1532 2613 1570 2668 ibi
1583 2613 1681 2681 corrigi
1700 2613 1775 2666 hene
1787 2613 1855 2680 philo

511 2689 634 2758 sophiam
658 2693 817 2763 animmque
840 2713 894 2750 non
913 2691 1129 2750 disseminandas
1150 2693 1224 2758 ⁸inter
1249 2691 1374 2760 planetus
1396 2697 1424 2745 et
1443 2691 1535 2747 stelles
1558 2693 1641 2760 fixas,
1664 2691 1714 2747 sed
1736 2693 1854 2760 cogendas
1893 2727 1894 2730 ,

510 2768 538 2822 in
556 2769 642 2824 iixum
659 2772 687 2825 iu
704 2774 807 2840 mensio
824 2775 918 2830 muudi
936 2774 1007 2830 Solis
1026 2769 1151 2840 globum,
1175 2769 1337 2838 interimque
1356 2770 1425 2826 dum
1439 2781 1618 2842 corporentur
1636 2772 1791 2842 pascendas
1809 2771 1855 2824 har·
1893 2807 1894 2814 ,

510 2847 607 2902 moniis
624 2859 754 2920 motuum,
778 2868 813 2906 ex
837 2853 955 2922 planetis
980 2851 1105 2907 omnibus
1129 2851 1157 2904 in
1176 2850 1266 2905 Solem
1289 2849 1472 2916 illabentium,
1500 2851 1606 2905 occulte
1629 2850 1774 2907 insinuari.
1810 2849 1855 2903 Huc
1893 2889 1894 2918 3

511 2926 582 2979 euim
600 2927 678 2983 valde
695 2930 877 2999 plausibiliter
895 2932 1050 2987 traheretur
1067 2929 1184 2999 hymnus
1202 2929 1248 2987 ille
1266 2927 1364 2994 Procli,
1384 2944 1418 2982 ex
1437 2929 1532 2984 eodem
1553 2946 1589 2985 sc.
1609 2949 1683 3000 penu
1701 2935 1856 3006 depromas-

511 3021 572 3059 ourn
591 3005 747 3062 Platonicus
759 3017 799 3071 ,et
817 3009 1015 3078 Pythagoricus
1033 3009 1117 3064 fuerit
1136 3007 1328 3076 philosophus,
1354 3007 1454 3075 inquo
1473 3008 1585 3076 hymno,
1612 3018 1764 3082 postquam
1783 3013 1856 3068 Solen

510 3084 691 3162 philosophas
710 3087 858 3142 salutasset
874 3105 968 3160 regem
984 3091 1058 3162 mois
1076 3089 1202 3144 meutuis's
1220 3095 1247 3142 et
1265 3085 1403 3140 dominum
1421 3088 1522 3156 musici
1537 3088 1636 3156 sonim,
1656 3091 1801 3164 eidemque
1817 3091 1857 3144 cla·
1893 3149 1894 3154 ἵ

512 3180 560 3219 res
577 3163 613 3218 ad
630 3163 746 3218 mundos
764 3167 932 3234 materiales,
959 3168 1031 3222 vitae
1050 3185 1088 3224 sc.
1108 3167 1223 3234 indigos,
1243 3166 1418 3230 credidisset,
1446 3165 1537 3220 subdit
1556 3165 1628 3222 huno
1651 3186 1777 3226 versum:
1799 3173 1857 3234 “Ipo-

466 3245 474 3254 '
510 3250 560 3298 oss
572 3243 699 3308 ἁρμονιας
716 3244 787 3315 dous
799 3247 924 3300 edessana
941 3249 1109 3316 uspersus,
1129 3246 1293 3314 intelligens,
1313 3245 1340 3299 ni
1354 3245 1450 3313 fallor,
1470 3246 1620 3300 animarum
1632 3249 1737 3304 rirsdos
1752 3267 1800 3320 per
1811 3251 1857 3304 har·

510 3323 629 3378 monum
653 3322 683 3377 in
706 3323 864 3380 sublunaria
887 3325 1054 3392 defluentes,
1081 3327 1115 3382 de
1138 3325 1236 3395 quibus
1256 3324 1400 3393 Virgilius,
1429 3339 1463 3380 ex
1490 3325 1584 3380 eadem
1606 3342 1645 3381 sc.
1664 3327 1765 3384 Italica
1786 3330 1856 3400 philo
1893 3365 1894 3396 3

512 3400 621 3471 sophia,
640 3408 671 3456 ut
688 3401 851 3458 Aristoteles
869 3404 1005 3474 appellet,

681 3531 686 3538 .
1077 3523 1259 3538 .....
1296 3501 1371 3540 oreos
1388 3484 1477 3555 amoos
1494 3483 1591 3538 osseos

752 3560 825 3616 Inde
842 3561 983 3618 domasa
995 3563 1185 3634 pecudumque
1201 3579 1299 3634 genus,
1318 3563 1441 3632 uitaeque
1459 3563 1600 3618 sodomum

752 3639 857 3708 Ipnous
875 3644 914 3695 est
931 3641 988 3697 aliis
1003 3642 1083 3713 uigor
1101 3647 1126 3697 et
1144 3642 1266 3696 coekuis
1285 3641 1363 3710 origo

755 3715 921 3772 Seminibus.
1244 3759 1247 3766 a

599 3809 704 3866 Eodem
721 3811 823 3867 referet
839 3813 1001 3883 Apollinem,
1019 3813 1134 3883 cythara
1150 3813 1315 3870 mulcentem
1333 3814 1484 3868 saevientes
1503 3819 1708 3884 tempestuosae
1729 3821 1859 3886 geniturae
1893 3843 1894 3846 ¹

510 3886 622 3956 fluctum
639 3897 668 3946 et
679 3907 784 3961 paeana
796 3908 831 3947 ex
844 3892 939 3948 eodem
951 3893 1056 3947 Titanis
1070 3901 1098 3946 et
1110 3893 1214 3948 Phoebi
1227 3893 1362 3961 sodalitio,
1376 3894 1422 3962 qui
1434 3893 1535 3956 viribus
1552 3903 1581 3950 et
1592 3895 1707 3958 victoris
1719 3899 1859 3953 exsultans
1893 3933 1894 3950 1

510 3969 624 4038 impleut
640 3971 801 4027 humaniue
817 3978 926 4027 casnm
944 3972 1087 4028 duloedias
1104 3975 1250 4041 muudum,
1270 3989 1349 4041 quae,
1369 3975 1491 4042 quamvis
1508 3975 1626 4042 poetica,
1647 3975 1764 4031 Procius
1782 3985 1859 4030 tameo
1893 4000 1894 4028 ;

509 4047 691 4116 philosophus
714 4051 749 4106 ad
767 4051 911 4106 victoriam
926 4051 1098 4106 animationis
1122 4052 1220 4119 trahit,
1248 4067 1303 4119 qua
1319 4052 1434 4120 iactum,
1459 4061 1489 4106 ut
1513 4054 1666 4108 contumaci
1688 4057 1803 4110 materia
1820 4053 1859 4108 sah
1893 4077 1894 4082 κ

508 4126 605 4196 jugum
623 4129 794 4185 informantis
811 4131 919 4185 animae
936 4131 1030 4199 missa,
1049 4139 1198 4185 concentus
1218 4131 1349 4186 existeret
1364 4131 1506 4187 suavitatis
1523 4131 1680 4196 ineffabilis,
1706 4149 1740 4188 ex
1760 4143 1859 4189 naturae
1893 4181 1894 4190 ,

511 4207 617 4262 seilicet
633 4224 714 4263 cursu
732 4225 787 4264 non
803 4209 943 4278 impedito.
980 4210 1050 4265 Sunt
1068 4217 1159 4264 autem
1179 4210 1268 4264 omnia
1285 4209 1447 4286 Hermetiop„
1483 4211 1552 4264 Nam
1565 4211 1739 4266 Poemander
1759 4214 1859 4267 eandem
1893 4235 1894 4268 ;

480 4289 484 4297 ’
513 4286 676 4340 suammtem
693 4288 911 4355 repraesentavit
926 4287 1044 4354 imagine
1063 4287 1152 4342 coitus
1172 4288 1270 4342 mentis
1289 4305 1349 4344 cum
1362 4297 1469 4343 natura.
1505 4289 1571 4344 Fuit
1590 4297 1618 4342 et
1632 4291 1789 4348 Aristotelis
1806 4302 1861 4346 ten·
1892 4323 1894 4348 r

512 4379 579 4432 pore
596 4372 673 4420 asota
690 4365 932 4435 philosophorum,
957 4383 1028 4434 quae
1046 4365 1163 4420 animam
1183 4365 1251 4420 dixit
1269 4381 1329 4422 esse
1347 4367 1523 4437 harmoniam,
1550 4367 1681 4424 definiens
1705 4371 1860 4428 harmonian

514 4444 794 4514 contemperationem
810 4453 839 4498 et
856 4445 1082 4514 compositionem
1102 4443 1313 4512 contrariorum,
1332 4453 1363 4500 ut
1382 4454 1425 4500 est
1442 4447 1512 4501 libro
1530 4449 1551 4502 Ι.
1570 4446 1604 4502 de
1622 4449 1728 4505 Anime.

600 4522 676 4577 Haec
698 4522 783 4590 igitur
808 4523 991 4592 Pythagorica
1014 4521 1191 4592 philosophis
1215 4522 1249 4576 de
1274 4525 1364 4579 anima
1387 4542 1449 4580 cum
1472 4541 1527 4580 nou
1552 4525 1691 4582 videretur
1715 4528 1861 4583 Ptolemaeo

485 4598 641 4669 'causalis,
669 4599 819 4655 absurdum
841 4601 894 4654 hoc
911 4600 1029 4668 habens,
1057 4600 1131 4667 quod
1154 4600 1259 4654 numeri
1281 4600 1410 4658 abstracti
1436 4609 1464 4657 et
1490 4603 1648 4659 barmoniae
1675 4605 1862 4675 subjicerentur
1893 4623 1894 4652 i

513 4682 620 4736 animae
637 4695 689 4750 pro
707 4680 840 4747 essentia,
857 4695 919 4733 cum
936 4686 1028 4732 minen
1047 4677 1190 4734 harmonia
1208 4680 1244 4734 sit
1261 4680 1322 4750 ipsa
1339 4681 1453 4738 aliorum
1471 4683 1635 4752 aliquorum,
1662 4693 1730 4753 puta
1748 4685 1860 4740 termino·
1893 4653 1894 4744 l

511 4759 743 4829 rumquantitate
766 4758 963 4826 inaequalium,
994 4772 1088 4810 eorum
1106 4773 1143 4812 su
1163 4757 1233 4812 iuter
1251 4775 1280 4812 se
1298 4761 1509 4830 compositorum
1532 4761 1629 4816 relatio
1655 4778 1705 4818 seu
1724 4763 1859 4833 proportio,
1893 4793 1894 4816 t

512 4837 603 4891 anima
629 4854 692 4892 vero
716 4837 889 4906 nequeipsa
915 4835 1093 4890 terminorum
1117 4835 1321 4904 (elementorum
1346 4841 1484 4909 corporis)
1509 4841 1668 4910 compositio
1692 4843 1779 4911 possit
1801 4856 1859 4909 esse,
1893 4877 1894 4882 κ

512 4929 601 4983 neque
617 4914 728 4970 illorum
745 4914 895 4984 proportio,
914 4912 1105 4982 essentialiter,
1123 4914 1243 4983 inquam,
1263 4917 1302 4971 sio
1320 4925 1351 4972 ut
1369 4917 1525 4974 differentes
1538 4935 1583 4972 ree
1600 4920 1656 4974 sint
1674 4921 1746 4976 etsh
1758 4921 1858 4976 inrieem

513 4993 658 5061 discretae,
681 4995 746 5050 binc
763 4993 870 5049 termini
888 4992 1047 5065 comparati,
1066 4991 1129 5057 iude
1147 4992 1245 5048 anima.
1282 4994 1454 5052 Ptolemaeus
1474 4998 1557 5065 igitur
1583 4998 1740 5056 harmonias
1757 5017 1803 5070 per
1819 5015 1858 5052 nn.

515 5087 604 5128 maros
623 5074 733 5141 quidem
752 5081 780 5128 et
797 5074 857 5142 ipse
876 5073 983 5142 format,
1003 5072 1043 5126 sic
1060 5066 1124 5126 vero
1143 5073 1273 5128 formatas
1292 5090 1346 5130 uon
1366 5075 1511 5130 essentium
1529 5075 1597 5130 iacit
1613 5079 1732 5149 enimse,
1751 5077 1796 5134 sed
1814 5075 1858 5129 ssl-

516 5159 573 5205 tem
592 5152 794 5208 similitudinem
814 5158 842 5206 et
859 5149 1080 5206 conformationis
1099 5153 1218 5208 renones
1238 5153 1363 5224 utrinque
1382 5163 1518 5226 cognatas.

601 5229 671 5284 Mihi
688 5245 772 5286 musa
790 5230 923 5288 emendor
939 5228 1185 5300 estrdistiuguendi
1202 5232 1274 5289 inter
1291 5233 1446 5290 harmonias
1464 5234 1538 5308 ipsus
1548 5249 1640 5292 rerum
1657 5235 1769 5292 sensiles
1787 5233 1856 5286 iuter·
