4242 6384
547 828 608 889 roa
1040 864 1044 872 .
1076 822 1118 877 u·
1135 818 1361 894 rnamenta
1459 868 1461 875 r
1889 832 1890 901 r

583 1026 586 1031 ·
631 997 879 1075 lerinensi
903 999 1023 1063 attinet.
1036 1000 1206 1075 primarium
1235 999 1308 1059 iliad
1340 1008 1370 1061 et
1403 1002 1593 1079 praecipuum
1630 1008 1733 1063 cautus
1758 1000 1870 1063 melodias·

545 1087 771 1160 condimernam,
794 1086 1015 1159 dissonantiam,
1037 1090 1163 1163 primum
1186 1086 1262 1147 iiius⁴
1276 1096 1391 1163 oportet
1413 1088 1562 1149 demutas
1577 1108 1644 1151 essa
1666 1106 1724 1149 non
1747 1105 1781 1149 aa
1800 1093 1871 1149 inter·

546 1174 625 1235 salio
648 1186 822 1251 quocunque
845 1171 1035 1252 sisapaoosp,
1065 1174 1118 1233 sed
1147 1192 1183 1234 ex
1211 1176 1374 1235 intersaiiis
1401 1178 1560 1237 munionis.
1605 1177 1681 1238 Nam
1712 1180 1780 1253 quia
1805 1193 1872 1235 roms

545 1262 721 1338 singulares,
756 1262 795 1321 ad
813 1274 1007 1321 :commsmem
1036 1270 1210 1321 concentum
1241 1271 1460 1337 concurrentes,
1498 1262 1580 1325 nulia
1612 1265 1770 1343 admittunt
1802 1266 1874 1323 inter-

547 1350 626 1409 vaila
648 1338 704 1408 uisi
727 1351 879 1421 concinna,
902 1351 977 1408 inter
998 1364 1088 1407 sonos
1112 1348 1251 1425 deinceps
1273 1350 1477 1423 succedentes,
1506 1359 1575 1410 sunt
1598 1369 1668 1411 vero
1691 1351 1817 1427 ejusdem
1835 1368 1874 1426 ge

545 1439 774 1510 westroni,
801 1444 835 1495 ut
856 1437 887 1491 in
910 1434 1077 1495 definitione
1099 1437 1306 1511 praemissum:
1333 1437 1420 1497 iaeiie
1443 1444 1534 1513 patet,
1565 1440 1592 1497 si
1614 1438 1793 1515 unaaiiqua
1820 1440 1877 1495 inter

545 1524 623 1585 tuias
641 1526 837 1583 constituatur
857 1523 1011 1583 monia
1033 1525 1114 1598 (cum
1137 1522 1292 1584 harmonia
1313 1527 1408 1583 omnis
1430 1523 1459 1582 iu
1478 1526 1817 1595 concinna.dissoivatur
1831 1524 1877 1583 eie·

546 1612 677 1684 mom),
709 1611 794 1669 auita
813 1605 995 1686 singularum
1021 1608 1215 1686 divagatioae
1244 1611 1283 1671 ab
1310 1620 1436 1671 octavae
1458 1629 1531 1673 suas
1557 1613 1659 1673 radies
1684 1612 1747 1673 deri
1769 1624 1878 1689 uuonan

545 1714 641 1775 posse,
665 1705 702 1757 ut·
720 1698 807 1757 binae
824 1699 903 1770 tuter
928 1714 960 1756 se
983 1696 1065 1759 siiod
1088 1712 1177 1773 quam
1199 1701 1373 1757 concinnam
1402 1700 1514 1759 faciant
1542 1700 1744 1774 intervalium,
1774 1700 1836 1759 licet
1858 1700 1879 1754 id

546 1803 604 1845 uon
628 1802 744 1861 semper
764 1787 804 1844 sit
825 1782 1033 1863 consonumi‘)
1077 1783 1214 1845 Secundo
1238 1788 1293 1845 etsi
1315 1794 1509 1863 praestantes
1521 1787 1646 1848 artifices
1661 1796 1783 1847 utuntur
1803 1791 1877 1845 inter·

546 1873 616 1933 dam
639 1872 826 1933 dissonantia
848 1871 1028 1946 majoribus,
1046 1873 1092 1931 sic
1114 1882 1147 1931 ut
1169 1873 1325 1933 dissonans
1348 1889 1407 1933 rox
1428 1884 1498 1933 tono
1522 1876 1636 1951 integro
1666 1874 1757 1935 distet
1777 1876 1813 1934 ab
1833 1873 1877 1943 ills,

546 1973 626 2037 otoo
648 1960 1008 2031 oomoosouamtaosret,
1032 1958 1062 2016 id
1085 1966 1181 2019 nmen
1205 1976 1263 2019 non
1286 1961 1319 2018 tt
1339 1960 1434 2035 siiter,
1458 1962 1514 2020 uisi
1537 1962 1576 2021 ad
1595 1965 1788 2039 gravissimos
1808 1962 1878 2019 animi

546 2056 658 2109 motus.
676 2044 879 2124 exprimendos
907 2054 938 2105 et
963 2044 1132 2105 eddsados.
1179 2044 1334 2109 Ordinaris
1365 2064 1434 2109 vero
1465 2056 1496 2109 et
1522 2066 1586 2109 eum
1611 2050 1799 2125 jucunditate
1825 2064 1880 2107 sou·

545 2136 647 2212 flcio
673 2152 768 2211 eoque
790 2132 933 2193 nataralia
960 2132 1179 2209 quodammodo
1210 2134 1393 2194 dissonantia
1413 2138 1570 2196 semitonio
1599 2137 1760 2197 coniicitur.
1802 2134 1881 2209 Hujm

542 2225 703 2284 raimnss
723 2238 846 2295 mam,
869 2228 903 2281 ot
923 2218 1121 2296 respondeant
1142 2220 1247 2281 ultima
1267 2224 1378 2298 primis,
1404 2222 1564 2300 repetenda
1585 2234 1632 2284 ost
1653 2242 1689 2285 ex
1710 2224 1890 2301 penitudinis,

546 2312 728 2387 geometriae
750 2307 955 2381 fundamentis,
983 2324 1022 2367 ex
1042 2322 1109 2383 esp
1136 2312 1162 2366 1.
1185 2310 1383 2369 axiomatibus
1406 2313 1434 2369 2.
1464 2318 1495 2369 et
1517 2314 1545 2370 3.
1575 2326 1670 2388 exous
1699 2311 1777 2371 iibro
1805 2312 1881 2386 primo

546 2405 578 2457 et
598 2396 845 2474 contemplatione
866 2393 1104 2472 qaindeoangsdi.
1149 2394 1223 2455 oum
1245 2400 1322 2456 euim
1353 2399 1544 2457 semitonium
1562 2402 1750 2459 contineatur
1773 2398 1881 2457 numeris

549 2485 593 2551 15,
611 2493 641 2545 et
667 2486 721 2557 tt,
751 2492 782 2544 et
806 2501 874 2543 vero
901 2496 960 2541 non
981 2489 1095 2547 aarum
1126 2482 1323 2560 sedecangida
1352 2483 1446 2560 figura
1467 2484 1749 2549 demonstrationem
1779 2485 1879 2553 hauet,

546 2572 600 2638 sod
628 2574 717 2632 stiam
745 2568 997 2647 quindemngula:
1028 2585 1132 2645 parum
1162 2570 1297 2647 equidem
1320 2571 1430 2647 ahiuit,
1460 2574 1530 2648 quin
1558 2568 1603 2653 Lis,
1655 2571 1879 2633 nobisdefiniret

545 2662 764 2738 proportionem
784 2658 997 2729 harmonicam,
1027 2673 1085 2715 oss
1104 2656 1200 2715 minus
1233 2664 1263 2718 at
1284 2658 1433 2719 derivatae
1455 2660 1493 2719 ab
1516 2676 1552 2719 ea
1579 2614 1636 2742 ¹⁵7,
1659 2670 1689 2720 et
1715 2654 1771 2741 ¹⁵t,
1794 2668 1821 2718 et
1845 2655 1880 2735 ¹⁶),

545 2757 577 2807 et
602 2743 671 2829 ἥρω
693 2756 724 2806 et
750 2742 832 2828 ¹⁵lw
852 2754 923 2805 anta
946 2760 1047 2803 omues
1061 2738 1138 2823 ¹¹⁶1„
1169 2744 1301 2806 illaeso.
1325 2762 1399 2821 quas
1421 2748 1592 2807 creberrime
1614 2746 1819 2824 consponistas
1839 2744 1880 2803 ad-

545 2836 666 2895 mittunt
685 2832 729 2893 ad
747 2832 944 2905 dissonantias
964 2830 1111 2907 legitimas
1135 2832 1374 2907 conformandam
1400 2850 1456 2895 uec
1478 2842 1541 2895 erat
1561 2834 1648 2894 nobis
1671 2836 1808 2911 exceptio
1829 2832 1881 2901 aiis,

545 2940 634 2998 quam
656 2921 738 2994 uaso,
761 2919 840 2997 quod
862 2918 1072 2979 tenomtrario
1094 2918 1383 2996 ponteksedecagoui
1405 2937 1463 2979 non
1486 2930 1564 2981 esset
1579 2922 1764 2981 conformata
1777 2935 1880 2979 numen

545 3010 719 3085 angulorum
741 3007 852 3085 figurae
875 3004 1051 3079 immediate,
1075 3014 1108 3063 nt
1130 3014 1253 3081 ceierae,
1277 3024 1371 3084 eoquo
1393 3024 1452 3067 uon
1475 3008 1600 3087 propria,
1625 3008 1884 3068 resarcinant·

545 3098 625 3157 tibus
646 3096 754 3171 figuris,
775 3098 892 3171 trigono
914 3102 945 3153 st
965 3100 1132 3169 pentagono
1155 3100 1333 3155 transsumta
1356 3101 1386 3153 et
1407 3098 1450 3154 sio
1472 3098 1640 3155 mutuatitia
1663 3104 1696 3155 et
1712 3096 1883 3157 remotissimi

546 3183 672 3259 gradus3
694 3186 774 3254 itam,
787 3179 879 3257 cuod
898 3179 1026 3256 angulas
1046 3178 1167 3257 quidem
1189 3180 1476 3259 pmtstastssagont
1500 3168 1672 3259 congrueret
1691 3182 1762 3245 sius
1784 3180 1820 3241 ad
1841 3184 1884 3238 im-

543 3269 687 3349 pieodum
706 3268 804 3329 locum
826 3267 956 3345 pianum,
979 3274 1096 3341 attots
1117 3266 1211 3341 iiprra
1231 3285 1297 3327 crim
1313 3270 1818 3346 omuibusanguiis'eongruentism
1839 3284 1883 3326 non

546 3356 724 3423 admitteret
766 3356 841 3415 Cam
861 3356 950 3430 igitar
969 3349 1039 3433 ‘¹⁵43
1061 3361 1092 3413 et
1113 3356 1212 3415 sociae
1234 3357 1347 3417 ratione
1370 3373 1476 3416 consae
1497 3356 1703 3417 conformantis
1724 3364 1789 3417 earo
1810 3372 1884 3435 prope

546 3444 752 3511 manassias
772 3441 925 3513 accedant,
949 3440 1023 3517 quid
1046 3443 1161 3513 mimm,
1184 3442 1250 3502 iiiss
1273 3446 1361 3504 etiam
1384 3460 1440 3502 usu
1463 3444 1563 3503 ereino
1592 3446 1668 3504 inter
1690 3445 1884 3504 consonantias

545 3531 709 3593 mussat.
733 3529 864 3590 ‚tiosos
887 3545 958 3589 sero
980 3528 1043 3588 toni
1066 3523 1105 3607 Si,
1128 3536 1158 3588 at
1181 3524 1233 3609 ⁹4,
1255 3530 1355 3591 alteris
1372 3532 1502 3590 terminis
1524 3530 1695 3607 nonanguio
1711 3535 1884 3609 participant,

546 3618 641 3694 daura
661 3619 779 3694 penitus
800 3616 1066 3689 indemonstrabili,
1098 3631 1187 3691 quara
1217 3633 1419 3691 nonnanes,
1449 3617 1501 3677 sed
1525 3621 1643 3678 omnino
1672 3618 1817 3679 horridas
1830 3624 1884 3676 suni

545 3704 755 3779 dissonuaias,
771 3722 829 3782 per
850 3703 917 3765 iilos
940 3708 1099 3778 eommqus
1120 3704 1217 3763 weiss
1238 3707 1441 3783 proportiones
1462 3702 1516 3788 (Ὗ9
1547 3714 1577 3765 ιι
1600 3701 1640 3788 il,
1670 3713 1699 3765 at
1726 3701 1774 3789 7,-
1791 3714 1820 3766 ot
1833 3698 1885 3783 '⁹t„

546 3802 578 3853 st
600 3788 673 3875 ss„
693 3795 739 3853 sic
760 3785 799 3873 Ἰ5
815 3799 851 3851 at
879 3784 927 3871 ¹⁸s,
948 3786 1057 3869 ⁰t⁴³⁶is
1087 3796 1117 3849 et
1138 3784 1194 3872 iij„
1216 3800 1247 3851 et
1268 3788 1320 3873 ⁹s4,
1344 3784 1412 3871 eto.)
1433 3791 1594 3867 admissae,
1623 3792 1779 3869 multoque
1802 3794 1885 3851 honri·

546 3880 653 3952 diores,
674 3896 752 3956 quae
774 3897 811 3939 ox
831 3880 940 3937 tritono
961 3885 992 3937 ot
1012 3876 1117 3945 mutilo
1140 3878 1276 3955 diapente
1303 3879 1508 3956 similibusque
1538 3880 1700 3945 intervallis
1726 3880 1885 3945 condantur,

546 3968 584 4028 ds
607 3969 712 4044 quibus
735 3966 802 4035 uide
825 3966 993 4041 Astusioms
1023 3966 1154 4027 oriuntur
1176 3969 1254 4028 enim
1284 3976 1352 4043 post
1374 3974 1459 4026 tonos
1481 3966 1621 4041 majorem
1652 3975 1683 4027 et
1704 3970 1845 4034 minorem
1865 3974 1885 4021 et

546 4058 742 4126 semitonium
764 4072 805 4113 aa
828 4071 865 4114 ax
886 4053 990 4113 trorum
1012 4063 1046 4113 ut
1068 4051 1275 4113 oiementorum
1298 4056 1510 4132 compositione
1530 4066 1594 4115 uon¹
1610 4052 1755 4128 natarali,
1786 4067 1886 4130 sempor

547 4152 651 4204 satem
670 4149 814 4223 quantum
835 4159 855 4200 s
870 4149 999 4214 notura,
1021 4148 1135 4201 tantum
1158 4158 1177 4199 a
1197 4144 1347 4201 enaritate
1370 4140 1537 4201 disceditur.
1563 4141 1569 4151 ’

635 4229 736 4289 Tertio
758 4237 870 4289 ceurae
892 4227 1139 4288 damnassemus
1160 4226 1244 4303 isges
1263 4228 1387 4287 nomm
1400 4242 1509 4288 esrum
1531 4244 1637 4288 nomen
1660 4229 1805 4301 insinuat,
1830 4240 1885 4284 esu

548 4333 702 4394 apocopae
724 4314 925 4393 appellantur3
955 4317 1011 4375 etsi
1037 4315 1096 4373 hoc
1123 4322 1168 4374 ast
1199 4330 1352 4375 commune
1382 4314 1519 4394 accidens
1549 4324 1609 4375 tam
1640 4314 1885 4381 dissonantiamm,

549 4420 638 4480 qaam
659 4403 892 4479 imperfectorum
913 4402 1186 4474 consonantiarum,
1213 4401 1266 4463 sed
1289 4418 1366 4461 nunc
1396 4403 1433 4463 de
1456 4402 1646 4463 dissonantiis
1672 4404 1798 4478 aginam
1840 4398 1888 4456 Οι-

547 4490 661 4551 dinatio
682 4491 761 4549 onim
782 4488 840 4549 hoc
862 4496 976 4562 teuent,
1007 4496 1042 4549 ut
1063 4504 1099 4547 ea
1120 4494 1239 4547 uantur
1268 4506 1321 4549 oen
1352 4491 1492 4549 mento
1517 4498 1571 4552 sut
1594 4484 1666 4549 saie·
1688 4497 1740 4548 snt
1762 4495 1844 4549 meto
1864 4488 1886 4541 ir

548 4580 693 4655 opsoniis,
712 4575 835 4649 scilicet,
860 4582 893 4635 ut
914 4575 1034 4635 exiliis
1053 4591 1112 4635 nou
1133 4574 1208 4635 dunt
1229 4577 1341 4653 integra
1363 4576 1482 4649 faronis,
1505 4579 1549 4637 sic
1568 4579 1657 4636 ιιὶιιιι
1680 4575 1729 4635 hie
1743 4592 1802 4636 uon
1818 4582 1886 4632 totae

547 4667 717 4738 cantiones,
738 4666 796 4722 nisi
817 4679 943 4738 magnae
964 4662 1139 4740 emphaseos
1162 4678 1264 4737 musa,
1296 4670 1410 4725 amtent
1431 4664 1638 4738 dissonantias
1667 4679 1722 4723 nec
1745 4680 1811 4723 curs
1832 4662 1885 4735 ipso

547 4761 644 4814 tactam
665 4753 808 4829 principio
831 4767 891 4809 vox
910 4766 972 4811 una
992 4748 1094 4826 aitqua
1115 4750 1257 4827 incipiens
1278 4752 1398 4811 iacsrrit
1418 4754 1449 4809 in
1468 4759 1584 4811 ceteras
1606 4758 1809 4823 consonantes,
1832 4751 1885 4823 ipss

548 4840 683 4914 diswna,
706 4838 759 4899 sed
781 4838 879 4897 iurum
901 4844 932 4897 et
953 4836 1045 4897 seioti
1067 4838 1260 4912 tergiversata
1282 4837 1493 4909 dissonantiam
1521 4836 1664 4912 admittit,
1695 4837 1765 4897 dum
1787 4840 1817 4897 in
1840 4846 1885 4891 ooo

520 4970 526 4975 -
548 4927 615 4988 iooo
637 4928 815 5005 systematis,
837 4942 927 5001 quem
948 4926 1105 5001 occuparit
1126 4924 1243 4984 subiato
1266 4932 1346 4985 tactu
1369 4934 1399 4983 st
1420 4927 1463 4984 sio
1476 4927 1633 5001 posteriori
1645 4926 1799 5001 minusque
1816 4924 1884 5001 prin·

503 5029 506 5039 ·
548 5015 743 5092 cipaliparte
764 5022 861 5073 tactus
881 5014 1025 5089 incipiens
1045 5028 1150 5071 sonum
1172 5018 1296 5082 certam,
1320 5012 1568 5072 consentientibus
1590 5012 1719 5088 reiiqnis,
1742 5018 1809 5089 post
1829 5007 1885 5066 ilias

508 5109 513 5121 ·
549 5098 647 5161 tioitss
667 5100 866 5180 ipaa.diutias
888 5108 919 5160 et
939 5100 1018 5160 ultra
1038 5100 1213 5177 principium
1234 5102 1384 5175 mouentis
1406 5106 1502 5161 motus
1523 5108 1662 5173 moratur,
1687 5101 1734 5159 aia
1755 5107 1788 5158 nt
1810 5108 1883 5155 soem

621 5251 669 5350 ἃ..
665 5254 722 5296 Vide
734 5253 829 5295 ioannis
842 5250 926 5295 florias
939 5214 1030 5294 anani
1040 5252 1192 5295 Bononiensis
1210 5252 1250 5293 itu.
1264 5252 1296 5295 11.
1317 5252 1345 5311 ds
1365 5254 1414 5294 asts
1427 5226 1586 5305 compensum,
1608 5252 1646 5305 qui
1664 5254 1726 5295 totus
1749 5250 1785 5295 'ast
1804 5250 1830 5293 ds
1848 5245 1882 5287 dl*

549 5318 621 5351 sonu
