4242 6384
546 775 610 836 400
846 842 849 850 A
1056 767 1204 822 Ptolemaei
1220 767 1375 825 Harmonia.

547 949 674 1008 varietas
696 953 828 1006 motuum
850 945 879 1002 lu
902 943 1030 1022 planetis
1052 945 1186 1022 singulis,
1214 963 1273 1006 uon
1294 955 1392 1024 potest
1414 949 1471 1008 uisi
1495 952 1577 1010 varia
1599 957 1630 1010 et
1650 949 1792 1028 multiplex
1812 950 1859 1009 beri

546 1037 766 1114 proportionum
794 1035 868 1092 inter
891 1045 942 1092 eos
965 1033 1160 1094 consideratio
1190 1041 1219 1093 et
1240 1034 1350 1094 laboris
1371 1052 1430 1094 uon
1453 1037 1574 1096 minimi.
1618 1037 1695 1098 Sunt
1722 1039 1793 1098 enim
1809 1037 1860 1114 pls·

547 1125 623 1183 netis
647 1123 782 1182 omnibns
811 1123 856 1178 sui
881 1117 1110 1201 secennici¹¹¹)‚
1142 1137 1266 1197 quorum
1296 1121 1345 1182 rel
1366 1123 1496 1183 solorum
1528 1142 1619 1184 causa
1646 1126 1688 1183 illi
1719 1125 1788 1183 liunt
1804 1125 1861 1182 tardi

546 1210 594 1270 rel
617 1209 752 1284 veloces;
774 1216 843 1266 sunt
865 1217 894 1267 et
915 1206 1055 1291 epioycli,
1089 1209 1139 1284 qui
1162 1226 1220 1267 uon
1242 1217 1355 1269 tantum
1377 1211 1539 1272 velociores
1562 1212 1629 1271 illos
1651 1221 1772 1289 possunt
1790 1213 1863 1270 iacere

547 1315 635 1374 qnam
658 1297 845 1368 eccentricus,
867 1293 919 1354 ssd
942 1303 972 1356 et
987 1293 1074 1371 plane
1085 1297 1282 1370 stationarios,
1306 1305 1358 1356 aut
1372 1301 1460 1358 etiam
1476 1297 1728 1375 retrogradosll).
1753 1298 1786 1356 Iu
1799 1299 1865 1357 Luna
1890 1346 1891 1365 ,

545 1393 575 1444 et
596 1384 740 1444 Mercurio
770 1389 926 1460 apparatus
957 1381 1054 1442 adhue
1075 1381 1264 1458 multiplicior
1285 1381 1381 1462 esti).
1424 1385 1484 1445 Sed
1515 1387 1644 1462 generali
1667 1387 1805 1445 divisione
1827 1376 1891 1444 anti

545 1481 641 1531 motus
664 1473 890 1532 eccentricorum
912 1469 1033 1528 seorsim
1056 1469 1233 1529 considerari
1255 1482 1387 1547 possunt,
1410 1482 1463 1533 aut
1484 1481 1582 1532 motus
1597 1475 1791 1550 epioyclorum
1803 1490 1867 1532 seor·

544 1563 609 1634 sim,
634 1557 727 1619 veluti
748 1556 829 1630 nudi,
853 1563 883 1616 ct
904 1559 1053 1632 proportio
1077 1557 1180 1615 horum
1207 1557 1246 1616 ad
1268 1557 1336 1618 illos
1363 1561 1393 1616 iu
1414 1559 1541 1638 planatis
1564 1561 1703 1637 siugulis,
1734 1571 1782 1619 aut
1802 1559 1868 1620 deni·

545 1664 603 1724 quc
626 1645 779 1726 compositi
802 1651 899 1703 motus
921 1644 1065 1720 cujusque
1088 1661 1123 1702 er
1145 1652 1227 1703 motu
1249 1647 1411 1706 eccsntrico
1431 1655 1460 1706 et
1475 1649 1643 1726 epicyollco.
1690 1647 1786 1712 Primo
1798 1647 1866 1705 modo
1890 1646 1891 1695 i

546 1743 643 1793 motus
665 1733 848 1810 planetarum
878 1733 954 1790 iuter
975 1747 1007 1790 se
1030 1729 1114 1790 relati
1143 1739 1267 1809 possunt
1289 1735 1451 1810 comparari
1479 1739 1560 1794 sonis
1587 1735 1813 1795 consonantibus
1832 1734 1865 1791 rel
1890 1720 1891 1803 ξ

545 1821 782 1894 dissonantibus3
809 1817 937 1878 secundo
960 1815 1047 1878 modo
1075 1819 1210 1896 planetae
1233 1821 1343 1897 cinguli
1365 1822 1550 1880 invenientur
1571 1821 1680 1882 babere
1714 1820 1822 1899 aliquid
1838 1823 1867 1878 si-
1890 1868 1891 1875 ,

545 1908 613 1968 mile
636 1923 774 1985 generum
797 1913 915 1980 cantns3
938 1908 1039 1965 tertius
1061 1906 1184 1980 modus,
1208 1909 1316 1985 quippe
1340 1907 1572 1986 apparitionibus
1594 1917 1756 1987 cognatus,
1779 1925 1867 1966 rursum
1890 1908 1891 1947 l

547 1996 634 2055 insert
656 1994 902 2070 comparationem
924 1993 1104 2070 singulorum
1134 2011 1199 2053 cum
1222 1995 1415 2056 tetrachordia
1442 1999 1572 2056 ettonis
1603 1995 1805 2073 disjunctivis,
1830 2000 1891 2053 nec}

546 2085 642 2142 minus
665 2090 694 2142 et
717 2098 782 2140 cum
804 2083 1012 2140 consonantiis.

634 2169 741 2228 Prima‘
759 2169 847 2246 igitur
878 2174 906 2226 et
935 2166 1183 2246 principalissima
1210 2171 1389 2246 comparatio
1421 2172 1460 2228 sit
1487 2177 1620 2235 motuum
1652 2173 1891 2255 eccentricomm.p

547 2258 600 2318 Est
623 2263 721 2316 autem
742 2255 816 2314 haec
838 2255 902 2332 ipsa
924 2270 1042 2332 quoqne
1065 2257 1197 2331 gemina3
1214 2256 1275 2316 ‘vel
1298 2258 1375 2314 enim
1397 2265 1494 2317 motus
1521 2260 1597 2318 inter
1617 2276 1649 2318 se
1672 2257 1763 2317 medii
1791 2259 1891 2330 singu-i

546 2345 641 2406 lorum
663 2351 876 2419 comparantur,
901 2341 947 2402 vel
970 2343 1131 2402 velociores
1155 2359 1221 2402 eum
1235 2344 1412 2404 tardioribus
1435 2347 1463 2402 iu
1480 2345 1612 2423 siugulis,
1636 2353 1666 2404 et
1680 2343 1790 2420 singuli
1804 2345 1870 2400 urim

547 2449 612 2492 curn
635 2431 757 2508 singulis
780 2430 965 2505 reliquorum.
1010 2429 1064 2489 Est
1093 2431 1182 2505 igitur
1211 2429 1373 2490 mediorum
1397 2440 1530 2492 motuum
1552 2431 1751 2492 consideratio
1774 2433 1891 2508 propria

546 2519 634 2595 hujus
656 2519 728 2592 loci,
758 2525 805 2591 ut,
837 2518 907 2592 qnia
928 2517 1059 2593 proxime
1088 2516 1246 2593 deprimis
1269 2518 1455 2596 planetarum
1477 2519 1609 2597 sphaeris
1632 2521 1764 2596 egimus,
1793 2527 1869 2575 motus

547 2609 635 2666 etiam
657 2604 723 2664 illos
743 2605 805 2681 jam
827 2603 1031 2681 producamus,
1054 2606 1105 2680 qui
1126 2606 1226 2682 primis
1248 2603 1307 2663 illis
1329 2606 1462 2682 sphaeris
1484 2609 1576 2684 primo
1603 2615 1633 2665 et
1654 2624 1707 2684 per
1730 2625 1763 2666 se
1784 2606 1891 2663 insunt?

546 2691 611 2754 Hae
634 2695 721 2770 igitur
742 2693 944 2769 proportiones
966 2691 1052 2752 facile
1083 2694 1210 2750 numeris
1232 2693 1443 2768 exprimuntur,
1477 2697 1546 2770 quia
1575 2693 1741 2753 mediorum
1763 2690 1891 2751 motuum

545 2783 696 2858 proportio
721 2779 813 2838 veluti
837 2780 891 2838 sub
915 2779 1051 2854 signifero
1075 2779 1183 2838 circulo
1206 2779 1307 2838 eadem
1322 2788 1367 2839 est
1390 2798 1456 2840 cum
1470 2785 1657 2858 proportione
1674 2799 1782 2840 eversa
1795 2762 1891 2857 perio-l

546 2869 659 2930 dorum.
709 2863 750 2926 Ut
777 2869 847 2942 quia
875 2863 993 2925 Saturni
1016 2863 1155 2944 periodus
1184 2874 1229 2924 est
1256 2865 1294 2924 ad
1316 2866 1404 2926 Jovis
1426 2869 1578 2944 periodum
1607 2871 1684 2927 sicut
1707 2871 1751 2927 30
1782 2867 1817 2925 ad
1838 2867 1891 2933 ii„

545 2971 635 3033 quare
659 2957 723 3015 vice
746 2970 831 3012 versa
847 2945 1006 3031 'Saturniae
1035 2952 1178 3032 sphaerae
1209 2963 1307 3012 motus
1335 2955 1390 3014 sub
1413 2955 1478 3016 liris
1507 2963 1553 3016 est
1581 2955 1620 3014 ad
1642 2953 1756 3016 Joviae
1785 2964 1873 3012 motum

544 3051 578 3102 ut
602 3045 639 3102 12
664 3041 701 3101 ad
725 3035 834 3121 ³0V1).
1890 3054 1891 3101 l

631 3127 698 3188 Hoc
720 3129 818 3204 itaque
841 3135 928 3204 pacto
953 3135 997 3186 est
1019 3127 1095 3186 inter
1116 3133 1214 3186 motus
1236 3125 1354 3190 Saturni
1377 3127 1506 3187 ctJoris
1530 3130 1692 3204 proportio,
1717 3145 1795 3206 quae
1816 3104 1891 3184 inrui

548 3215 566 3275 5
590 3221 620 3276 et
642 3219 661 3274 2
684 3215 753 3288 lere,
777 3217 850 3274 inter
873 3213 991 3274 Saturni
1013 3221 1042 3274 et
1063 3213 1185 3286 Martis,
1217 3231 1294 3289 quae
1316 3216 1390 3273 inter
1414 3219 1454 3274 16
1476 3223 1506 3274 et
1530 3219 1545 3274 1
1570 3215 1619 3276 rel
1648 3218 1690 3273 4⁷
1722 3224 1754 3278 et
1777 3218 1795 3274 3
1816 3215 1872 3281 iere,

422 3315 423 3318 ’
545 3306 621 3363 inter
644 3301 761 3363 Saturni
786 3310 815 3360 et
837 3301 930 3375 Solis,
963 3299 1087 3361 Veneris
1109 3309 1139 3362 et
1161 3300 1307 3375 Mercurii,
1329 3317 1407 3377 quac
1430 3304 1471 3362 30
1494 3302 1532 3361 ad
1559 3306 1593 3376 13
1622 3305 1701 3362 iuter
1723 3303 1836 3363 Saturni
1852 3294 1891 3355 et

546 3389 657 3464 Lunae,
683 3405 760 3466 quae
783 3391 845 3448 364
870 3389 907 3447 ad
933 3391 959 3446 1.
1005 3387 1054 3448 Sic
1076 3391 1151 3447 inter
1172 3387 1260 3447 doris
1288 3397 1318 3447 ot
1339 3387 1457 3458 Martis,
1488 3407 1565 3465 quae
1586 3391 1661 3449 inter
1685 3391 1705 3449 6
1731 3399 1762 3449 et
1787 3393 1816 3463 l,
1838 3383 1872 3442 rel

545 3477 624 3538 intor'
647 3478 692 3536 lt
709 3483 740 3536 et
762 3477 780 3534 3
804 3477 939 3553 propius3
961 3477 1037 3534 inter
1058 3474 1147 3534 Jovis
1169 3481 1199 3534 et
1220 3473 1313 3550 Solis,
1336 3475 1461 3537 Veneris
1484 3487 1514 3536 et
1536 3475 1688 3552 Mercurii,
1718 3493 1797 3554 quae
1817 3477 1872 3531 iuter

546 3567 584 3624 12
609 3572 639 3624 et
669 3567 685 3622 1
719 3563 767 3621 rel
799 3565 872 3621 inter
899 3563 959 3621 107
984 3571 1013 3620 et
1036 3563 1065 3622 9.
1111 3562 1190 3623 Inter
1212 3560 1301 3620 Joris
1323 3569 1353 3623 et
1374 3563 1491 3636 Lunae,
1519 3568 1595 3639 qua'e
1622 3565 1699 3623 iuter
1724 3567 1787 3624 147
1809 3569 1834 3621 ct
1853 3563 1870 3615 1.

546 3651 626 3711 Inter
653 3649 758 3710 Martis
789 3657 818 3709 et
845 3648 939 3724 Solis,
971 3649 1093 3709 Veneris
1123 3657 1154 3708 et
1173 3648 1329 3724 Mercurii,
1358 3668 1434 3726 quae
1462 3653 1537 3710 inter
1560 3651 1621 3713 916
1651 3651 1789 3726 et48'13
1817 3653 1872 3705 inter

545 3737 649 3798 Martis
673 3745 703 3798 ei
724 3737 841 3811 Lunae,
865 3753 940 3814 qnae
963 3738 1037 3797 iuter
1059 3739 1099 3794 21
1123 3744 1154 3798 et
1178 3740 1191 3794 l
1217 3737 1330 3797 ve180
1354 3746 1384 3797 et
1406 3740 1435 3796 3.
1479 3739 1559 3798 luter
1579 3736 1671 3813 Solis,
1695 3738 1819 3798 Veneris
1838 3732 1871 3791 rel

545 3825 699 3900 Mercurii,
723 3832 752 3884 et
773 3825 848 3884 inter
869 3823 988 3898 Lunae,
1012 3819 1100 3900 quae‘
1115 3827 1152 3883 12
1176 3823 1214 3883 ad
1239 3827 1254 3882 1
1280 3824 1328 3884 rel
1352 3827 1415 3884 235
1437 3823 1476 3892 ad
1501 3827 1562 3896 19„

630 3913 733 3990 Neque
763 3913 912 3990 praeteriri
942 3911 1029 3970 debet
1051 3927 1106 3970 nec
1126 3911 1198 3984 hoc,
1229 3911 1308 3986 quod
1330 3913 1406 3971 sicut
1435 3897 1650 3989 in‘'systemate
1676 3915 1792 3971 musico
1813 3908 1891 3993 duao3

546 3999 672 4061 chordae
701 3999 834 4060 divorsae
865 4001 1006 4059 crassitiei
1033 3995 1114 4058 teudi
1142 4007 1266 4074 possunt
1294 4001 1324 4056 in
1348 4016 1438 4058 unum
1465 4002 1609 4073 sonitum,
1643 4017 1744 4058 crassa
1773 3995 1891 4074 quiden}

544 4089 709 4162 remissius,
732 4087 848 4162 gracilis
873 4103 942 4147 vero
964 4085 1082 4161 durius,
1104 4085 1241 4144 methodo
1265 4085 1332 4160 illa,
1362 4103 1423 4162 qua
1451 4085 1605 4146 docuimus
1632 4086 1709 4145 libro
1731 4086 1773 4147 11.
1795 4082 1891 4161 geni-3

544 4183 614 4234 nata
643 4173 832 4234 monochordi
862 4174 1059 4253 applicatione
1086 4181 1217 4249 systema
1238 4174 1396 4247 iustruere,
1427 4176 1471 4233 sic
1502 4176 1591 4234 etiam
1623 4175 1652 4232 in
1685 4173 1796 4232 mundo
1827 4181 1870 4227 tres

544 4261 715 4338 inaequales
745 4260 905 4337 sphaerae,
935 4259 1014 4320 Solis
1041 4261 1184 4332 maxima„
1212 4259 1334 4319 Veneris
1364 4260 1477 4334 media,
1507 4261 1645 4321 Mercurii
1668 4260 1869 4336 angustissima

545 4357 656 4409 motum
685 4365 775 4408 rrunm
808 4349 863 4408 sub
893 4346 1016 4406 andiaco
1046 4345 1255 4424 periodumque
1287 4349 1403 4408 unicam
1433 4350 1571 4425 temporis
1600 4356 1668 4408 sunt
1690 4350 1810 4407 sortitae
1818 4339 1870 4414 l¹¹)-

545 4434 658 4512 Quodsi
675 4435 739 4512 jnm
761 4437 937 4496 accesserint
957 4433 996 4494 ad
1018 4434 1073 4494 hos
1094 4432 1207 4493 medios
1229 4441 1326 4494 motus
1350 4435 1506 4495 intervalla
1527 4435 1708 4512 singulorum
1730 4437 1805 4494 inter
1823 4438 1871 4489 tas·

545 4522 666 4583 ditatam
688 4525 718 4580 in
741 4538 874 4600 apogaoo
898 4523 1051 4583 eccentrlci
1080 4529 1110 4581 et
1130 4519 1317 4581 velocitatem
1344 4523 1375 4580 ln
1396 4523 1552 4601 parigaeo,
1579 4522 1665 4583 facile
1687 4530 1786 4600 patet,
1811 4521 1870 4576 inter

488 4626 490 4634 ’
544 4611 630 4671 binos
656 4609 790 4687 planetas
818 4625 905 4686 posse
938 4610 1062 4668 existere
1091 4610 1294 4686 proportiones
1324 4609 1407 4687 alias·
1426 4617 1515 4685 atque
1537 4608 1622 4671 alias.
1667 4609 1784 4673 Mutata
1809 4605 1869 4665 enim

544 4691 630 4757 unius
654 4697 829 4770 velocitate,
859 4703 891 4756 ut
913 4698 1051 4769 termino,
1083 4697 1370 4774 manente‘reliquo,
1399 4700 1616 4774 proportionem
1638 4698 1746 4756 mutari
1767 4706 1868 4754 necesse

544 4793 589 4846 est
617 4791 701 4845 tauta
732 4801 785 4862 per
813 4783 944 4861 singulos
974 4783 1142 4844 accessione
1170 4781 1218 4842 rel
1247 4785 1461 4857 subtractione,
1494 4791 1635 4860 quantam
1658 4785 1713 4843 lert
1745 4783 1867 4857 cujusque

544 4873 753 4933 ecceutricitas.
799 4871 997 4931 Veruntamen
1024 4886 1084 4929 non
1110 4869 1167 4929 soli
1190 4873 1343 4930 eccentrici
1371 4869 1589 4948 (praeterquam
1619 4873 1651 4928 iu
1672 4864 1867 4929 luminaribus),

545 4958 598 5021 sed
622 4961 709 5020 etiam
733 4957 857 5038 epioycli
879 4961 1006 5018 incitant
1023 4955 1072 5017 vel
1094 4955 1248 5018 debilitant
1269 4967 1375 5016 motus.
1420 4958 1523 5034 Itaque
1539 4959 1612 5018 haec
1626 4974 1694 5034 pars
1709 4958 1791 5035 primi
1805 4949 1867 5011 modi

454 5113 459 5120 ῃ
546 5063 697 5107 commuue
726 5045 797 5124 quid
824 5047 913 5106 habet
941 5063 1006 5106 cnm
1034 5043 1124 5103 modo
1155 5045 1251 5104 tertio.
1294 5043 1489 5104 Transeamus
1520 5061 1598 5104 nunc
1625 5045 1664 5103 ad
1694 5041 1866 5121 epicyclorum

545 5133 814 5210 considerationem,
838 5126 914 5210 quae
936 5149 1060 5192 numero
1080 5129 1209 5190 secunda
1230 5131 1294 5190 fuit
1338 5131 1422 5192 Haec
1444 5135 1520 5192 euim
1538 5132 1686 5209 peculiare
1708 5139 1737 5190 et
1758 5126 1866 5187 insolens

545 5219 658 5298 aliquid
680 5221 778 5283 babet.
823 5221 857 5280 In
880 5219 1020 5300 epioyclis
1043 5219 1120 5280 enirn
1143 5219 1218 5279 ratio
1239 5227 1371 5279 motuum
1400 5226 1445 5279 est
1467 5221 1612 5280 contraria
1633 5219 1759 5280 motibus
1780 5227 1865 5276 cccco·
