4242 6384
532 836 595 905 l,³l
834 823 838 831 ’
1082 826 1126 881 De
1142 822 1371 895 Propertionibna

531 1005 629 1076 spon
646 1009 693 1071 est,
710 1005 873 1085 paneam
890 998 1419 1073 ipsopotituretnseipeapeeeioner
1436 1000 1878 1071 enneat'rnoeeiurineireulrn,

515 1079 548 1133 ,r
567 1076 721 1128 animarum
740 1072 799 1143 φη
817 1090 916 1145 empna
935 1079 974 1127 en
1010 1076 1026 1121 s
1045 1070 1176 1140 temporis
1194 1070 1316 1136 effrenis
1334 1076 1373 1125 est
1387 1086 1441 1141 per
1459 1073 1642 1129 revolutiones
1658 1081 1800 1137 aaronem
1818 1082 1830 1124 i
1845 1077 1878 1127 ln·

532 1145 576 1199 bet
592 1158 675 1199 soora
692 1151 768 1198 certo
784 1144 894 1210 eiderm
912 1141 943 1196 in
959 1113 1083 1195 lleorurn
1100 1154 1242 1209 numerum
1259 1138 1367 1220 reluta,
1384 1156 1455 1209 qnae
1472 1156 1577 1195 annun
1595 1160 1739 1215 mepnum.
1757 1150 1786 1199 ut
1799 1146 1879 1213 persee-

531 1220 596 1268 tnrn
615 1214 776 1281 sufficiunt,
807 1219 838 1264 10
856 1211 1033 1281 undiquaque
1046 1212 1171 1279 perlecto
1189 1214 1228 1261 est
1245 1216 1411 1263 uniuersetoe
1427 1226 1530 1277 enum,
1558 1213 1661 1268 babens
1678 1216 1710 1267 in
1727 1228 1756 1268 se
1772 1214 1880 1267 oninotu

532 1285 639 1350 enne,
658 1282 1066 1352 maurimonasterium
1084 1282 1174 1346 (esar
1191 1277 1279 1343 nouo,
1298 1284 1361 1333 noa
1378 1281 1454 1347 aas,
1478 1281 1569 1349 puers
1586 1299 1691 1351 mene,
1719 1284 1881 1353 murth

530 1355 642 1423 terroe).
677 1353 742 1407 Hoc
763 1359 848 1423 pecto
874 1353 910 1407 ob
926 1353 1033 1405 unitate
1051 1351 1095 1415 (ut
1111 1348 1303 1417 Pythagoran
1328 1350 1476 1416 „neumis
1493 1366 1527 1405 en
1553 1354 1666 1419 antru‘)
1691 1356 1840 1423 properatio
1854 1362 1881 1405 ret

530 1440 614 1493 sesque
631 1422 670 1477 ad
687 1430 806 1492 mutuor
833 1422 876 1487 (ut
892 1422 935 1475 ilii
951 1420 1056 1489 „donec
1068 1419 1196 1473 venatur
1213 1416 1251 1470 ud
1268 1416 1358 1486 ipsum
1371 1419 1479 1474 tetrade
1491 1416 1644 1489 diuinam‘)
1662 1424 1754 1493 sicque
1765 1423 1881 1477 &nonan

525 1494 616 1561 perit,
635 1500 751 1546 snutrein
770 1493 898 1559 omniurn,
916 1492 960 1545 uti
977 1490 1105 1544 diximus.
1144 1486 1199 1542 Est
1217 1493 1309 1541 autem
1326 1489 1445 1543 unitatis
1457 1506 1621 1559 propressns
1638 1491 1807 1561 huiusmodi:
1829 1508 1884 1545 unm

460 1592 465 1607 .
529 1565 602 1616 enim
619 1569 660 1617 eet
676 1561 810 1629 mnndua;
828 1562 953 1617 binarius
970 1561 1062 1629 ciperet
1075 1558 1197 1627 puniunt
1214 1558 1246 1609 in
1264 1570 1294 1609 eo
1312 1558 1531 1626 comprehensam
1548 1560 1790 1630 multiplicitatem
1813 1567 1884 1615 urna·

527 1632 588 1687 rins
603 1633 741 1686 uinculum
758 1637 784 1684 et
800 1632 911 1698 nodum,
931 1630 1101 1698 cooptationi
1118 1642 1209 1682 renem
1225 1628 1423 1695 massarium
1441 1644 1507 1682 narn
1523 1636 1556 1683 ut
1573 1630 1644 1685 dune
1655 1632 1734 1686 soloe
1751 1648 1793 1685 rer
1809 1637 1884 1684 count

527 1703 560 1755 in
575 1717 677 1768 unum,
695 1702 810 1755 erorum
828 1718 847 1754 a
863 1702 961 1767 tertio,
984 1714 1042 1753 non
1059 1704 1099 1752 eet
1112 1697 1251 1767 possibile.
1290 1694 1492 1765 Quaternnrins
1509 1706 1549 1753 eet
1567 1716 1698 1756 numurus
1716 1702 1883 1765 elementorum

528 1771 657 1839 definitor
675 1777 701 1825 et
718 1772 872 1828 ementes
908 1770 1033 1824 Mundus
1051 1768 1180 1822 entorses
1197 1781 1296 1834 cerpus
1312 1767 1439 1833 solidum,
1454 1768 1545 1822 solida
1557 1772 1695 1826 cerodae
1715 1772 1819 1825 dnobus
1834 1784 1883 1823 sen·

523 1857 578 1911 per
594 1841 786 1895 medietatibus
803 1841 933 1911 indipent,
962 1845 993 1893 ut
1010 1840 1041 1892 in
1059 1838 1192 1892 connnuo
1206 1837 1388 1905 proportione
1404 1845 1565 1907 eonpruont.
1602 1839 1714 1895 Horum
1732 1856 1794 1894 uero
1812 1843 1852 1905 (sc.
1869 1846 1882 1891 1.

529 1917 555 1979 a,
574 1916 589 1962 ³
609 1917 635 1965 et
652 1911 681 1976 t)
699 1926 806 1965 summo
825 1916 863 1964 est
882 1910 1027 1974 denarius,
1054 1908 1087 1961 de
1103 1922 1158 1976 quo
1177 1906 1315 1959 hactenus.
1352 1906 1409 1959 Hie
1424 1908 1495 1960 enim
1514 1915 1631 1964 motus
1648 1918 1688 1965 eet
1705 1908 1881 1966 uniuersitatis

527 1990 595 2043 hoec
614 1988 672 2055 dos,
691 2005 748 2058 queo
764 1987 873 2042 dotauit
890 1988 966 2040 ilion
982 1986 1074 2053 foetor
1091 1984 1158 2051 que.
1187 1978 1338 2038 Hactenus
1352 1980 1537 2041 Camerarius
1560 2000 1596 2041 ex
1612 1986 1771 2057 veteribus,
1793 1984 1881 2058 quibus

531 2072 674 2149 pleraque
702 2072 916 2130 consentientia
945 2067 1075 2128 inculcat
1102 2066 1227 2127 Hermes
1249 2064 1458 2143 Trismegistus
1489 2064 1640 2151 (quisquis
1670 2071 1722 2133 ille
1751 2070 1814 2146 luit]
1838 2068 1882 2125 filio

529 2176 585 2219 suo
608 2158 706 2231 Tatio,
732 2158 816 2233 cujus
832 2157 906 2217 haec
921 2156 1028 2215 rerba:
1055 2158 1172 2228 „unitas
1188 2153 1349 2215 secundum
1364 2157 1508 2215 rationem
1530 2156 1681 2217 denarium
1705 2157 1883 2234 complectitu

529 2262 703 2321 rursumque
726 2245 1052 2304 denarius·unitatem.“
1084 2240 1201 2301 Deinde
1217 2242 1474 2318 concupiscibilem
1489 2246 1606 2303 atrimae
1628 2246 1801 2310 laenitatem
1820 2256 1882 2302 com·

529 2336 613 2412 ponit
638 2350 674 2394 ex
699 2335 738 2391 ta
762 2332 924 2404 ultoribus,
954 2348 1007 2389 seu
1030 2330 1111 2388 vitiis
1139 2330 1243 2388 ethicis
1272 2329 1485 2388 adnumerum
1516 2332 1665 2407 signorum
1696 2332 1823 2403 zodiaci,
1849 2330 1882 2387 cui

529 2438 635 2499 corpus
659 2428 689 2480 et
710 2418 788 2478 hanc
810 2418 848 2477 ad
865 2434 971 2495 corpus
988 2426 1157 2492 vergentem
1172 2418 1287 2476 animae
1304 2418 1467 2494 potentiam
1482 2418 1611 2493 subjicit,
1635 2420 1810 2481 rationalem
1831 2432 1882 2475 vert

528 2507 698 2569 {acuitatem
720 2510 836 2565 animae
858 2523 895 2565 ex
917 2505 1038 2565 denario
1060 2512 1090 2563 et
1113 2506 1176 2581 ipse
1199 2506 1347 2581 componit
1370 2507 1511 2565 virtutum
1533 2506 1705 2567 etlricarum.
1751 2510 1800 2567 Sic
1822 2500 1883 2579 quel

528 2594 727 2672 Pythagoraei
759 2594 908 2653 celebrant
935 2600 1080 2670 tetructyn
1111 2592 1220 2651 iontem
1248 2592 1427 2665 animarum,
1458 2600 1488 2653 et
1520 2592 1705 2654 Camerarius
1733 2594 1828 2675 plures
1853 2590 1883 2646 ait

528 2684 619 2743 luisse
641 2689 809 2759 tetractyas,
832 2694 892 2739 non
915 2679 996 2738 illam
1018 2679 1124 2751 solnm,
1148 2674 1225 2755 quae
1249 2696 1268 2738 a
1290 2680 1468 2755 quaternarii
1492 2680 1558 2739 basi
1582 2684 1674 2757 surgit
1698 2682 1739 2743 ad
1761 2692 1882 2741 summan

532 2772 581 2844 10,
604 2769 656 2830 sed
679 2772 768 2831 etiam
783 2768 874 2828 aliam
888 2770 1085 2846 praecipuam,
1109 2784 1184 2842 quae
1200 2767 1238 2826 ab
1255 2764 1398 2843 ogdoadis
1413 2768 1476 2829 hesi
1500 2767 1537 2827 ad
1562 2771 1701 2831 verticem
1725 2759 1817 2845 usque
1836 2762 1881 2824 ccl·

532 2858 598 2935 ligit
622 2874 768 2917 summam
791 2858 848 2915 36:
872 2856 951 2915 idem
972 2864 1003 2913 et
1017 2852 1122 2913 Tatius
1145 2854 1192 2913 hic
1215 2872 1252 2913 ex
1275 2854 1408 2915 doctrina
1430 2858 1521 2931 patris
1536 2854 1684 2917 llermotis
1708 2858 1810 2927 innuit,
1832 2852 1882 2909 dnm

529 2952 644 3023 tempus
667 2948 710 3003 ait
731 2946 835 3016 luisse,
872 2958 938 3001 eum
961 2945 1025 3019 ipse
1047 2941 1144 3000 adhuc
1174 2950 1253 3000 esset
1279 2944 1308 2999 iu
1337 2940 1489 3016 ogdoade,
1520 2947 1686 3019 octonario;
1719 2944 1810 3005 filium
1830 2952 1881 2996 rere

528 3044 613 3111 pater
640 3032 679 3090 ad
700 3029 890 3089 Pimandrum
912 3031 1049 3102 remittit,
1082 3028 1118 3089 de
1149 3030 1299 3088 octonario
1330 3034 1500 3104 canentem,
1531 3032 1559 3087 in
1590 3046 1649 3108 quo
1677 3050 1751 3093 sane
1780 3024 1882 3089 eccunit

529 3120 697 3179 octonarius
719 3117 875 3176 habituum
897 3118 1013 3175 animae
1037 3114 1215 3187 ethicorum,
1239 3124 1351 3193 septem
1374 3114 1493 3191 quidem
1514 3119 1757 3194 respondentium
1779 3112 1882 3196 planetis

528 3217 658 3284 septem,
689 3212 722 3263 ut
743 3213 880 3282 apparet,
909 3205 994 3262 initio
1016 3219 1035 3260 a
1057 3201 1143 3260 Luna
1166 3204 1259 3277 lacto,
1288 3206 1386 3263 octavi
1417 3220 1489 3263 vero
1515 3204 1668 3266 divinioris
1700 3218 1731 3267 et
1752 3200 1883 3283 quietioris

529 3293 569 3352 ad
590 3293 732 3371 sphaeras
755 3300 827 3369 puto
849 3290 973 3349 fixarum
995 3288 1102 3347 ideam.
1148 3286 1255 3348 Omnia
1277 3292 1365 3349 etiam
1388 3298 1529 3365 geruntur
1550 3310 1603 3370 per
1624 3294 1811 3367 harmoniam
1831 3286 1882 3366 pll-

529 3382 604 3440 rima
625 3378 783 3439 inculcatio
805 3376 924 3451 silentii,
946 3377 1073 3455 plurima
1095 3379 1201 3448 mentis
1224 3379 1416 3453 veritatisque
1438 3382 1566 3455 mentio;
1600 3385 1774 3459 proponitur
1796 3388 1823 3438 et
1843 3390 1882 3431 ti·

530 3476 621 3542 trum,
645 3465 766 3541 landus,
790 3464 955 3542 penetrale,
979 3472 1072 3523 crater
1094 3466 1257 3523 animarum
1280 3472 1309 3525 et
1332 3474 1427 3524 cetera
1449 3466 1553 3536 multa,
1589 3478 1622 3526 ut
1645 3469 1768 3529 dubium
1792 3462 1883 3525 nullum

530 3571 596 3616 esse
628 3556 739 3632 possit,
772 3554 842 3629 quin
865 3560 918 3611 aut
938 3552 1125 3629 Pythagoras
1148 3550 1332 3624 hermetiset,
1363 3560 1415 3610 aut
1438 3551 1562 3613 Hermes
1584 3555 1797 3633 pythagoriset.
1838 3549 1883 3607 At·

530 3642 609 3702 cedit
629 3640 760 3701 enim'et
781 3640 853 3713 hoc,
885 3639 964 3715 quod
988 3637 1113 3698 Hermes
1135 3638 1315 3715 theologiam
1337 3638 1485 3715 quandam
1508 3640 1596 3699 tradit
1618 3642 1789 3723 cultumque
1811 3632 1884 3697 divini

530 3731 675 3804 numinis,
699 3742 788 3805 saepe
811 3727 921 3799 Mosis,
952 3742 1042 3804 saepe
1066 3726 1274 3803 Evangelistae
1297 3725 1424 3787 Juannis
1447 3728 1476 3785 in
1499 3744 1554 3786 suo
1577 3746 1663 3788 sensu
1686 3729 1883 3808 paraphrastes

530 3819 701 3895 praesertim
724 3814 760 3875 de
782 3815 1013 3891 regeneratione,
1037 3816 1278 3890 ceremoniasque
1295 3814 1439 3891 discipulo
1455 3823 1548 3875 certas
1565 3818 1710 3893 inculcat;
1734 3810 1883 3879 cumidem

531 3905 567 3965 de
590 3905 806 3982 Pythagoraeis
829 3902 974 3963 affirment
996 3910 1149 3975 auctores,
1179 3910 1291 3979 partem
1322 3918 1422 3962 eorum
1456 3902 1624 3979 theologiae
1647 3907 1797 3983 variisque
1817 3913 1883 3959 cert·

531 3995 639 4053 moniis
662 4000 692 4051 st
713 3990 971 4069 superstitionibus
994 3988 1125 4048 deditam
1148 3988 1254 4063 luisse,
1284 3998 1315 4049 et
1337 3988 1460 4048 Procius
1483 3990 1698 4066 Pythagoricus
1721 3988 1882 4063 meotogiau

529 4082 560 4137 in
582 4096 768 4140 numerorum
791 4076 1038 4154 contemplatione
1060 4076 1193 4136 collocet.
1346 4076 1353 4093 ⁸

618 4166 701 4226 Haec
723 4183 776 4243 per
798 4164 1025 4242 digressionem:
1056 4165 1209 4225 redeamus
1238 4176 1317 4223 nunc
1347 4161 1384 4221 ad
1406 4162 1637 4241 Pythagoricum
1667 4165 1882 4227 harmonicorum

530 4256 752 4333 proportionum
774 4251 1063 4313 demonstrationem.

617 4340 697 4399 Huic
726 4342 803 4398 enim
834 4338 1062 4416 philosophandi
1089 4338 1201 4396 iortnae
1235 4352 1287 4413 per
1318 4352 1455 4397 numeros
1485 4345 1637 4415 tantopere
1665 4340 1782 4399 inerunt
1809 4327 1882 4393 dediti

531 4427 739 4507 Pythagoraei,
763 4426 878 4500 etjam
896 4444 934 4485 ne
956 4426 1072 4485 aurium
1094 4424 1213 4499 quidem
1232 4422 1346 4499 jndicio
1368 4432 1490 4497 starent,
1517 4442 1640 4501 quarum
1664 4434 1762 4487 tamen
1785 4418 1881 4484 indietis

530 4516 569 4577 ad
592 4512 810 4594 philosophiam
831 4512 907 4571 hanc
930 4514 1012 4571 initio
1035 4518 1209 4589 perventum
1232 4518 1303 4583 erat,
1337 4510 1390 4573 sed
1418 4510 1489 4589 quid
1513 4516 1686 4573 coticinnum
1709 4522 1799 4586 esset,
1825 4498 1882 4582 qnid

530 4605 747 4673 inconcinnum,
773 4599 844 4675 quid
867 4616 1042 4672 consonum,
1067 4598 1138 4675 quid
1161 4597 1327 4678 dissonum,
1350 4617 1388 4659 ex
1409 4599 1480 4658 solis
1503 4602 1566 4660 suis
1588 4602 1716 4661 numeris
1738 4596 1881 4662 definirent,

531 4694 592 4750 vim
622 4692 762 4750 iacientes
795 4689 945 4745 instinctui
974 4686 1102 4746 naturali
1131 4684 1259 4745 auditne.
1304 4682 1451 4763 Stetitque
1480 4690 1611 4763 tyrannis
1643 4692 1700 4747 ista
1729 4680 1881 4747 harmonice

531 4795 626 4854 usque
649 4778 687 4837 ad
710 4774 928 4847 Ptolemaeum,
960 4776 1011 4851 qui
1038 4774 1149 4852 primus
1178 4780 1245 4833 ante
1275 4790 1368 4833 annos
1394 4774 1477 4833 1500
1505 4790 1623 4833 sensum
1653 4774 1771 4834 auditus
1794 4774 1878 4832 coniti

531 4866 749 4944 philosophiam
773 4862 1000 4939 Pythagoricum
1023 4864 1150 4920 asseruit
1172 4862 1339 4938 recepitque
1367 4861 1442 4920 inter
1464 4865 1607 4921 concinna
1628 4880 1686 4923 non
1709 4868 1819 4921 tantum
1839 4866 1880 4911 tl·

532 4970 586 5030 pra
607 4952 700 5012 dictas
722 4951 926 5028 proportiones
954 4958 984 5008 at
1005 4949 1228 5025 sequioctavam
1258 4965 1309 5024 pro
1334 4955 1422 5021 tono,
1455 4948 1513 5007 sed·
1530 4948 1649 5009 admisit
1670 4952 1758 5008 ctiam
1780 4938 1880 5018 sesqui·

532 5056 639 5099 nonam
662 5056 716 5117 pro
738 5048 808 5097 tono
831 5037 952 5107 minori,
976 5044 1004 5095 et
1026 5034 1343 5113 sesquiquindecimam
1365 5052 1417 5113 pro
1439 5027 1612 5113 semitonio}
1632 5054 1687 5096 nec
1709 5044 1818 5097 tantum
1838 5041 1879 5085 εῦ-

533 5126 773 5208 perparticnlares
795 5124 871 5187 alias
893 5123 1006 5183 addidit
1029 5124 1067 5183 ab
1091 5125 1210 5183 auribus
1233 5124 1381 5201 probatas,
1404 5132 1437 5181 ut
1458 5126 1708 5201 sesquiquartam,
1732 5124 1783 5185 sed
1805 5119 1878 5180 stitit1

534 5233 569 5276 ex
593 5214 871 5292 superpartientibus
893 5212 1019 5273 adscivit
1039 5210 1164 5288 aliquas,
1188 5219 1220 5269 ut
1242 5214 1317 5270 inter
1339 5212 1368 5281 3,
1393 5212 1410 5269 5
1435 5216 1465 5271 et
1487 5214 1561 5271 inter
1578 5214 1606 5285 5,
1631 5212 1649 5272 8
1672 5220 1702 5271 et
1722 5211 1805 5271 alias.
1824 5200 1879 5263 ΗΟ6

532 5312 621 5385 pactu
642 5300 831 5363 Ptolemaeus
850 5301 1083 5378 speculationem
1102 5296 1331 5377 Pythagoricum
1353 5298 1390 5361 de
1412 5306 1477 5359 ortu
1504 5301 1723 5379 proportionum
1745 5286 1879 5363 hunoru-
