4242 6384
728 698 813 762 Liber
829 701 879 800 m
898 705 986 778 Caput
1002 699 1050 762 VI.
1502 715 1565 787 355

300 879 372 936 liotu
390 880 465 937 xlv.
502 879 565 936 Jam
586 880 759 936 rationalium
788 881 960 951 septenarius
981 881 1062 938 valde
1081 881 1202 960 diversas
1231 883 1345 944 adistis
1368 887 1567 958 complectitur.

244 958 350 1014 'acanus
364 960 440 1014 'enim
457 959 572 1014 rimulas
596 960 796 1014 assuefactione
821 959 973 1029 comparari
990 959 1167 1034 potuerunl,'
1177 968 1208 1016 nt
1227 970 1254 1018 et
1277 971 1382 1036 septem
1399 967 1568 1024 intellectua-

245 1053 281 1090 un
297 1038 459 1103 nonnullae,
477 1045 506 1092 et
521 1038 590 1107 ipsa,
608 1053 680 1108 qnae
698 1038 741 1092 his
760 1038 1062 1108 septem-facultatibus
1081 1042 1213 1097 instructa
1232 1057 1294 1098 esse
1306 1043 1395 1115 debet,
1413 1045 1568 1116 prudentia,

245 1114 390 1170 udmslium
408 1132 470 1172 aaa
506 1117 544 1170 At
557 1112 773 1184 jau'intarhas
791 1124 897 1186 septem
916 1117 979 1173 sunl
991 1112 1052 1173 non
1070 1119 1180 1175 habitus
1198 1121 1392 1178 exercitatione
1410 1127 1569 1206 comparati²

244 1190 266 1244 ed
282 1201 377 1250 natura
395 1195 452 1252 dati
469 1196 552 1252 certis
569 1195 725 1264 individuis,
744 1205 776 1252 ut
788 1204 837 1252 est
853 1211 980 1266 amman,
1003 1197 1099 1262 εὐφυια
1117 1207 1166 1254 seu
1184 1199 1299 1273 indoles,
1318 1201 1437 1259 solertis.
1474 1205 1571 1260 liecol-

244 1269 275 1336 git
290 1271 360 1327 enim
387 1289 417 1328 se
434 1274 622 1344 Ptolemaeus,
646 1277 721 1345 quod
738 1277 792 1334 hoc
809 1283 893 1348 caput
917 1278 1028 1346 proprie
1046 1277 1084 1333 sit
1102 1278 1262 1346 deputatum
1287 1281 1432 1350 speciebus
1455 1282 1570 1337 facolta-

244 1367 273 1402 ιιι
289 1351 370 1405 animi
389 1367 537 1424 earumque
560 1356 672 1414 summis
691 1354 859 1428 differentiis.
894 1357 966 1412 Puto
985 1365 1076 1412 antem
1101 1373 1152 1427 pro
1170 1358 1282 1416 arbitrio
1300 1362 1485 1429 conquirentis
1507 1375 1571 1431 pro·

244 1445 270 1481 ue
286 1430 442 1498 eloquentia
460 1433 519 1502 ejus
538 1435 620 1488 etiam
637 1434 730 1502 plures
749 1434 873 1504 conquiri
893 1451 989 1504 posse,
1008 1451 1079 1506 quae
1096 1443 1200 1504 tamem
1220 1438 1244 1492 si
1261 1437 1348 1494 forms
1367 1445 1506 1508 spectetur
1522 1455 1570 1509 po·

244 1507 358 1564 antimum
377 1512 481 1582 eadem,
499 1513 528 1568 in
545 1530 649 1589 pancas
668 1511 837 1584 redigentur,
855 1522 887 1570 ut
902 1513 943 1570 ita
960 1514 1109 1583 anamodo
1126 1515 1221 1585 plures
1233 1524 1339 1587 septem
1350 1518 1574 1584 habitmtsinus,

244 1585 270 1640 lio
285 1587 363 1642 modo
382 1591 536 1658 pauciores.

299 1665 373 1722 Nota
391 1657 450 1724 XV.
488 1671 555 1724 cum
573 1671 613 1725 sic
631 1687 724 1728 omnes
741 1669 887 1729 facultates
908 1671 1038 1728 redactae
1057 1673 1112 1728 sint
1135 1671 1169 1728 ab
1188 1679 1299 1728 anctore
1322 1673 1349 1728 iu
1367 1675 1469 1732 classes
1491 1676 1573 1748 inque

244 1748 405 1801 insonantias
432 1764 510 1814 suas,
530 1750 589 1818 jam
612 1751 695 1806 veluti
719 1769 789 1807 uovo
814 1752 890 1807 initio
914 1752 1018 1807 classes
1041 1751 1119 1819 ipsae
1144 1768 1205 1807 cum
1231 1752 1376 1826 generibus
1400 1753 1573 1812 harmonicae

244 1825 471 1892 intemperationis
489 1836 693 1899 comparantur,
711 1832 858 1886 rationales
876 1839 937 1886 cum
954 1829 1131 1898 identisonis‚
1155 1830 1271 1885 morales
1290 1831 1350 1886 cim
1370 1833 1509 1906 consonis,
1534 1835 1573 1892 lo·

244 1899 290 1956 itae
306 1921 369 1962 cum
389 1908 537 1971 concinnis.
571 1911 699 1979 Agnosco
717 1912 875 1968 divisionem
894 1909 1085 1982 philosophiae
1103 1907 1232 1964 usitatam
1250 1909 1277 1962 in
1296 1910 1461 1984 naturalem,
1487 1929 1574 1967 mors·

244 1996 278 2048 tn,
293 1984 420 2052 logicam,
454 1988 493 2042 At
516 1990 726 2056 comparationis
748 1989 819 2046 ratio
840 2005 904 2045 seru
928 1996 980 2044 est.
1017 1989 1087 2044 Nam
1110 1987 1186 2057 prius
1212 1986 1354 2042 moralium
1377 1987 1448 2043 duae
1469 1991 1575 2060 species

245 2071 306 2128 unt,
328 2064 419 2120 multo
436 2067 627 2134 particularius
635 2077 832 2138 eompassus,
858 2083 983 2138 quaeque
1006 2084 1069 2122 cum
1088 2067 1149 2122 suis
1169 2066 1363 2122 consonantiis.
1401 2068 1467 2124 Sero
1494 2067 1576 2123 amm

244 2139 366 2211 ccolligit
384 2152 489 2214 auctor,
508 2148 626 2204 morales
643 2147 761 2217 principi
777 2147 884 2209 ammae
900 2147 1028 2202 facultati
1040 2145 1166 2200 tribuens
1182 2153 1273 2214 tecte,
1292 2159 1361 2215 quas
1379 2157 1463 2216 supra
1481 2148 1516 2202 ad
1532 2149 1576 2204 in.

244 2217 313 2272 suoru
330 2221 464 2281 subsellis
482 2218 626 2294 dejecerat
664 2226 751 2293 Quem
769 2227 840 2280 enim
856 2225 948 2282 locum
962 2224 1019 2294 iaus
1037 2231 1173 2294 occupant
1190 2223 1271 2292 logici
1282 2223 1401 2293 habitus,
1421 2235 1481 2280 cum
1495 2239 1578 2295 supra

244 2294 327 2353 lederet
349 2302 500 2358 moralibus
524 2305 553 2361 in
576 2306 667 2374 specis
691 2306 851 2374 virtutibus,
870 2307 972 2377 quippe
996 2311 1028 2360 ut
1050 2305 1247 2360 consonantiae
1269 2302 1416 2372 inpleatur
1439 2306 1577 2362 coneinm's

244 2377 375 2446 utensilia,
396 2379 523 2450 diapente
541 2393 666 2452 quatuor,
685 2385 855 2440 diatessaron
872 2384 968 2452 tribus,
987 2383 1027 2438 sic
1038 2383 1084 2438 ille
1096 2382 1251 2454 facultates,
1269 2381 1433 2462 irascibilem
1452 2391 1579 2452 quatuor,

244 2455 460 2521 oncupiscibilem
477 2459 564 2516 tribus
583 2463 730 2518 mantibus
748 2463 869 2532 implevit
887 2461 1067 2531 absolvitque.

302 2534 374 2589 Nota
390 2537 465 2590 xvi.
501 2539 617 2596 Videtur
632 2559 730 2598 seusus
748 2540 807 2614 ipse
824 2544 879 2598 hoc
893 2542 1042 2612 postulare,
1062 2547 1093 2597 ut
1106 2541 1243 2610 dieamus,
1254 2545 1319 2614 post
1336 2543 1366 2594 'so
1378 2556 1432 2594 reus
1451 2539 1578 2596 omissam

244 2625 281 2665 sae
295 2614 420 2669 voculam
438 2617 627 2691 lblamoeorp.
641 2626 646 2637 '
1167 2619 1170 2626 ’

304 2693 378 2750 Nota
395 2696 484 2750 xvn.
520 2699 677 2756 Plausibilis
700 2715 767 2758 sane
785 2707 859 2758 esset
876 2699 1013 2771 colophon
1035 2699 1202 2770 iste,'quod
1222 2705 1286 2770 post
1304 2693 1486 2770 particulares
1506 2712 1580 2752 com·

244 2775 371 2833 micum
390 2778 491 2832 transit
508 2779 543 2833 ad
560 2780 649 2850 ipsam
671 2781 757 2836 totius
777 2781 928 2835 harmonici
944 2780 1101 2850 systematis
1121 2779 1350 2848 comparationem
1374 2793 1435 2832 cum
1459 2783 1518 2832 toto
1537 2793 1581 2848 sy·
1642 2807 1645 2815 ν

244 2855 335 2908 unae
352 2856 487 2910 virtutum
505 2873 557 2913 sen
574 2859 736 2914 facultatum
750 2860 841 2928 animi,
861 2858 884 2912 si
903 2873 973 2926 quae
991 2858 1105 2914 fuerunt
1123 2857 1258 2932 elementa
1269 2855 1324 2912 illic
1337 2854 1580 2935 comparationum,

244 2943 359 2990 mouent
377 2938 463 2991 etiam
479 2936 538 3007 hie;
564 2954 616 2994 nec
634 2955 704 3008 opus
721 2937 845 2995 loret'in
868 2930 1004 2991 erectione
1025 2936 1111 2990 veluti
1134 2936 1219 2990 totius
1243 2933 1361 2992 aedilicii
1382 2933 1502 3004 parietes
1526 2933 1580 2990 ain-

244 3011 313 3082 ulos,
330 3024 464 3084 tanquam
481 3017 559 3073 initio
577 3029 632 3073 nen
650 3027 725 3073 recte
743 3019 848 3089 factos,
868 3017 901 3073 de
920 3031 991 3071 novo
1009 3015 1130 3070 reficere.
1282 3017 1292 3093 Ι·

308 3096 379 3151 Nota
400 3095 500 3151 xvna
536 3096 658 3153 Observa
675 3097 833 3152 methodum
850 3093 1008 3151 Ptolemaei.
1046 3093 1113 3148 Cum
1138 3093 1288 3147 aPlatone
1311 3097 1364 3148 ires
1387 3089 1584 3162 perhibeantur

244 3171 326 3226 animae
343 3174 506 3244 facultates,
524 3175 730 3246 intellectualis,
749 3175 901 3244 irascibilis,
921 3172 1156 3242 concupiscibilis,
1175 3171 1255 3241 vulgo
1275 3187 1339 3227 vero
1356 3170 1583 3242 philosophorum

244 3263 282 3301 oon
296 3259 361 3317 tres,
388 3253 440 3308 sed
460 3262 576 3322 quatuor
594 3254 767 3310 celebrentur
785 3254 899 3308 virtutes
919 3251 1086 3320 cardinales,
1108 3251 1231 3321 justitia,
1257 3249 1417 3320 prudentia,
1440 3247 1582 3318 fortitudo,

244 3333 417 3395 temperantia:
441 3340 498 3386 tres
519 3331 627 3400 quidem
647 3335 743 3389 harum
762 3331 850 3388 tribus
868 3333 950 3386 animi
967 3330 1146 3386 facultatibus
1173 3330 1321 3402 applicarit
1342 3329 1371 3384 in
1389 3326 1585 3400 superioribus,

244 3409 433 3474 temperantiam
463 3411 680 3482 concupiscibili,
712 3413 833 3466 sectione
855 3409 972 3480 trifaria,
998 3409 1186 3464 fortitudinem
1211 3407 1353 3480 irascibili,
1382 3405 1585 3482 enumeratione

245 3490 374 3553 specierum
393 3490 530 3558 quinaria,
550 3491 721 3559 prudentiam
734 3490 920 3560 intellectuali,
940 3487 1125 3544 subdivisione
1139 3489 1305 3558 septenaria3
1324 3504 1384 3543 cum
1397 3487 1479 3555 igitur
1492 3499 1585 3554 super.

245 3563 269 3615 sit
280 3567 396 3632 justitia,
422 3567 497 3622 illam
518 3569 576 3636 jam
598 3577 738 3640 comparat
763 3567 907 3624 concentui
930 3567 1049 3623 omniurn
1071 3567 1154 3622 trium
1176 3567 1386 3635 praemissarum
1409 3562 1585 3634 applicatque

246 3646 283 3697 toti
297 3649 417 3718 auimae;
441 3651 505 3718 qnia
522 3658 554 3704 nt
571 3658 615 3705 est
630 3643 659 3705 in
678 3650 782 3705 Graeco
801 3649 1048 3720 apophthegmata,
1071 3648 1099 3700 fs
1117 3651 1146 3700 es
1172 3651 1318 3716 lsaasoooop
1339 3647 1491 3712 composa
1515 3657 1587 3693 aare

247 3719 307 3795 itaq
323 3727 392 3795 ἐστι,
413 3727 521 3796 justitia
539 3729 625 3784 virtus
643 3727 730 3783 omnis
748 3729 891 3800 complexa
914 3734 1032 3782 tenetur.
1069 3723 1129 3794 Qua
1150 3739 1181 3780 re
1206 3723 1234 3778 in
1255 3721 1413 3793 parenthesi
1435 3721 1490 3776 ists
1509 3719 1588 3792 (baec

248 3815 295 3856 sero
311 3816 351 3859 est
367 3807 558 3876 justitial‘no'n
582 3807 771 3863 consideratur
795 3816 862 3862 tunc
884 3805 957 3862 nude
980 3813 1012 3860 ut
1036 3804 1167 3860 nautum
1188 3803 1330 3872 princepe,
1358 3799 1406 3854 sed
1431 3805 1463 3890 ut
1487 3797 1587 3888 chorus

249 3880 355 3938 umatum
379 3900 431 3940 seu
455 3885 663 3954 dispositionum
688 3886 770 3941 animi
794 3887 949 3955 universus;
982 3899 1036 3938 non
1058 3881 1311 3952 enimagnoscitnr
1339 3884 1481 3934 exornatio
1504 3889 1588 3931 ammi

251 3963 365 4034 missu,
383 3962 433 4019 nbi
450 3964 494 4019 vel
511 3963 573 4018 uua'
583 3967 714 4022 dantum
733 3966 819 4022 deest.

806 4190 957 4286 CAPUT·
974 4201 1028 4274 vl.

255 4350 454 4427 Comparatio
487 4369 650 4427 generum
674 4351 899 4408 „harmonicae
935 4341 1273 4414 contemperationis
1303 4351 1375 4395 cum
1405 4331 1590 4408 generibus

708 4440 896 4511 primarum
913 4435 1085 4492 virtutum.
1101 4431 1122 4484 1)

326 4606 399 4666 Cum
427 4613 526 4666 autem
556 4602 716 4665 secundum
744 4600 898 4677 utrumque
930 4601 1071 4658 virtutum
1104 4593 1293 4672 principium,
1328 4583 1590 4688 contemplativum

259 4706 288 4747 tt.
313 4703 339 4752 et
360 4697 557 4772 operativum,
587 4693 644 4752 tria
676 4693 736 4750 sint
767 4681 937 4769 ganesun),
968 4687 998 4742 iu
1022 4681 1251 4758 contemplativo
1275 4675 1395 4754 quidem
1425 4673 1591 4777 physicum,

259 4780 487 4857 mathematicum,
510 4771 722 4856 theologicum,
744 4771 776 4836 in
792 4777 944 4856 operativa
968 4767 1100 4849 veroni)
1119 4769 1257 4840 ethicum,
1281 4775 1510 4866 oeconomicum,
1532 4775 1592 4860 po·
1635 4855 1637 4864 ι

261 4861 367 4944 liticum,
398 4887 523 4946 quorum
545 4871 603 4931 ista
624 4866 817 4935 facultatibus
835 4879 905 4945 ,non
930 4859 1082 4930 differunt,
1114 4872 1282 4916 communes
1311 4869 1388 4912 enim
1411 4855 1479 4916 suut
1506 4854 1593 4950 trium

262 4939 349 5016 horum
370 4974 509 5035 generum
536 4959 674 5028 virtutes,
708 4961 739 5012 et
766 4956 840 5010 inter
861 4967 894 5009 ss
922 4957 1025 5008 mutuo
1047 4962 1158 5019 nerae;
1190 4941 1326 5003 diuersus
1348 4953 1418 4999 sero
1451 4932 1595 5038 amphias
1685 4955 1692 4964 ¹

264 5036 372 5122 bineli),
394 5047 575 5122 praestantia
597 5047 627 5102 et
649 5049 807 5118 apparatus
831 5054 942 5115 pompa
961 5036 1107 5107 ascititiaq
1138 5048 1204 5090 rum
1226 5026 1350 5104 singulis
1378 5025 1483 5083 horum
1506 5029 1593 5081 trium

265 5131 378 5208 ibisque
406 5147 545 5209 generum
573 5131 630 5189 tria
651 5127 836 5188 harmonicas
858 5141 986 5202 genera,
1016 5121 1076 5180 illis
1104 5119 1288 5196 aequivoca,
1318 5113 1392 5176 ratis
1414 5119 1482 5189 apte
1512 5123 1594 5174 com·

614 5222 618 5228 ’
849 5241 852 5244 ’
1155 5237 1158 5247 ·
1367 5215 1437 5278 23*
