<?xml version="1.0" encoding="UTF-8"?>
<!DOCTYPE html PUBLIC "-//W3C//DTD XHTML 1.0 Transitional//EN"
    "http://www.w3.org/TR/xhtml1/DTD/xhtml1-transitional.dtd">
<html xmlns="http://www.w3.org/1999/xhtml" xml:lang="en" lang="en">
 <head>
  <title>
</title>
<meta http-equiv="Content-Type" content="text/html;charset=utf-8" />
  <meta name='ocr-system' content='tesseract 3.04.00' />
  <meta name='ocr-capabilities' content='ocr_page ocr_carea ocr_par ocr_line ocrx_word'/>
</head>
<body>
  <div class='ocr_page' id='page_1' title='image "./joanniskepleria20frisgoog_0124.png"; bbox 0 0 4242 6384; ppageno 0'>
   <div class='ocr_carea' id='block_1_1' title="bbox 534 808 1441 891">
    <p class='ocr_par' dir='ltr' id='par_1_1' title="bbox 534 808 1441 935">
     <span class='ocr_line' id='line_1_1' title="bbox 534 808 1441 891; baseline -0.018 -1"><span class='ocrx_word' id='word_1_1' title='bbox 534 828 596 891; x_wconf 83' lang='lat' dir='ltr'><strong>ne</strong></span> <span class='ocrx_word' id='word_1_2' title='bbox 975 816 1019 873; x_wconf 78' lang='lat' dir='ltr'><strong>ne</strong></span> <span class='ocrx_word' id='word_1_3' title='bbox 1036 808 1441 889; x_wconf 58' lang='lat' dir='ltr'><strong>mummolam·</strong></span> 
     </span>
    </p>
   </div>
   <div class='ocr_carea' id='block_1_2' title="bbox 530 990 1879 1995">
    <p class='ocr_par' dir='ltr' id='par_1_2' title="bbox 531 990 1875 1543">
     <span class='ocr_line' id='line_1_2' title="bbox 620 990 1870 1067; baseline -0.006 -14"><span class='ocrx_word' id='word_1_4' title='bbox 620 1002 667 1057; x_wconf 79' lang='lat' dir='ltr'><strong>Fit</strong></span> <span class='ocrx_word' id='word_1_5' title='bbox 689 1000 761 1067; x_wconf 80' lang='lat' dir='ltr'><strong>euim</strong></span> <span class='ocrx_word' id='word_1_6' title='bbox 784 997 873 1067; x_wconf 72' lang='lat' dir='ltr'><strong>figure</strong></span> <span class='ocrx_word' id='word_1_7' title='bbox 899 994 955 1051; x_wconf 77' lang='lat' dir='ltr'><strong>illc</strong></span> <span class='ocrx_word' id='word_1_8' title='bbox 977 995 1049 1065; x_wconf 84' lang='lat' dir='ltr'><strong>parti</strong></span> <span class='ocrx_word' id='word_1_9' title='bbox 1068 1011 1149 1065; x_wconf 81' lang='lat' dir='ltr'><strong>quum</strong></span> <span class='ocrx_word' id='word_1_10' title='bbox 1173 996 1237 1064; x_wconf 84' lang='lat' dir='ltr'><strong>toti,</strong></span> <span class='ocrx_word' id='word_1_11' title='bbox 1266 996 1310 1051; x_wconf 89' lang='lat' dir='ltr'><strong>bic</strong></span> <span class='ocrx_word' id='word_1_12' title='bbox 1328 995 1426 1065; x_wconf 80' lang='lat' dir='ltr'><strong>planae</strong></span> <span class='ocrx_word' id='word_1_13' title='bbox 1448 1009 1530 1064; x_wconf 79' lang='lat' dir='ltr'><strong>quom</strong></span> <span class='ocrx_word' id='word_1_14' title='bbox 1547 990 1650 1051; x_wconf 69' lang='lat' dir='ltr'><strong>sollius</strong></span> <span class='ocrx_word' id='word_1_15' title='bbox 1668 990 1795 1061; x_wconf 75' lang='lat' dir='ltr'><strong>cimilior,</strong></span> <span class='ocrx_word' id='word_1_16' title='bbox 1819 1007 1870 1047; x_wconf 89' lang='lat' dir='ltr'><strong>cun</strong></span> 
     </span>
     <span class='ocr_line' id='line_1_3' title="bbox 535 1070 1871 1150; baseline -0.012 -12"><span class='ocrx_word' id='word_1_17' title='bbox 535 1082 621 1139; x_wconf 87' lang='lat' dir='ltr'><strong>omnis</strong></span> <span class='ocrx_word' id='word_1_18' title='bbox 640 1076 728 1136; x_wconf 81' lang='lat' dir='ltr'><strong>solida</strong></span> <span class='ocrx_word' id='word_1_19' title='bbox 749 1074 785 1133; x_wconf 83' lang='lat' dir='ltr'><strong>ad</strong></span> <span class='ocrx_word' id='word_1_20' title='bbox 801 1070 940 1131; x_wconf 90' lang='lat' dir='ltr'><strong>minimum</strong></span> <span class='ocrx_word' id='word_1_21' title='bbox 957 1076 975 1129; x_wconf 80' lang='lat' dir='ltr'><strong>l</strong></span> <span class='ocrx_word' id='word_1_22' title='bbox 993 1074 1188 1150; x_wconf 76' lang='lat' dir='ltr'><strong>superficiebus</strong></span> <span class='ocrx_word' id='word_1_23' title='bbox 1206 1075 1374 1131; x_wconf 73' lang='lat' dir='ltr'>terminetur.</span> <span class='ocrx_word' id='word_1_24' title='bbox 1410 1073 1448 1129; x_wconf 88' lang='lat' dir='ltr'><strong>Ut</strong></span> <span class='ocrx_word' id='word_1_25' title='bbox 1465 1074 1493 1131; x_wconf 89' lang='lat' dir='ltr'><strong>in</strong></span> <span class='ocrx_word' id='word_1_26' title='bbox 1510 1070 1583 1144; x_wconf 79' lang='lat' dir='ltr'><strong>typis</strong></span> <span class='ocrx_word' id='word_1_27' title='bbox 1605 1086 1640 1127; x_wconf 85' lang='lat' dir='ltr'><strong>ex</strong></span> <span class='ocrx_word' id='word_1_28' title='bbox 1657 1086 1723 1128; x_wconf 83' lang='lat' dir='ltr'><strong>aere</strong></span> <span class='ocrx_word' id='word_1_29' title='bbox 1748 1070 1871 1139; x_wconf 81' lang='lat' dir='ltr'><strong>sequenti</strong></span> 
     </span>
     <span class='ocr_line' id='line_1_4' title="bbox 531 1147 1873 1224; baseline -0.01 -11"><span class='ocrx_word' id='word_1_30' title='bbox 531 1157 585 1217; x_wconf 87' lang='lat' dir='ltr'><strong>bu&#39;s</strong></span> <span class='ocrx_word' id='word_1_31' title='bbox 602 1158 637 1214; x_wconf 79' lang='lat' dir='ltr'><strong>acl</strong></span> <span class='ocrx_word' id='word_1_32' title='bbox 654 1156 747 1212; x_wconf 85' lang='lat' dir='ltr'><strong>literas</strong></span> <span class='ocrx_word' id='word_1_33' title='bbox 764 1156 798 1224; x_wconf 79' lang='grc' dir='ltr'><strong>Δ,</strong></span> <span class='ocrx_word' id='word_1_34' title='bbox 815 1154 848 1223; x_wconf 82' lang='grc' dir='ltr'><strong>Β,</strong></span> <span class='ocrx_word' id='word_1_35' title='bbox 867 1150 914 1208; x_wconf 83' lang='lat' dir='ltr'><strong>ubl</strong></span> <span class='ocrx_word' id='word_1_36' title='bbox 931 1151 1017 1221; x_wconf 76' lang='lat' dir='ltr'><strong>moion</strong></span> <span class='ocrx_word' id='word_1_37' title='bbox 1032 1152 1122 1224; x_wconf 78' lang='lat' dir='ltr'><strong>bgura</strong></span> <span class='ocrx_word' id='word_1_38' title='bbox 1140 1160 1182 1209; x_wconf 85' lang='lat' dir='ltr'><strong>est</strong></span> <span class='ocrx_word' id='word_1_39' title='bbox 1198 1154 1379 1224; x_wconf 66' lang='lat' dir='ltr'><strong>heptagonus.</strong></span> <span class='ocrx_word' id='word_1_40' title='bbox 1416 1148 1524 1207; x_wconf 79' lang='lat' dir='ltr'><strong>Classes</strong></span> <span class='ocrx_word' id='word_1_41' title='bbox 1550 1147 1621 1207; x_wconf 79' lang='lat' dir='ltr'><strong>istie</strong></span> <span class='ocrx_word' id='word_1_42' title='bbox 1638 1150 1709 1207; x_wconf 81' lang='lat' dir='ltr'><strong>duae</strong></span> <span class='ocrx_word' id='word_1_43' title='bbox 1734 1166 1795 1206; x_wconf 88' lang='lat' dir='ltr'><strong>cnm</strong></span> <span class='ocrx_word' id='word_1_44' title='bbox 1811 1148 1873 1217; x_wconf 79' lang='lat' dir='ltr'><strong>ipro</strong></span> 
     </span>
     <span class='ocr_line' id='line_1_5' title="bbox 532 1226 1874 1307; baseline -0.011 -13"><span class='ocrx_word' id='word_1_45' title='bbox 532 1255 592 1294; x_wconf 88' lang='lat' dir='ltr'><strong>rum</strong></span> <span class='ocrx_word' id='word_1_46' title='bbox 613 1226 722 1307; x_wconf 80' lang='lat' dir='ltr'><strong>majoris</strong></span> <span class='ocrx_word' id='word_1_47' title='bbox 744 1234 849 1305; x_wconf 71' lang='lat' dir='ltr'><strong>figurae</strong></span> <span class='ocrx_word' id='word_1_48' title='bbox 872 1232 988 1288; x_wconf 85' lang='lat' dir='ltr'><strong>laterum</strong></span> <span class='ocrx_word' id='word_1_49' title='bbox 1012 1248 1125 1289; x_wconf 84' lang='lat' dir='ltr'><strong>numero</strong></span> <span class='ocrx_word' id='word_1_50' title='bbox 1148 1241 1296 1291; x_wconf 85' lang='lat' dir='ltr'><strong>excurrunt</strong></span> <span class='ocrx_word' id='word_1_51' title='bbox 1318 1234 1349 1289; x_wconf 90' lang='lat' dir='ltr'><strong>in</strong></span> <span class='ocrx_word' id='word_1_52' title='bbox 1370 1230 1518 1302; x_wconf 84' lang='lat' dir='ltr'><strong>infinitum,</strong></span> <span class='ocrx_word' id='word_1_53' title='bbox 1544 1231 1621 1287; x_wconf 86' lang='lat' dir='ltr'><strong>initio</strong></span> <span class='ocrx_word' id='word_1_54' title='bbox 1645 1230 1720 1287; x_wconf 80' lang='lat' dir='ltr'><strong>facto</strong></span> <span class='ocrx_word' id='word_1_55' title='bbox 1746 1226 1874 1294; x_wconf 75' lang='lat' dir='ltr'><strong>strigoso</strong></span> 
     </span>
     <span class='ocr_line' id='line_1_6' title="bbox 531 1305 1875 1383; baseline -0.009 -12"><span class='ocrx_word' id='word_1_56' title='bbox 531 1314 665 1383; x_wconf 80' lang='lat' dir='ltr'><strong>utrinqne,</strong></span> <span class='ocrx_word' id='word_1_57' title='bbox 684 1314 757 1382; x_wconf 81' lang='lat' dir='ltr'><strong>quoi</strong></span> <span class='ocrx_word' id='word_1_58' title='bbox 773 1313 803 1367; x_wconf 88' lang='lat' dir='ltr'><strong>in</strong></span> <span class='ocrx_word' id='word_1_59' title='bbox 814 1311 902 1367; x_wconf 88' lang='lat' dir='ltr'><strong>classe</strong></span> <span class='ocrx_word' id='word_1_60' title='bbox 914 1310 948 1381; x_wconf 82' lang='grc' dir='ltr'><strong>Δ,</strong></span> <span class='ocrx_word' id='word_1_61' title='bbox 967 1318 1010 1367; x_wconf 86' lang='lat' dir='ltr'><strong>est</strong></span> <span class='ocrx_word' id='word_1_62' title='bbox 1028 1324 1063 1365; x_wconf 78' lang='lat' dir='ltr'><strong>er</strong></span> <span class='ocrx_word' id='word_1_63' title='bbox 1075 1310 1279 1381; x_wconf 72' lang='lat' dir='ltr'><strong>perfectissimis</strong></span> <span class='ocrx_word' id='word_1_64' title='bbox 1292 1310 1462 1383; x_wconf 76' lang='lat' dir='ltr'><strong>regularibus</strong></span> <span class='ocrx_word' id='word_1_65' title='bbox 1476 1308 1672 1381; x_wconf 75' lang='lat' dir='ltr'><strong>congruentiis,</strong></span> <span class='ocrx_word' id='word_1_66' title='bbox 1690 1305 1875 1365; x_wconf 82' lang='lat' dir='ltr'><strong>transitorem</strong></span> 
     </span>
     <span class='ocr_line' id='line_1_7' title="bbox 531 1384 1875 1465; baseline -0.011 -12"><span class='ocrx_word' id='word_1_67' title='bbox 531 1396 604 1453; x_wconf 80' lang='lat' dir='ltr'><strong>neto</strong></span> <span class='ocrx_word' id='word_1_68' title='bbox 624 1408 675 1465; x_wconf 84' lang='lat' dir='ltr'><strong>per</strong></span> <span class='ocrx_word' id='word_1_69' title='bbox 696 1395 869 1461; x_wconf 75' lang='lat' dir='ltr'><strong>tetrsgeuum</strong></span> <span class='ocrx_word' id='word_1_70' title='bbox 891 1398 920 1448; x_wconf 86' lang='lat' dir='ltr'><strong>et</strong></span> <span class='ocrx_word' id='word_1_71' title='bbox 942 1399 1009 1447; x_wconf 86' lang='lat' dir='ltr'><strong>tunc</strong></span> <span class='ocrx_word' id='word_1_72' title='bbox 1030 1392 1059 1447; x_wconf 90' lang='lat' dir='ltr'><strong>in</strong></span> <span class='ocrx_word' id='word_1_73' title='bbox 1077 1390 1164 1448; x_wconf 85' lang='lat' dir='ltr'><strong>classa</strong></span> <span class='ocrx_word' id='word_1_74' title='bbox 1181 1391 1221 1463; x_wconf 84' lang='grc' dir='ltr'><strong>Β,</strong></span> <span class='ocrx_word' id='word_1_75' title='bbox 1239 1390 1380 1447; x_wconf 80' lang='lat' dir='ltr'><strong>incidimus</strong></span> <span class='ocrx_word' id='word_1_76' title='bbox 1398 1390 1495 1446; x_wconf 84' lang='lat' dir='ltr'><strong>iterum</strong></span> <span class='ocrx_word' id='word_1_77' title='bbox 1514 1390 1541 1444; x_wconf 89' lang='lat' dir='ltr'><strong>ln</strong></span> <span class='ocrx_word' id='word_1_78' title='bbox 1561 1398 1642 1447; x_wconf 76' lang='lat' dir='ltr'><strong>unum</strong></span> <span class='ocrx_word' id='word_1_79' title='bbox 1660 1384 1875 1461; x_wconf 73' lang='lat' dir='ltr'><strong>perfectissimam</strong></span> 
     </span>
     <span class='ocr_line' id='line_1_8' title="bbox 531 1468 1442 1543; baseline -0.008 -13"><span class='ocrx_word' id='word_1_80' title='bbox 531 1474 682 1543; x_wconf 72' lang='lat' dir='ltr'><strong>regularem</strong></span> <span class='ocrx_word' id='word_1_81' title='bbox 699 1473 920 1543; x_wconf 73' lang='lat' dir='ltr'><strong>congruentium,</strong></span> <span class='ocrx_word' id='word_1_82' title='bbox 939 1480 1048 1529; x_wconf 74' lang='lat' dir='ltr'><strong>cetone</strong></span> <span class='ocrx_word' id='word_1_83' title='bbox 1066 1487 1159 1527; x_wconf 88' lang='lat' dir='ltr'><strong>omues</strong></span> <span class='ocrx_word' id='word_1_84' title='bbox 1177 1468 1352 1543; x_wconf 73' lang='lat' dir='ltr'><strong>imperfectae</strong></span> <span class='ocrx_word' id='word_1_85' title='bbox 1370 1474 1442 1525; x_wconf 81' lang='lat' dir='ltr'><strong>sunt.</strong></span> 
     </span>
    </p>

    <p class='ocr_par' dir='ltr' id='par_1_3' title="bbox 530 1549 1877 1821">
     <span class='ocr_line' id='line_1_9' title="bbox 614 1549 1877 1643; baseline -0.008 -19"><span class='ocrx_word' id='word_1_86' title='bbox 614 1553 675 1624; x_wconf 79' lang='lat' dir='ltr'><strong>XI.</strong></span> <span class='ocrx_word' id='word_1_87' title='bbox 698 1549 927 1625; x_wconf 65' lang='lat' dir='ltr'><strong>Detinetioss-</strong></span> <span class='ocrx_word' id='word_1_88' title='bbox 956 1562 1134 1625; x_wconf 84' lang='lat' dir='ltr'><strong>Semisolldu</strong></span> <span class='ocrx_word' id='word_1_89' title='bbox 1156 1570 1214 1641; x_wconf 87' lang='lat' dir='ltr'><strong>est,</strong></span> <span class='ocrx_word' id='word_1_90' title='bbox 1244 1577 1319 1643; x_wconf 88' lang='lat' dir='ltr'><strong>quae</strong></span> <span class='ocrx_word' id='word_1_91' title='bbox 1349 1575 1407 1623; x_wconf 82' lang='lat' dir='ltr'><strong>non</strong></span> <span class='ocrx_word' id='word_1_92' title='bbox 1438 1563 1563 1623; x_wconf 78' lang='lat' dir='ltr'><strong>sustinet</strong></span> <span class='ocrx_word' id='word_1_93' title='bbox 1585 1574 1687 1621; x_wconf 84' lang='lat' dir='ltr'><strong>omnes</strong></span> <span class='ocrx_word' id='word_1_94' title='bbox 1711 1554 1877 1618; x_wconf 76' lang='lat' dir='ltr'><strong>definitionis</strong></span> 
     </span>
     <span class='ocr_line' id='line_1_10' title="bbox 531 1640 1877 1731; baseline -0.007 -18"><span class='ocrx_word' id='word_1_95' title='bbox 531 1655 651 1730; x_wconf 69' lang='lat' dir='ltr'><strong>quintae</strong></span> <span class='ocrx_word' id='word_1_96' title='bbox 672 1650 851 1730; x_wconf 58' lang='lat' dir='ltr'><strong>partientem</strong></span> <span class='ocrx_word' id='word_1_97' title='bbox 873 1661 907 1713; x_wconf 90' lang='lat' dir='ltr'><strong>ut</strong></span> <span class='ocrx_word' id='word_1_98' title='bbox 929 1647 995 1712; x_wconf 90' lang='lat' dir='ltr'><strong>cum</strong></span> <span class='ocrx_word' id='word_1_99' title='bbox 1016 1653 1126 1730; x_wconf 83' lang='lat' dir='ltr'><strong>aptatis</strong></span> <span class='ocrx_word' id='word_1_100' title='bbox 1146 1650 1248 1730; x_wconf 71' lang='lat' dir='ltr'><strong>figuris</strong></span> <span class='ocrx_word' id='word_1_101' title='bbox 1272 1650 1377 1731; x_wconf 85' lang='lat' dir='ltr'><strong>plenis,</strong></span> <span class='ocrx_word' id='word_1_102' title='bbox 1399 1648 1589 1729; x_wconf 82' lang='lat' dir='ltr'><strong>congruentia</strong></span> <span class='ocrx_word' id='word_1_103' title='bbox 1610 1661 1671 1707; x_wconf 85' lang='lat' dir='ltr'><strong>non</strong></span> <span class='ocrx_word' id='word_1_104' title='bbox 1692 1640 1783 1727; x_wconf 81' lang='lat' dir='ltr'><strong>plene</strong></span> <span class='ocrx_word' id='word_1_105' title='bbox 1805 1644 1833 1701; x_wconf 91' lang='lat' dir='ltr'><strong>in</strong></span> <span class='ocrx_word' id='word_1_106' title='bbox 1851 1652 1877 1703; x_wconf 79' lang='lat' dir='ltr'><strong>&#39;se</strong></span> 
     </span>
     <span class='ocr_line' id='line_1_11' title="bbox 530 1730 1860 1821; baseline -0.008 -22"><span class='ocrx_word' id='word_1_107' title='bbox 530 1743 625 1821; x_wconf 87' lang='lat' dir='ltr'><strong>ipsam</strong></span> <span class='ocrx_word' id='word_1_108' title='bbox 646 1738 731 1812; x_wconf 85' lang='lat' dir='ltr'><strong>redit,</strong></span> <span class='ocrx_word' id='word_1_109' title='bbox 754 1739 806 1799; x_wconf 84' lang='lat' dir='ltr'><strong>sed</strong></span> <span class='ocrx_word' id='word_1_110' title='bbox 828 1740 967 1817; x_wconf 84' lang='lat' dir='ltr'><strong>relinquit</strong></span> <span class='ocrx_word' id='word_1_111' title='bbox 988 1736 1106 1817; x_wconf 82' lang='lat' dir='ltr'><strong>bletus3</strong></span> <span class='ocrx_word' id='word_1_112' title='bbox 1135 1736 1171 1801; x_wconf 79' lang='lat' dir='ltr'><strong>tle</strong></span> <span class='ocrx_word' id='word_1_113' title='bbox 1194 1746 1290 1801; x_wconf 88' lang='lat' dir='ltr'><strong>cetero</strong></span> <span class='ocrx_word' id='word_1_114' title='bbox 1318 1735 1427 1801; x_wconf 78' lang='lat' dir='ltr'><strong>tuente</strong></span> <span class='ocrx_word' id='word_1_115' title='bbox 1451 1736 1639 1815; x_wconf 87' lang='lat' dir='ltr'><strong>praescrlpta</strong></span> <span class='ocrx_word' id='word_1_116' title='bbox 1661 1730 1718 1795; x_wconf 83' lang='lat' dir='ltr'><strong>def.</strong></span> <span class='ocrx_word' id='word_1_117' title='bbox 1745 1735 1764 1796; x_wconf 84' lang='grc'><strong>6</strong></span> <span class='ocrx_word' id='word_1_118' title='bbox 1787 1738 1816 1791; x_wconf 87' lang='lat' dir='ltr'><strong>et</strong></span> <span class='ocrx_word' id='word_1_119' title='bbox 1836 1730 1860 1789; x_wconf 85' lang='lat' dir='ltr'><strong>i.</strong></span> 
     </span>
    </p>

    <p class='ocr_par' dir='ltr' id='par_1_4' title="bbox 530 1816 1879 1995">
     <span class='ocr_line' id='line_1_12' title="bbox 618 1816 1878 1907; baseline -0.006 -21"><span class='ocrx_word' id='word_1_120' title='bbox 618 1824 691 1886; x_wconf 75' lang='grc' dir='ltr'><strong>ΧΠ.</strong></span> <span class='ocrx_word' id='word_1_121' title='bbox 713 1824 921 1888; x_wconf 76' lang='lat' dir='ltr'><strong>Definitio.</strong></span> <span class='ocrx_word' id='word_1_122' title='bbox 966 1826 1093 1906; x_wconf 64' lang='lat' dir='ltr'><strong>sigorae</strong></span> <span class='ocrx_word' id='word_1_123' title='bbox 1115 1828 1221 1907; x_wconf 84' lang='lat' dir='ltr'><strong>planae</strong></span> <span class='ocrx_word' id='word_1_124' title='bbox 1237 1839 1383 1903; x_wconf 74' lang='lat' dir='ltr'><strong>congruae</strong></span> <span class='ocrx_word' id='word_1_125' title='bbox 1406 1832 1481 1898; x_wconf 86' lang='lat' dir='ltr'><strong>sunt,</strong></span> <span class='ocrx_word' id='word_1_126' title='bbox 1505 1839 1582 1901; x_wconf 86' lang='lat' dir='ltr'><strong>quea</strong></span> <span class='ocrx_word' id='word_1_127' title='bbox 1605 1816 1654 1882; x_wconf 88' lang='lat' dir='ltr'><strong>vel</strong></span> <span class='ocrx_word' id='word_1_128' title='bbox 1669 1818 1798 1881; x_wconf 78' lang='lat' dir='ltr'><strong>s&#39;oliiem</strong></span> <span class='ocrx_word' id='word_1_129' title='bbox 1812 1818 1878 1895; x_wconf 80' lang='lat' dir='ltr'><strong>fign-</strong></span> 
     </span>
     <span class='ocr_line' id='line_1_13' title="bbox 530 1904 1879 1995; baseline -0.007 -20"><span class='ocrx_word' id='word_1_130' title='bbox 530 1933 593 1975; x_wconf 87' lang='lat' dir='ltr'><strong>ram</strong></span> <span class='ocrx_word' id='word_1_131' title='bbox 616 1912 808 1989; x_wconf 83' lang='lat' dir='ltr'><strong>concludunt,</strong></span> <span class='ocrx_word' id='word_1_132' title='bbox 831 1916 879 1974; x_wconf 85' lang='lat' dir='ltr'><strong>vel</strong></span> <span class='ocrx_word' id='word_1_133' title='bbox 902 1914 1052 1994; x_wconf 76' lang='lat' dir='ltr'><strong>planitiem</strong></span> <span class='ocrx_word' id='word_1_134' title='bbox 1075 1918 1138 1979; x_wconf 87' lang='lat' dir='ltr'><strong>sine</strong></span> <span class='ocrx_word' id='word_1_135' title='bbox 1160 1915 1242 1975; x_wconf 85' lang='lat' dir='ltr'><strong>biatu</strong></span> <span class='ocrx_word' id='word_1_136' title='bbox 1265 1914 1399 1995; x_wconf 82' lang='lat' dir='ltr'><strong>explent,</strong></span> <span class='ocrx_word' id='word_1_137' title='bbox 1423 1914 1581 1975; x_wconf 84' lang='lat' dir='ltr'><strong>existentes</strong></span> <span class='ocrx_word' id='word_1_138' title='bbox 1603 1904 1685 1991; x_wconf 73' lang='lat' dir='ltr'><strong>ipsine</strong></span> <span class='ocrx_word' id='word_1_139' title='bbox 1708 1908 1820 1986; x_wconf 82' lang='lat' dir='ltr'><strong>figurae</strong></span> <span class='ocrx_word' id='word_1_140' title='bbox 1840 1922 1879 1965; x_wconf 87' lang='lat' dir='ltr'><strong>re·</strong></span> 
     </span>
    </p>
   </div>
   <div class='ocr_carea' id='block_1_3' title="bbox 418 2000 969 2081">
    <p class='ocr_par' dir='ltr' id='par_1_5' title="bbox 418 2000 969 2081">
     <span class='ocr_line' id='line_1_14' title="bbox 418 2000 969 2081; baseline -0.004 -18"><span class='ocrx_word' id='word_1_141' title='bbox 418 2019 425 2041; x_wconf 49' lang='lat' dir='ltr'><strong>i</strong></span> <span class='ocrx_word' id='word_1_142' title='bbox 530 2003 648 2081; x_wconf 70' lang='lat' dir='ltr'><strong>gulares</strong></span> <span class='ocrx_word' id='word_1_143' title='bbox 670 2000 719 2061; x_wconf 79' lang='lat' dir='ltr'><strong>rel</strong></span> <span class='ocrx_word' id='word_1_144' title='bbox 739 2000 969 2079; x_wconf 82' lang='lat' dir='ltr'><strong>semiregularcs.</strong></span> 
     </span>
    </p>
   </div>
   <div class='ocr_carea' id='block_1_4' title="bbox 528 2102 1881 3102">
    <p class='ocr_par' dir='ltr' id='par_1_6' title="bbox 529 2102 1880 2607">
     <span class='ocr_line' id='line_1_15' title="bbox 617 2102 1879 2189; baseline 0.003 -22"><span class='ocrx_word' id='word_1_145' title='bbox 617 2102 707 2167; x_wconf 85' lang='lat' dir='ltr'><strong>XIlL</strong></span> <span class='ocrx_word' id='word_1_146' title='bbox 730 2106 934 2169; x_wconf 83' lang='lat' dir='ltr'><strong>Definitio.</strong></span> <span class='ocrx_word' id='word_1_147' title='bbox 979 2108 1162 2185; x_wconf 71' lang='lat' dir='ltr'><strong>Incongruae</strong></span> <span class='ocrx_word' id='word_1_148' title='bbox 1179 2102 1312 2167; x_wconf 83' lang='lat' dir='ltr'><strong>dicantur</strong></span> <span class='ocrx_word' id='word_1_149' title='bbox 1327 2104 1397 2167; x_wconf 85' lang='lat' dir='ltr'><strong>illae</strong></span> <span class='ocrx_word' id='word_1_150' title='bbox 1412 2102 1523 2185; x_wconf 76' lang='lat' dir='ltr'><strong>figurae</strong></span> <span class='ocrx_word' id='word_1_151' title='bbox 1537 2104 1643 2187; x_wconf 70' lang='lat' dir='ltr'><strong>planae</strong></span> <span class='ocrx_word' id='word_1_152' title='bbox 1658 2110 1812 2189; x_wconf 74' lang='lat' dir='ltr'><strong>regulares</strong></span> <span class='ocrx_word' id='word_1_153' title='bbox 1831 2113 1879 2171; x_wconf 87' lang='lat' dir='ltr'><strong>cir·</strong></span> 
     </span>
     <span class='ocr_line' id='line_1_16' title="bbox 531 2188 1879 2276; baseline 0.001 -19"><span class='ocrx_word' id='word_1_154' title='bbox 531 2191 657 2270; x_wconf 88' lang='lat' dir='ltr'><strong>cnloque</strong></span> <span class='ocrx_word' id='word_1_155' title='bbox 686 2192 844 2273; x_wconf 70' lang='lat' dir='ltr'><strong>insumptus</strong></span> <span class='ocrx_word' id='word_1_156' title='bbox 872 2192 1029 2276; x_wconf 83' lang='lat' dir='ltr'><strong>(siquidem</strong></span> <span class='ocrx_word' id='word_1_157' title='bbox 1057 2202 1126 2256; x_wconf 87' lang='lat' dir='ltr'><strong>eunt</strong></span> <span class='ocrx_word' id='word_1_158' title='bbox 1149 2188 1347 2273; x_wconf 86' lang='lat' dir='ltr'><strong>inscriptlles),</strong></span> <span class='ocrx_word' id='word_1_159' title='bbox 1380 2211 1456 2271; x_wconf 86' lang='lat' dir='ltr'><strong>quas</strong></span> <span class='ocrx_word' id='word_1_160' title='bbox 1485 2214 1581 2273; x_wconf 84' lang='lat' dir='ltr'><strong>nequa</strong></span> <span class='ocrx_word' id='word_1_161' title='bbox 1610 2196 1737 2261; x_wconf 74' lang='lat' dir='ltr'><strong>solidam</strong></span> <span class='ocrx_word' id='word_1_162' title='bbox 1769 2198 1879 2276; x_wconf 78' lang='lat' dir='ltr'><strong>figurem</strong></span> 
     </span>
     <span class='ocr_line' id='line_1_17' title="bbox 531 2279 1880 2363; baseline 0.001 -20"><span class='ocrx_word' id='word_1_163' title='bbox 531 2280 684 2363; x_wconf 82' lang='lat' dir='ltr'><strong>spbserieo</strong></span> <span class='ocrx_word' id='word_1_164' title='bbox 705 2280 895 2361; x_wconf 82' lang='lat' dir='ltr'><strong>inscrlpnlem</strong></span> <span class='ocrx_word' id='word_1_165' title='bbox 917 2300 1017 2343; x_wconf 87' lang='lat' dir='ltr'><strong>secum</strong></span> <span class='ocrx_word' id='word_1_166' title='bbox 1040 2286 1132 2361; x_wconf 83' lang='lat' dir='ltr'><strong>ipsae,</strong></span> <span class='ocrx_word' id='word_1_167' title='bbox 1155 2290 1207 2342; x_wconf 87' lang='lat' dir='ltr'><strong>eut</strong></span> <span class='ocrx_word' id='word_1_168' title='bbox 1231 2298 1297 2341; x_wconf 87' lang='lat' dir='ltr'><strong>eum</strong></span> <span class='ocrx_word' id='word_1_169' title='bbox 1321 2280 1387 2341; x_wconf 82' lang='lat' dir='ltr'><strong>eltis</strong></span> <span class='ocrx_word' id='word_1_170' title='bbox 1410 2299 1482 2344; x_wconf 89' lang='lat' dir='ltr'><strong>suae</strong></span> <span class='ocrx_word' id='word_1_171' title='bbox 1504 2282 1552 2343; x_wconf 86' lang='lat' dir='ltr'><strong>rel</strong></span> <span class='ocrx_word' id='word_1_172' title='bbox 1575 2279 1695 2346; x_wconf 78' lang='lat' dir='ltr'><strong>ulterius</strong></span> <span class='ocrx_word' id='word_1_173' title='bbox 1721 2284 1824 2349; x_wconf 79' lang='lat' dir='ltr'><strong>olasm</strong></span> <span class='ocrx_word' id='word_1_174' title='bbox 1843 2286 1880 2345; x_wconf 91' lang='lat' dir='ltr'><strong>el·</strong></span> 
     </span>
     <span class='ocr_line' id='line_1_18' title="bbox 529 2367 1880 2453; baseline 0.002 -23"><span class='ocrx_word' id='word_1_175' title='bbox 529 2370 671 2443; x_wconf 86' lang='lat' dir='ltr'><strong>formant,</strong></span> <span class='ocrx_word' id='word_1_176' title='bbox 701 2370 759 2429; x_wconf 89' lang='lat' dir='ltr'><strong>nisi</strong></span> <span class='ocrx_word' id='word_1_177' title='bbox 788 2370 986 2449; x_wconf 86' lang='lat' dir='ltr'><strong>imperfectam</strong></span> <span class='ocrx_word' id='word_1_178' title='bbox 1016 2378 1143 2445; x_wconf 76' lang='lat' dir='ltr'><strong>mnium,</strong></span> <span class='ocrx_word' id='word_1_179' title='bbox 1175 2386 1270 2445; x_wconf 86' lang='lat' dir='ltr'><strong>neque</strong></span> <span class='ocrx_word' id='word_1_180' title='bbox 1293 2367 1413 2447; x_wconf 86' lang='lat' dir='ltr'><strong>plenum</strong></span> <span class='ocrx_word' id='word_1_181' title='bbox 1435 2377 1567 2433; x_wconf 71' lang='lat' dir='ltr'><strong>sumunt</strong></span> <span class='ocrx_word' id='word_1_182' title='bbox 1589 2370 1643 2433; x_wconf 86' lang='lat' dir='ltr'><strong>rei</strong></span> <span class='ocrx_word' id='word_1_183' title='bbox 1658 2374 1744 2453; x_wconf 72' lang='lat' dir='ltr'><strong>ipsae</strong></span> <span class='ocrx_word' id='word_1_184' title='bbox 1764 2377 1836 2435; x_wconf 87' lang='lat' dir='ltr'><strong>inter</strong></span> <span class='ocrx_word' id='word_1_185' title='bbox 1854 2391 1880 2433; x_wconf 89' lang='lat' dir='ltr'><strong>se</strong></span> 
     </span>
     <span class='ocr_line' id='line_1_19' title="bbox 531 2454 1880 2535; baseline 0.001 -18"><span class='ocrx_word' id='word_1_186' title='bbox 531 2455 676 2535; x_wconf 74' lang='lat' dir='ltr'><strong>singulte,</strong></span> <span class='ocrx_word' id='word_1_187' title='bbox 698 2456 747 2517; x_wconf 84' lang='lat' dir='ltr'><strong>rel</strong></span> <span class='ocrx_word' id='word_1_188' title='bbox 771 2472 837 2517; x_wconf 85' lang='lat' dir='ltr'><strong>aum</strong></span> <span class='ocrx_word' id='word_1_189' title='bbox 859 2456 953 2520; x_wconf 84' lang='lat' dir='ltr'><strong>stellis</strong></span> <span class='ocrx_word' id='word_1_190' title='bbox 975 2472 1047 2518; x_wconf 83' lang='lat' dir='ltr'><strong>sune</strong></span> <span class='ocrx_word' id='word_1_191' title='bbox 1071 2456 1182 2533; x_wconf 83' lang='lat' dir='ltr'><strong>classis,</strong></span> <span class='ocrx_word' id='word_1_192' title='bbox 1207 2456 1254 2517; x_wconf 86' lang='lat' dir='ltr'><strong>vel</strong></span> <span class='ocrx_word' id='word_1_193' title='bbox 1269 2458 1334 2517; x_wconf 84' lang='lat' dir='ltr'><strong>cum</strong></span> <span class='ocrx_word' id='word_1_194' title='bbox 1357 2454 1457 2533; x_wconf 81' lang='lat' dir='ltr'><strong>figuris</strong></span> <span class='ocrx_word' id='word_1_195' title='bbox 1479 2464 1509 2518; x_wconf 87' lang='lat' dir='ltr'><strong>et</strong></span> <span class='ocrx_word' id='word_1_196' title='bbox 1530 2454 1623 2519; x_wconf 89' lang='lat' dir='ltr'><strong>stellis</strong></span> <span class='ocrx_word' id='word_1_197' title='bbox 1646 2460 1751 2522; x_wconf 87' lang='lat' dir='ltr'><strong>classis</strong></span> <span class='ocrx_word' id='word_1_198' title='bbox 1773 2459 1880 2523; x_wconf 78' lang='lat' dir='ltr'><strong>alienu</strong></span> 
     </span>
     <span class='ocr_line' id='line_1_20' title="bbox 531 2546 1255 2607; baseline -0.007 -1"><span class='ocrx_word' id='word_1_199' title='bbox 531 2546 724 2607; x_wconf 77' lang='lat' dir='ltr'><strong>circumcirca</strong></span> <span class='ocrx_word' id='word_1_200' title='bbox 944 2576 950 2583; x_wconf 91' lang='lat'>·</span> <span class='ocrx_word' id='word_1_201' title='bbox 1251 2592 1255 2601; x_wconf 92' lang='lat'>.</span> 
     </span>
    </p>

    <p class='ocr_par' dir='ltr' id='par_1_7' title="bbox 528 2624 1881 3102">
     <span class='ocr_line' id='line_1_21' title="bbox 540 2624 1879 2703; baseline 0.002 -21"><span class='ocrx_word' id='word_1_202' title='bbox 540 2660 547 2672; x_wconf 86' lang='lat'>·</span> <span class='ocrx_word' id='word_1_203' title='bbox 618 2627 672 2683; x_wconf 85' lang='lat' dir='ltr'><strong>Ubi</strong></span> <span class='ocrx_word' id='word_1_204' title='bbox 683 2632 756 2697; x_wconf 77' lang='lat' dir='ltr'><strong>neor,</strong></span> <span class='ocrx_word' id='word_1_205' title='bbox 775 2626 886 2683; x_wconf 81' lang='lat' dir='ltr'><strong>excludi</strong></span> <span class='ocrx_word' id='word_1_206' title='bbox 904 2624 1095 2697; x_wconf 62' lang='lat' dir='ltr'><strong>septentulnm</strong></span> <span class='ocrx_word' id='word_1_207' title='bbox 1114 2633 1142 2682; x_wconf 90' lang='lat' dir='ltr'><strong>et</strong></span> <span class='ocrx_word' id='word_1_208' title='bbox 1159 2624 1234 2695; x_wconf 82' lang='lat' dir='ltr'><strong>teliu,</strong></span> <span class='ocrx_word' id='word_1_209' title='bbox 1253 2638 1308 2679; x_wconf 88' lang='lat' dir='ltr'><strong>uon</strong></span> <span class='ocrx_word' id='word_1_210' title='bbox 1327 2624 1465 2697; x_wconf 83' lang='lat' dir='ltr'><strong>obstante,</strong></span> <span class='ocrx_word' id='word_1_211' title='bbox 1491 2630 1567 2699; x_wconf 76' lang='lat' dir='ltr'><strong>quoti</strong></span> <span class='ocrx_word' id='word_1_212' title='bbox 1582 2628 1647 2687; x_wconf 88' lang='lat' dir='ltr'><strong>bina</strong></span> <span class='ocrx_word' id='word_1_213' title='bbox 1665 2628 1802 2703; x_wconf 69' lang='lat' dir='ltr'><strong>paralleli</strong></span> <span class='ocrx_word' id='word_1_214' title='bbox 1818 2640 1879 2700; x_wconf 83' lang='lat' dir='ltr'><strong>sept.</strong></span> 
     </span>
     <span class='ocr_line' id='line_1_22' title="bbox 528 2704 1881 2779; baseline -0.001 -14"><span class='ocrx_word' id='word_1_215' title='bbox 528 2707 632 2779; x_wconf 63' lang='lat' dir='ltr'><strong>munla</strong></span> <span class='ocrx_word' id='word_1_216' title='bbox 653 2705 698 2761; x_wconf 86' lang='lat' dir='ltr'><strong>rel</strong></span> <span class='ocrx_word' id='word_1_217' title='bbox 715 2708 733 2762; x_wconf 83' lang='grc'><strong>7</strong></span> <span class='ocrx_word' id='word_1_218' title='bbox 751 2707 906 2776; x_wconf 71' lang='lat' dir='ltr'><strong>quaeretis,</strong></span> <span class='ocrx_word' id='word_1_219' title='bbox 928 2704 972 2761; x_wconf 81' lang='lat' dir='ltr'><strong>rel</strong></span> <span class='ocrx_word' id='word_1_220' title='bbox 994 2706 1029 2763; x_wconf 85' lang='lat' dir='ltr'><strong>ll</strong></span> <span class='ocrx_word' id='word_1_221' title='bbox 1051 2704 1194 2777; x_wconf 73' lang='lat' dir='ltr'><strong>triangulis</strong></span> <span class='ocrx_word' id='word_1_222' title='bbox 1225 2704 1320 2774; x_wconf 75' lang='lat' dir='ltr'><strong>adjuta</strong></span> <span class='ocrx_word' id='word_1_223' title='bbox 1345 2704 1515 2775; x_wconf 76' lang='lat' dir='ltr'><strong>regularibus</strong></span> <span class='ocrx_word' id='word_1_224' title='bbox 1538 2708 1656 2766; x_wconf 83' lang='lat' dir='ltr'><strong>sollium</strong></span> <span class='ocrx_word' id='word_1_225' title='bbox 1684 2711 1795 2766; x_wconf 75' lang='lat' dir='ltr'><strong>omninno</strong></span> <span class='ocrx_word' id='word_1_226' title='bbox 1820 2708 1881 2765; x_wconf 86' lang='lat' dir='ltr'><strong>cleu·</strong></span> 
     </span>
     <span class='ocr_line' id='line_1_23' title="bbox 531 2784 1880 2861; baseline -0.001 -18"><span class='ocrx_word' id='word_1_227' title='bbox 531 2788 613 2856; x_wconf 78' lang='lat' dir='ltr'><strong>(lunt3</strong></span> <span class='ocrx_word' id='word_1_228' title='bbox 631 2786 696 2857; x_wconf 86' lang='lat' dir='ltr'><strong>quia</strong></span> <span class='ocrx_word' id='word_1_229' title='bbox 713 2790 820 2849; x_wconf 68' lang='lat' dir='ltr'><strong>mutum</strong></span> <span class='ocrx_word' id='word_1_230' title='bbox 837 2784 902 2840; x_wconf 86' lang='lat' dir='ltr'><strong>biua</strong></span> <span class='ocrx_word' id='word_1_231' title='bbox 918 2785 1082 2855; x_wconf 70' lang='lat' dir='ltr'><strong>septangulo</strong></span> <span class='ocrx_word' id='word_1_232' title='bbox 1099 2792 1275 2853; x_wconf 80' lang='lat' dir='ltr'><strong>concurrunt,</strong></span> <span class='ocrx_word' id='word_1_233' title='bbox 1298 2784 1385 2855; x_wconf 82' lang='lat' dir='ltr'><strong>utque</strong></span> <span class='ocrx_word' id='word_1_234' title='bbox 1402 2786 1491 2857; x_wconf 73' lang='lat' dir='ltr'><strong>figura</strong></span> <span class='ocrx_word' id='word_1_235' title='bbox 1508 2788 1672 2847; x_wconf 78' lang='lat' dir='ltr'><strong>ilseIformit</strong></span> <span class='ocrx_word' id='word_1_236' title='bbox 1694 2794 1725 2846; x_wconf 84' lang='lat' dir='ltr'><strong>et</strong></span> <span class='ocrx_word' id='word_1_237' title='bbox 1742 2790 1838 2861; x_wconf 82' lang='lat' dir='ltr'><strong>planae</strong></span> <span class='ocrx_word' id='word_1_238' title='bbox 1854 2786 1880 2841; x_wconf 92' lang='lat' dir='ltr'><strong>si·</strong></span> 
     </span>
     <span class='ocr_line' id='line_1_24' title="bbox 530 2864 1880 2989; baseline -0.006 -63"><span class='ocrx_word' id='word_1_239' title='bbox 530 2868 616 2937; x_wconf 79' lang='lat' dir='ltr'><strong>mila,</strong></span> <span class='ocrx_word' id='word_1_240' title='bbox 645 2879 818 2937; x_wconf 76' lang='lat' dir='ltr'><strong>nequaquem</strong></span> <span class='ocrx_word' id='word_1_241' title='bbox 846 2880 910 2921; x_wconf 77' lang='lat' dir='ltr'><strong>rere</strong></span> <span class='ocrx_word' id='word_1_242' title='bbox 934 2864 1116 2935; x_wconf 75' lang='lat' dir='ltr'><strong>qlobilormis,</strong></span> <span class='ocrx_word' id='word_1_243' title='bbox 1147 2864 1333 2989; x_wconf 59' lang='lat' dir='ltr'><strong>sphaeroides.</strong></span> <span class='ocrx_word' id='word_1_244' title='bbox 1374 2866 1445 2921; x_wconf 84' lang='lat' dir='ltr'><strong>Vide</strong></span> <span class='ocrx_word' id='word_1_245' title='bbox 1471 2868 1500 2923; x_wconf 91' lang='lat' dir='ltr'><strong>in</strong></span> <span class='ocrx_word' id='word_1_246' title='bbox 1515 2867 1613 2938; x_wconf 68' lang='lat' dir='ltr'><strong>ngnra</strong></span> <span class='ocrx_word' id='word_1_247' title='bbox 1634 2866 1687 2925; x_wconf 84' lang='lat' dir='ltr'><strong>ful.</strong></span> <span class='ocrx_word' id='word_1_248' title='bbox 1716 2882 1776 2939; x_wconf 77' lang='lat' dir='ltr'><strong>seq,</strong></span> <span class='ocrx_word' id='word_1_249' title='bbox 1800 2865 1880 2921; x_wconf 79' lang='lat' dir='ltr'><strong>liures</strong></span> 
     </span>
     <span class='ocr_line' id='line_1_25' title="bbox 532 2942 1880 3019; baseline -0.005 -16"><span class='ocrx_word' id='word_1_250' title='bbox 532 2946 568 3015; x_wconf 76' lang='lat' dir='ltr'><strong>A,-</strong></span> <span class='ocrx_word' id='word_1_251' title='bbox 583 2948 615 3004; x_wconf 90' lang='lat' dir='ltr'><strong>B.</strong></span> <span class='ocrx_word' id='word_1_252' title='bbox 650 2948 697 3005; x_wconf 84' lang='lat' dir='ltr'><strong>Sia</strong></span> <span class='ocrx_word' id='word_1_253' title='bbox 715 2950 798 3004; x_wconf 83' lang='lat' dir='ltr'><strong>etiam</strong></span> <span class='ocrx_word' id='word_1_254' title='bbox 810 2943 966 2999; x_wconf 80' lang='lat' dir='ltr'><strong>excluditur</strong></span> <span class='ocrx_word' id='word_1_255' title='bbox 977 2944 1167 3013; x_wconf 71' lang='lat' dir='ltr'><strong>quinnecungu</strong></span> <span class='ocrx_word' id='word_1_256' title='bbox 1180 2960 1234 3015; x_wconf 85' lang='lat' dir='ltr'><strong>om,</strong></span> <span class='ocrx_word' id='word_1_257' title='bbox 1253 2958 1307 2999; x_wconf 90' lang='lat' dir='ltr'><strong>non</strong></span> <span class='ocrx_word' id='word_1_258' title='bbox 1320 2942 1455 3015; x_wconf 74' lang='lat' dir='ltr'><strong>ensiculo,</strong></span> <span class='ocrx_word' id='word_1_259' title='bbox 1474 2946 1547 3017; x_wconf 84' lang='lat' dir='ltr'><strong>quon</strong></span> <span class='ocrx_word' id='word_1_260' title='bbox 1559 2946 1696 3019; x_wconf 76' lang='lat' dir='ltr'><strong>aliquibus</strong></span> <span class='ocrx_word' id='word_1_261' title='bbox 1709 2944 1818 3016; x_wconf 75' lang='lat' dir='ltr'><strong>angulis</strong></span> <span class='ocrx_word' id='word_1_262' title='bbox 1831 2956 1880 2999; x_wconf 89' lang='lat' dir='ltr'><strong>cum</strong></span> 
     </span>
     <span class='ocr_line' id='line_1_26' title="bbox 531 3020 1879 3102; baseline -0.002 -20"><span class='ocrx_word' id='word_1_263' title='bbox 531 3023 626 3094; x_wconf 69' lang='lat' dir='ltr'><strong>bruris</strong></span> <span class='ocrx_word' id='word_1_264' title='bbox 644 3028 768 3097; x_wconf 73' lang='lat' dir='ltr'><strong>cognatis</strong></span> <span class='ocrx_word' id='word_1_265' title='bbox 786 3026 876 3081; x_wconf 87' lang='lat' dir='ltr'><strong>locum</strong></span> <span class='ocrx_word' id='word_1_266' title='bbox 894 3023 922 3077; x_wconf 94' lang='lat' dir='ltr'><strong>in</strong></span> <span class='ocrx_word' id='word_1_267' title='bbox 940 3020 1023 3092; x_wconf 79' lang='lat' dir='ltr'><strong>plene</strong></span> <span class='ocrx_word' id='word_1_268' title='bbox 1037 3022 1144 3092; x_wconf 79' lang='lat' dir='ltr'><strong>explet3</strong></span> <span class='ocrx_word' id='word_1_269' title='bbox 1164 3022 1228 3091; x_wconf 85' lang='lat' dir='ltr'><strong>qula</strong></span> <span class='ocrx_word' id='word_1_270' title='bbox 1239 3022 1293 3077; x_wconf 85' lang='lat' dir='ltr'><strong>buc</strong></span> <span class='ocrx_word' id='word_1_271' title='bbox 1303 3034 1358 3077; x_wconf 86' lang='lat' dir='ltr'><strong>non</strong></span> <span class='ocrx_word' id='word_1_272' title='bbox 1371 3020 1438 3077; x_wconf 83' lang='lat' dir='ltr'><strong>facit</strong></span> <span class='ocrx_word' id='word_1_273' title='bbox 1449 3021 1625 3102; x_wconf 65' lang='lat' dir='ltr'><strong>drmmobm</strong></span> <span class='ocrx_word' id='word_1_274' title='bbox 1636 3024 1764 3081; x_wconf 84' lang='lat' dir='ltr'><strong>omuibus</strong></span> <span class='ocrx_word' id='word_1_275' title='bbox 1777 3020 1879 3092; x_wconf 71' lang='lat' dir='ltr'><strong>auguli.</strong></span> 
     </span>
    </p>
   </div>
   <div class='ocr_carea' id='block_1_5' title="bbox 531 3112 1880 3359">
    <p class='ocr_par' dir='ltr' id='par_1_8' title="bbox 531 3112 1880 3359">
     <span class='ocr_line' id='line_1_27' title="bbox 618 3112 1880 3201; baseline -0.008 -21"><span class='ocrx_word' id='word_1_276' title='bbox 618 3114 707 3183; x_wconf 82' lang='lat' dir='ltr'><strong>XIV.</strong></span> <span class='ocrx_word' id='word_1_277' title='bbox 730 3116 964 3201; x_wconf 77' lang='lat' dir='ltr'><strong>Proposisio.</strong></span> <span class='ocrx_word' id='word_1_278' title='bbox 1010 3115 1193 3193; x_wconf 76' lang='lat' dir='ltr'><strong>Angulcrum</strong></span> <span class='ocrx_word' id='word_1_279' title='bbox 1213 3114 1369 3195; x_wconf 84' lang='lat' dir='ltr'><strong>planorum</strong></span> <span class='ocrx_word' id='word_1_280' title='bbox 1396 3112 1456 3177; x_wconf 82' lang='lat' dir='ltr'><strong>uon</strong></span> <span class='ocrx_word' id='word_1_281' title='bbox 1477 3118 1632 3198; x_wconf 83' lang='lat' dir='ltr'><strong>pauciores</strong></span> <span class='ocrx_word' id='word_1_282' title='bbox 1655 3134 1746 3197; x_wconf 87' lang='lat' dir='ltr'><strong>quem</strong></span> <span class='ocrx_word' id='word_1_283' title='bbox 1769 3112 1880 3178; x_wconf 88' lang='lat' dir='ltr'><strong>terniin</strong></span> 
     </span>
     <span class='ocr_line' id='line_1_28' title="bbox 531 3208 1700 3287; baseline -0.009 -18"><span class='ocrx_word' id='word_1_284' title='bbox 531 3208 621 3287; x_wconf 82' lang='lat' dir='ltr'><strong>pleno</strong></span> <span class='ocrx_word' id='word_1_285' title='bbox 644 3211 816 3285; x_wconf 72' lang='lat' dir='ltr'><strong>congruunt</strong></span> <span class='ocrx_word' id='word_1_286' title='bbox 1697 3278 1700 3287; x_wconf 22' lang='grc' dir='ltr'>ι</span> 
     </span>
     <span class='ocr_line' id='line_1_29' title="bbox 618 3279 1880 3359; baseline -0.003 -13"><span class='ocrx_word' id='word_1_287' title='bbox 618 3288 689 3347; x_wconf 83' lang='lat' dir='ltr'><strong>llam</strong></span> <span class='ocrx_word' id='word_1_288' title='bbox 706 3290 778 3345; x_wconf 85' lang='lat' dir='ltr'><strong>clrca</strong></span> <span class='ocrx_word' id='word_1_289' title='bbox 796 3279 938 3357; x_wconf 83' lang='lat' dir='ltr'><strong>quodlibet</strong></span> <span class='ocrx_word' id='word_1_290' title='bbox 956 3297 1105 3341; x_wconf 88' lang='lat' dir='ltr'><strong>concursus</strong></span> <span class='ocrx_word' id='word_1_291' title='bbox 1117 3290 1248 3355; x_wconf 85' lang='lat' dir='ltr'><strong>punctum</strong></span> <span class='ocrx_word' id='word_1_292' title='bbox 1262 3288 1304 3337; x_wconf 86' lang='lat' dir='ltr'><strong>est</strong></span> <span class='ocrx_word' id='word_1_293' title='bbox 1322 3298 1427 3339; x_wconf 88' lang='lat' dir='ltr'><strong>summa</strong></span> <span class='ocrx_word' id='word_1_294' title='bbox 1439 3292 1557 3357; x_wconf 84' lang='lat' dir='ltr'><strong>quatuor</strong></span> <span class='ocrx_word' id='word_1_295' title='bbox 1569 3288 1706 3343; x_wconf 85' lang='lat' dir='ltr'><strong>rectorum</strong></span> <span class='ocrx_word' id='word_1_296' title='bbox 1718 3284 1880 3359; x_wconf 75' lang='lat' dir='ltr'><strong>angulorum:</strong></span> 
     </span>
    </p>
   </div>
   <div class='ocr_carea' id='block_1_6' title="bbox 532 3360 1881 3532">
    <p class='ocr_par' dir='ltr' id='par_1_9' title="bbox 532 3360 1881 3532">
     <span class='ocr_line' id='line_1_30' title="bbox 532 3360 1880 3439; baseline -0.01 -13"><span class='ocrx_word' id='word_1_297' title='bbox 532 3377 561 3426; x_wconf 88' lang='lat' dir='ltr'><strong>ut</strong></span> <span class='ocrx_word' id='word_1_298' title='bbox 579 3367 680 3426; x_wconf 90' lang='lat' dir='ltr'><strong>nulllus</strong></span> <span class='ocrx_word' id='word_1_299' title='bbox 697 3366 802 3437; x_wconf 73' lang='lat' dir='ltr'><strong>figurae</strong></span> <span class='ocrx_word' id='word_1_300' title='bbox 820 3364 936 3435; x_wconf 74' lang='lat' dir='ltr'><strong>angulus</strong></span> <span class='ocrx_word' id='word_1_301' title='bbox 954 3370 1055 3435; x_wconf 85' lang='lat' dir='ltr'><strong>aequat</strong></span> <span class='ocrx_word' id='word_1_302' title='bbox 1073 3371 1205 3419; x_wconf 82' lang='lat' dir='ltr'><strong>summam</strong></span> <span class='ocrx_word' id='word_1_303' title='bbox 1223 3360 1339 3417; x_wconf 76' lang='lat' dir='ltr'><strong>duonum</strong></span> <span class='ocrx_word' id='word_1_304' title='bbox 1356 3371 1501 3437; x_wconf 82' lang='lat' dir='ltr'><strong>rectorum,</strong></span> <span class='ocrx_word' id='word_1_305' title='bbox 1521 3364 1604 3435; x_wconf 70' lang='lat' dir='ltr'><strong>igitur</strong></span> <span class='ocrx_word' id='word_1_306' title='bbox 1621 3362 1675 3421; x_wconf 84' lang='lat' dir='ltr'><strong>duc</strong></span> <span class='ocrx_word' id='word_1_307' title='bbox 1689 3366 1880 3439; x_wconf 73' lang='lat' dir='ltr'><strong>quanticunque</strong></span> 
     </span>
     <span class='ocr_line' id='line_1_31' title="bbox 532 3438 1881 3532; baseline -0.007 -30"><span class='ocrx_word' id='word_1_308' title='bbox 532 3446 625 3532; x_wconf 70' lang='lat' dir='ltr'><strong>anguli</strong></span> <span class='ocrx_word' id='word_1_309' title='bbox 642 3452 707 3501; x_wconf 88' lang='lat' dir='ltr'><strong>sunt</strong></span> <span class='ocrx_word' id='word_1_310' title='bbox 724 3444 816 3528; x_wconf 71' lang='lat' dir='ltr'><strong>adbuc</strong></span> <span class='ocrx_word' id='word_1_311' title='bbox 833 3446 953 3500; x_wconf 85' lang='lat' dir='ltr'><strong>minores</strong></span> <span class='ocrx_word' id='word_1_312' title='bbox 966 3442 1192 3515; x_wconf 80' lang='lat' dir='ltr'><strong>quatuorcentis:</strong></span> <span class='ocrx_word' id='word_1_313' title='bbox 1213 3438 1267 3496; x_wconf 79' lang='lat' dir='ltr'><strong>tino</strong></span> <span class='ocrx_word' id='word_1_314' title='bbox 1280 3440 1362 3511; x_wconf 75' lang='lat' dir='ltr'><strong>igttm</strong></span> <span class='ocrx_word' id='word_1_315' title='bbox 1379 3458 1433 3498; x_wconf 92' lang='lat' dir='ltr'><strong>uon</strong></span> <span class='ocrx_word' id='word_1_316' title='bbox 1445 3442 1557 3515; x_wconf 86' lang='lat' dir='ltr'><strong>explent</strong></span> <span class='ocrx_word' id='word_1_317' title='bbox 1569 3438 1718 3515; x_wconf 73' lang='lat' dir='ltr'><strong>plenitIem,</strong></span> <span class='ocrx_word' id='word_1_318' title='bbox 1738 3461 1789 3519; x_wconf 88' lang='lat' dir='ltr'><strong>per</strong></span> <span class='ocrx_word' id='word_1_319' title='bbox 1802 3440 1851 3499; x_wconf 85' lang='lat' dir='ltr'><strong>def.</strong></span> <span class='ocrx_word' id='word_1_320' title='bbox 1863 3442 1881 3495; x_wconf 90' lang='lat' dir='ltr'><strong>i.</strong></span> 
     </span>
    </p>
   </div>
   <div class='ocr_carea' id='block_1_7' title="bbox 533 3527 1881 3705">
    <p class='ocr_par' dir='ltr' id='par_1_10' title="bbox 533 3527 1881 3705">
     <span class='ocr_line' id='line_1_32' title="bbox 620 3527 1881 3618; baseline -0.006 -20"><span class='ocrx_word' id='word_1_321' title='bbox 620 3536 690 3599; x_wconf 83' lang='lat' dir='ltr'><strong>XV.</strong></span> <span class='ocrx_word' id='word_1_322' title='bbox 712 3538 943 3618; x_wconf 86' lang='lat' dir='ltr'><strong>Propositio.</strong></span> <span class='ocrx_word' id='word_1_323' title='bbox 988 3532 1172 3615; x_wconf 77' lang='lat' dir='ltr'><strong>Augulorum</strong></span> <span class='ocrx_word' id='word_1_324' title='bbox 1203 3528 1356 3613; x_wconf 86' lang='lat' dir='ltr'><strong>planorum</strong></span> <span class='ocrx_word' id='word_1_325' title='bbox 1388 3553 1448 3599; x_wconf 86' lang='lat' dir='ltr'><strong>uon</strong></span> <span class='ocrx_word' id='word_1_326' title='bbox 1470 3538 1631 3615; x_wconf 64' lang='lat' dir='ltr'><strong>pauciores,</strong></span> <span class='ocrx_word' id='word_1_327' title='bbox 1646 3556 1736 3616; x_wconf 87' lang='lat' dir='ltr'><strong>quam</strong></span> <span class='ocrx_word' id='word_1_328' title='bbox 1759 3537 1831 3598; x_wconf 87' lang='lat' dir='ltr'><strong>terni</strong></span> <span class='ocrx_word' id='word_1_329' title='bbox 1850 3527 1881 3591; x_wconf 85' lang='lat' dir='ltr'><strong>ni</strong></span> 
     </span>
     <span class='ocr_line' id='line_1_33' title="bbox 533 3620 1476 3705; baseline -0.003 -19"><span class='ocrx_word' id='word_1_330' title='bbox 533 3625 661 3687; x_wconf 80' lang='lat' dir='ltr'><strong>sollium</strong></span> <span class='ocrx_word' id='word_1_331' title='bbox 684 3626 825 3705; x_wconf 71' lang='lat' dir='ltr'><strong>angulum</strong></span> <span class='ocrx_word' id='word_1_332' title='bbox 847 3625 1031 3687; x_wconf 81' lang='lat' dir='ltr'><strong>formandum</strong></span> <span class='ocrx_word' id='word_1_333' title='bbox 1054 3628 1218 3699; x_wconf 67' lang='lat' dir='ltr'><strong>conmuni</strong></span> <span class='ocrx_word' id='word_1_334' title='bbox 1240 3620 1288 3683; x_wconf 87' lang='lat' dir='ltr'><strong>vel</strong></span> <span class='ocrx_word' id='word_1_335' title='bbox 1310 3630 1476 3701; x_wconf 72' lang='lat' dir='ltr'><strong>mongunt</strong></span> 
     </span>
    </p>
   </div>
   <div class='ocr_carea' id='block_1_8' title="bbox 533 3697 1882 3859">
    <p class='ocr_par' dir='ltr' id='par_1_11' title="bbox 533 3697 1882 3859">
     <span class='ocr_line' id='line_1_34' title="bbox 562 3697 1882 3777; baseline -0.008 -10"><span class='ocrx_word' id='word_1_336' title='bbox 562 3754 568 3767; x_wconf 86' lang='lat'><strong>.</strong></span> <span class='ocrx_word' id='word_1_337' title='bbox 619 3708 681 3765; x_wconf 89' lang='lat' dir='ltr'><strong>Blni</strong></span> <span class='ocrx_word' id='word_1_338' title='bbox 703 3708 776 3765; x_wconf 90' lang='lat' dir='ltr'><strong>enlm</strong></span> <span class='ocrx_word' id='word_1_339' title='bbox 794 3727 849 3765; x_wconf 92' lang='lat' dir='ltr'><strong>non</strong></span> <span class='ocrx_word' id='word_1_340' title='bbox 866 3706 998 3765; x_wconf 83' lang='lat' dir='ltr'><strong>luteribus</strong></span> <span class='ocrx_word' id='word_1_341' title='bbox 1016 3710 1138 3777; x_wconf 73' lang='lat' dir='ltr'><strong>menn,</strong></span> <span class='ocrx_word' id='word_1_342' title='bbox 1161 3704 1210 3761; x_wconf 89' lang='lat' dir='ltr'><strong>sed</strong></span> <span class='ocrx_word' id='word_1_343' title='bbox 1230 3702 1296 3761; x_wconf 89' lang='lat' dir='ltr'><strong>totis</strong></span> <span class='ocrx_word' id='word_1_344' title='bbox 1323 3704 1488 3775; x_wconf 87' lang='lat' dir='ltr'><strong>planitiebus</strong></span> <span class='ocrx_word' id='word_1_345' title='bbox 1513 3716 1695 3775; x_wconf 76' lang='lat' dir='ltr'><strong>congruerent</strong></span> <span class='ocrx_word' id='word_1_346' title='bbox 1719 3697 1840 3777; x_wconf 79' lang='lat' dir='ltr'><strong>nihilque</strong></span> <span class='ocrx_word' id='word_1_347' title='bbox 1856 3700 1882 3756; x_wconf 84' lang='lat' dir='ltr'><strong>ie</strong></span> 
     </span>
     <span class='ocr_line' id='line_1_35' title="bbox 533 3780 1841 3859; baseline -0.005 -16"><span class='ocrx_word' id='word_1_348' title='bbox 533 3804 647 3858; x_wconf 90' lang='lat' dir='ltr'><strong>corpore</strong></span> <span class='ocrx_word' id='word_1_349' title='bbox 665 3786 754 3845; x_wconf 80' lang='lat' dir='ltr'><strong>mllio</strong></span> <span class='ocrx_word' id='word_1_350' title='bbox 772 3788 1033 3858; x_wconf 85' lang='lat' dir='ltr'><strong>complecterentur:</strong></span> <span class='ocrx_word' id='word_1_351' title='bbox 1051 3783 1125 3855; x_wconf 85' lang='lat' dir='ltr'><strong>quod</strong></span> <span class='ocrx_word' id='word_1_352' title='bbox 1143 3790 1185 3839; x_wconf 87' lang='lat' dir='ltr'><strong>est</strong></span> <span class='ocrx_word' id='word_1_353' title='bbox 1204 3790 1300 3839; x_wconf 86' lang='lat' dir='ltr'><strong>contra</strong></span> <span class='ocrx_word' id='word_1_354' title='bbox 1317 3780 1371 3841; x_wconf 81' lang='lat' dir='ltr'><strong>def.</strong></span> <span class='ocrx_word' id='word_1_355' title='bbox 1391 3784 1482 3857; x_wconf 70' lang='lat' dir='ltr'><strong>anguli</strong></span> <span class='ocrx_word' id='word_1_356' title='bbox 1499 3786 1579 3842; x_wconf 81' lang='lat' dir='ltr'><strong>sonui</strong></span> <span class='ocrx_word' id='word_1_357' title='bbox 1598 3786 1672 3859; x_wconf 79' lang='lat' dir='ltr'><strong>opud</strong></span> <span class='ocrx_word' id='word_1_358' title='bbox 1689 3780 1841 3843; x_wconf 75' lang='lat' dir='ltr'><strong>Eucliden.</strong></span> 
     </span>
    </p>
   </div>
   <div class='ocr_carea' id='block_1_9' title="bbox 586 3876 1884 3960">
    <p class='ocr_par' dir='ltr' id='par_1_12' title="bbox 586 3876 1884 3960">
     <span class='ocr_line' id='line_1_36' title="bbox 586 3876 1884 3960; baseline -0.005 -19"><span class='ocrx_word' id='word_1_359' title='bbox 586 3886 598 3910; x_wconf 79' lang='grc'><strong>’·</strong></span> <span class='ocrx_word' id='word_1_360' title='bbox 621 3880 708 3941; x_wconf 83' lang='lat' dir='ltr'><strong>xvi.</strong></span> <span class='ocrx_word' id='word_1_361' title='bbox 731 3880 972 3960; x_wconf 86' lang='lat' dir='ltr'><strong>Proposltlo.</strong></span> <span class='ocrx_word' id='word_1_362' title='bbox 1020 3876 1202 3957; x_wconf 79' lang='lat' dir='ltr'><strong>Angelorum</strong></span> <span class='ocrx_word' id='word_1_363' title='bbox 1232 3878 1261 3935; x_wconf 89' lang='lat' dir='ltr'><strong>in</strong></span> <span class='ocrx_word' id='word_1_364' title='bbox 1291 3876 1379 3957; x_wconf 86' lang='lat' dir='ltr'><strong>plano</strong></span> <span class='ocrx_word' id='word_1_365' title='bbox 1402 3876 1622 3957; x_wconf 78' lang='lat' dir='ltr'><strong>congruentlum</strong></span> <span class='ocrx_word' id='word_1_366' title='bbox 1645 3878 1762 3941; x_wconf 77' lang='lat' dir='ltr'><strong>summe</strong></span> <span class='ocrx_word' id='word_1_367' title='bbox 1783 3886 1884 3952; x_wconf 83' lang='lat' dir='ltr'><strong>semper</strong></span> 
     </span>
    </p>
   </div>
   <div class='ocr_carea' id='block_1_10' title="bbox 533 3964 1900 4581">
    <p class='ocr_par' dir='ltr' id='par_1_13' title="bbox 533 3964 1900 4581">
     <span class='ocr_line' id='line_1_37' title="bbox 533 3964 1882 4048; baseline -0.006 -17"><span class='ocrx_word' id='word_1_368' title='bbox 533 3977 579 4031; x_wconf 86' lang='lat' dir='ltr'><strong>est</strong></span> <span class='ocrx_word' id='word_1_369' title='bbox 601 3972 622 4029; x_wconf 81' lang='lat'>4</span> <span class='ocrx_word' id='word_1_370' title='bbox 642 3976 796 4047; x_wconf 85' lang='lat' dir='ltr'><strong>rectorum,</strong></span> <span class='ocrx_word' id='word_1_371' title='bbox 818 3984 972 4046; x_wconf 79' lang='lat' dir='ltr'><strong>nunquam</strong></span> <span class='ocrx_word' id='word_1_372' title='bbox 989 3968 1102 4044; x_wconf 82' lang='lat' dir='ltr'><strong>major:</strong></span> <span class='ocrx_word' id='word_1_373' title='bbox 1125 3966 1346 4043; x_wconf 78' lang='lat' dir='ltr'><strong>congruentium</strong></span> <span class='ocrx_word' id='word_1_374' title='bbox 1362 3968 1393 4025; x_wconf 89' lang='lat' dir='ltr'><strong>lu</strong></span> <span class='ocrx_word' id='word_1_375' title='bbox 1408 3964 1503 4048; x_wconf 76' lang='lat' dir='ltr'><strong>solleio</strong></span> <span class='ocrx_word' id='word_1_376' title='bbox 1526 3974 1572 4027; x_wconf 88' lang='lat' dir='ltr'><strong>est</strong></span> <span class='ocrx_word' id='word_1_377' title='bbox 1590 3964 1685 4027; x_wconf 84' lang='lat' dir='ltr'><strong>minor</strong></span> <span class='ocrx_word' id='word_1_378' title='bbox 1698 3966 1758 4032; x_wconf 86' lang='lat' dir='ltr'><strong>bac</strong></span> <span class='ocrx_word' id='word_1_379' title='bbox 1771 3973 1882 4027; x_wconf 70' lang='lat' dir='ltr'><strong>summo</strong></span> 
     </span>
     <span class='ocr_line' id='line_1_38' title="bbox 537 4048 1884 4125; baseline -0.008 -14"><span class='ocrx_word' id='word_1_380' title='bbox 537 4081 541 4090; x_wconf 95' lang='lat'>·</span> <span class='ocrx_word' id='word_1_381' title='bbox 618 4053 652 4111; x_wconf 89' lang='lat' dir='ltr'><strong>In</strong></span> <span class='ocrx_word' id='word_1_382' title='bbox 669 4052 753 4125; x_wconf 81' lang='lat' dir='ltr'><strong>plano</strong></span> <span class='ocrx_word' id='word_1_383' title='bbox 770 4070 798 4108; x_wconf 82' lang='lat' dir='ltr'><strong>n</strong></span> <span class='ocrx_word' id='word_1_384' title='bbox 815 4065 871 4109; x_wconf 81' lang='lat' dir='ltr'><strong>nos</strong></span> <span class='ocrx_word' id='word_1_385' title='bbox 888 4052 981 4121; x_wconf 90' lang='lat' dir='ltr'><strong>plures</strong></span> <span class='ocrx_word' id='word_1_386' title='bbox 999 4053 1017 4106; x_wconf 78' lang='lat' dir='ltr'><strong>l</strong></span> <span class='ocrx_word' id='word_1_387' title='bbox 1034 4049 1120 4106; x_wconf 81' lang='lat' dir='ltr'><strong>rectis</strong></span> <span class='ocrx_word' id='word_1_388' title='bbox 1135 4061 1221 4105; x_wconf 88' lang='lat' dir='ltr'><strong>unum</strong></span> <span class='ocrx_word' id='word_1_389' title='bbox 1239 4054 1371 4117; x_wconf 84' lang='lat' dir='ltr'><strong>punctum</strong></span> <span class='ocrx_word' id='word_1_390' title='bbox 1388 4048 1581 4107; x_wconf 76' lang='lat' dir='ltr'><strong>eucunncmts</strong></span> <span class='ocrx_word' id='word_1_391' title='bbox 1597 4062 1664 4121; x_wconf 74' lang='lat' dir='ltr'><strong>erqo</strong></span> <span class='ocrx_word' id='word_1_392' title='bbox 1682 4050 1745 4106; x_wconf 87' lang='lat' dir='ltr'><strong>cuin</strong></span> <span class='ocrx_word' id='word_1_393' title='bbox 1762 4050 1884 4117; x_wconf 77' lang='lat' dir='ltr'><strong>aequetur</strong></span> 
     </span>
     <span class='ocr_line' id='line_1_39' title="bbox 533 4126 1883 4201; baseline -0.01 -14"><span class='ocrx_word' id='word_1_394' title='bbox 533 4146 639 4188; x_wconf 82' lang='lat' dir='ltr'><strong>summa</strong></span> <span class='ocrx_word' id='word_1_395' title='bbox 661 4133 848 4201; x_wconf 68' lang='lat' dir='ltr'><strong>erectorum,</strong></span> <span class='ocrx_word' id='word_1_396' title='bbox 873 4139 941 4188; x_wconf 90' lang='lat' dir='ltr'><strong>tunc</strong></span> <span class='ocrx_word' id='word_1_397' title='bbox 964 4131 1058 4187; x_wconf 82' lang='lat' dir='ltr'><strong>hiatus</strong></span> <span class='ocrx_word' id='word_1_398' title='bbox 1083 4128 1175 4186; x_wconf 85' lang='lat' dir='ltr'><strong>nullus</strong></span> <span class='ocrx_word' id='word_1_399' title='bbox 1192 4126 1369 4197; x_wconf 82' lang='lat' dir='ltr'><strong>relinquitur.</strong></span> <span class='ocrx_word' id='word_1_400' title='bbox 1391 4134 1420 4183; x_wconf 85' lang='lat' dir='ltr'><strong>et</strong></span> <span class='ocrx_word' id='word_1_401' title='bbox 1438 4142 1489 4199; x_wconf 85' lang='lat' dir='ltr'><strong>per</strong></span> <span class='ocrx_word' id='word_1_402' title='bbox 1509 4128 1563 4189; x_wconf 78' lang='lat' dir='ltr'><strong>(lei.</strong></span> <span class='ocrx_word' id='word_1_403' title='bbox 1583 4131 1607 4187; x_wconf 92' lang='lat' dir='ltr'><strong>l.</strong></span> <span class='ocrx_word' id='word_1_404' title='bbox 1626 4129 1806 4199; x_wconf 74' lang='lat' dir='ltr'><strong>congrumtie</strong></span> <span class='ocrx_word' id='word_1_405' title='bbox 1828 4129 1883 4177; x_wconf 81' lang='lat' dir='ltr'><strong>tunc</strong></span> 
     </span>
     <span class='ocr_line' id='line_1_40' title="bbox 533 4198 1900 4281; baseline -0.004 -16"><span class='ocrx_word' id='word_1_406' title='bbox 533 4210 621 4267; x_wconf 79' lang='lat' dir='ltr'><strong>ostiu</strong></span> <span class='ocrx_word' id='word_1_407' title='bbox 639 4208 730 4281; x_wconf 84' lang='lat' dir='ltr'><strong>plano.</strong></span> <span class='ocrx_word' id='word_1_408' title='bbox 768 4210 797 4267; x_wconf 83' lang='lat' dir='ltr'><strong>Si</strong></span> <span class='ocrx_word' id='word_1_409' title='bbox 815 4209 928 4281; x_wconf 88' lang='lat' dir='ltr'><strong>planum</strong></span> <span class='ocrx_word' id='word_1_410' title='bbox 947 4214 1073 4265; x_wconf 82' lang='lat' dir='ltr'><strong>sternunt</strong></span> <span class='ocrx_word' id='word_1_411' title='bbox 1092 4206 1193 4277; x_wconf 73' lang='lat' dir='ltr'><strong>anguli,</strong></span> <span class='ocrx_word' id='word_1_412' title='bbox 1209 4204 1247 4263; x_wconf 82' lang='lat' dir='ltr'><strong>od</strong></span> <span class='ocrx_word' id='word_1_413' title='bbox 1264 4204 1431 4263; x_wconf 81' lang='lat' dir='ltr'><strong>soliditatem</strong></span> <span class='ocrx_word' id='word_1_414' title='bbox 1448 4222 1503 4263; x_wconf 89' lang='lat' dir='ltr'><strong>nou</strong></span> <span class='ocrx_word' id='word_1_415' title='bbox 1520 4214 1676 4277; x_wconf 68' lang='lat' dir='ltr'><strong>annuunt.</strong></span> <span class='ocrx_word' id='word_1_416' title='bbox 1712 4206 1752 4263; x_wconf 82' lang='lat' dir='ltr'><strong>Et</strong></span> <span class='ocrx_word' id='word_1_417' title='bbox 1768 4198 1900 4267; x_wconf 63' lang='lat' dir='ltr'><strong>nussim*</strong></span> 
     </span>
     <span class='ocr_line' id='line_1_41' title="bbox 535 4284 1883 4361; baseline -0.002 -19"><span class='ocrx_word' id='word_1_418' title='bbox 535 4286 559 4343; x_wconf 86' lang='lat' dir='ltr'><strong>si</strong></span> <span class='ocrx_word' id='word_1_419' title='bbox 578 4288 674 4359; x_wconf 74' lang='lat' dir='ltr'><strong>anguli</strong></span> <span class='ocrx_word' id='word_1_420' title='bbox 689 4289 776 4359; x_wconf 85' lang='lat' dir='ltr'><strong>aptati</strong></span> <span class='ocrx_word' id='word_1_421' title='bbox 794 4288 822 4343; x_wconf 92' lang='lat' dir='ltr'><strong>in</strong></span> <span class='ocrx_word' id='word_1_422' title='bbox 840 4286 923 4359; x_wconf 84' lang='lat' dir='ltr'><strong>plano</strong></span> <span class='ocrx_word' id='word_1_423' title='bbox 942 4288 1102 4356; x_wconf 87' lang='lat' dir='ltr'><strong>relinquunt</strong></span> <span class='ocrx_word' id='word_1_424' title='bbox 1120 4286 1240 4361; x_wconf 77' lang='lat' dir='ltr'><strong>hictum,</strong></span> <span class='ocrx_word' id='word_1_425' title='bbox 1267 4286 1376 4359; x_wconf 74' lang='lat' dir='ltr'><strong>quando</strong></span> <span class='ocrx_word' id='word_1_426' title='bbox 1394 4302 1432 4343; x_wconf 89' lang='lat' dir='ltr'><strong>sc.</strong></span> <span class='ocrx_word' id='word_1_427' title='bbox 1457 4293 1522 4343; x_wconf 80' lang='lat' dir='ltr'><strong>sunt</strong></span> <span class='ocrx_word' id='word_1_428' title='bbox 1539 4286 1657 4357; x_wconf 79' lang='lat' dir='ltr'><strong>minores</strong></span> <span class='ocrx_word' id='word_1_429' title='bbox 1678 4284 1807 4349; x_wconf 70' lang='lat' dir='ltr'><strong>trectis,</strong></span> <span class='ocrx_word' id='word_1_430' title='bbox 1828 4288 1883 4333; x_wconf 83' lang='lat' dir='ltr'><strong>tuuc</strong></span> 
     </span>
     <span class='ocr_line' id='line_1_42' title="bbox 535 4363 1882 4442; baseline -0.007 -20"><span class='ocrx_word' id='word_1_431' title='bbox 535 4366 661 4423; x_wconf 86' lang='lat' dir='ltr'><strong>adductis</strong></span> <span class='ocrx_word' id='word_1_432' title='bbox 680 4364 786 4436; x_wconf 81' lang='lat' dir='ltr'><strong>(luobus</strong></span> <span class='ocrx_word' id='word_1_433' title='bbox 804 4364 936 4422; x_wconf 83' lang='lat' dir='ltr'><strong>lateribus</strong></span> <span class='ocrx_word' id='word_1_434' title='bbox 954 4367 1026 4421; x_wconf 88' lang='lat' dir='ltr'><strong>circa</strong></span> <span class='ocrx_word' id='word_1_435' title='bbox 1042 4364 1150 4423; x_wconf 86' lang='lat' dir='ltr'><strong>hiatum</strong></span> <span class='ocrx_word' id='word_1_436' title='bbox 1168 4374 1197 4423; x_wconf 89' lang='lat' dir='ltr'><strong>et</strong></span> <span class='ocrx_word' id='word_1_437' title='bbox 1215 4368 1327 4427; x_wconf 77' lang='lat' dir='ltr'><strong>excluso</strong></span> <span class='ocrx_word' id='word_1_438' title='bbox 1345 4363 1423 4423; x_wconf 88' lang='lat' dir='ltr'><strong>biatu</strong></span> <span class='ocrx_word' id='word_1_439' title='bbox 1450 4380 1562 4423; x_wconf 88' lang='lat' dir='ltr'><strong>necesse</strong></span> <span class='ocrx_word' id='word_1_440' title='bbox 1585 4372 1628 4423; x_wconf 88' lang='lat' dir='ltr'><strong>est</strong></span> <span class='ocrx_word' id='word_1_441' title='bbox 1650 4380 1794 4437; x_wconf 80' lang='lat' dir='ltr'><strong>nssnrgere</strong></span> <span class='ocrx_word' id='word_1_442' title='bbox 1811 4370 1882 4442; x_wconf 72' lang='lat' dir='ltr'><strong>anun·</strong></span> 
     </span>
     <span class='ocr_line' id='line_1_43' title="bbox 535 4436 1883 4519; baseline -0.001 -20"><span class='ocrx_word' id='word_1_443' title='bbox 535 4444 593 4499; x_wconf 93' lang='lat' dir='ltr'><strong>lum</strong></span> <span class='ocrx_word' id='word_1_444' title='bbox 610 4451 638 4499; x_wconf 89' lang='lat' dir='ltr'><strong>et</strong></span> <span class='ocrx_word' id='word_1_445' title='bbox 656 4442 776 4513; x_wconf 83' lang='lat' dir='ltr'><strong>solidari.</strong></span> <span class='ocrx_word' id='word_1_446' title='bbox 813 4446 845 4499; x_wconf 92' lang='lat' dir='ltr'><strong>ln</strong></span> <span class='ocrx_word' id='word_1_447' title='bbox 861 4446 952 4515; x_wconf 79' lang='lat' dir='ltr'><strong>ligura</strong></span> <span class='ocrx_word' id='word_1_448' title='bbox 969 4446 996 4500; x_wconf 88' lang='lat' dir='ltr'><strong>H</strong></span> <span class='ocrx_word' id='word_1_449' title='bbox 1013 4445 1072 4515; x_wconf 78' lang='lat' dir='ltr'><strong>typi</strong></span> <span class='ocrx_word' id='word_1_450' title='bbox 1091 4446 1169 4501; x_wconf 87' lang='lat' dir='ltr'><strong>aenei</strong></span> <span class='ocrx_word' id='word_1_451' title='bbox 1187 4446 1311 4519; x_wconf 72' lang='lat' dir='ltr'><strong>lolseq.</strong></span> <span class='ocrx_word' id='word_1_452' title='bbox 1335 4454 1399 4501; x_wconf 86' lang='lat' dir='ltr'><strong>sunt</strong></span> <span class='ocrx_word' id='word_1_453' title='bbox 1415 4444 1481 4517; x_wconf 88' lang='lat' dir='ltr'><strong>picti</strong></span> <span class='ocrx_word' id='word_1_454' title='bbox 1505 4452 1562 4503; x_wconf 89' lang='lat' dir='ltr'><strong>tres</strong></span> <span class='ocrx_word' id='word_1_455' title='bbox 1588 4444 1735 4515; x_wconf 69' lang='lat' dir='ltr'><strong>pentagoni</strong></span> <span class='ocrx_word' id='word_1_456' title='bbox 1758 4442 1786 4499; x_wconf 90' lang='lat' dir='ltr'><strong>in</strong></span> <span class='ocrx_word' id='word_1_457' title='bbox 1809 4436 1883 4509; x_wconf 74' lang='lat' dir='ltr'><strong>pltffl·</strong></span> 
     </span>
     <span class='ocr_line' id='line_1_44' title="bbox 536 4521 880 4581; baseline -0.012 -2"><span class='ocrx_word' id='word_1_458' title='bbox 536 4523 603 4579; x_wconf 80' lang='lat' dir='ltr'><strong>niem</strong></span> <span class='ocrx_word' id='word_1_459' title='bbox 622 4521 699 4578; x_wconf 90' lang='lat' dir='ltr'><strong>strati</strong></span> <span class='ocrx_word' id='word_1_460' title='bbox 718 4529 746 4578; x_wconf 86' lang='lat' dir='ltr'><strong>et</strong></span> <span class='ocrx_word' id='word_1_461' title='bbox 763 4522 880 4581; x_wconf 84' lang='lat' dir='ltr'><strong>bieutes.</strong></span> 
     </span>
    </p>
   </div>
   <div class='ocr_carea' id='block_1_11' title="bbox 536 4588 1883 5027">
    <p class='ocr_par' dir='ltr' id='par_1_14' title="bbox 536 4588 1883 5027">
     <span class='ocr_line' id='line_1_45' title="bbox 622 4588 1883 4699; baseline 0.001 -24"><span class='ocrx_word' id='word_1_462' title='bbox 622 4612 725 4676; x_wconf 85' lang='lat' dir='ltr'>XVII.</span> <span class='ocrx_word' id='word_1_463' title='bbox 748 4616 951 4695; x_wconf 89' lang='lat' dir='ltr'><strong>Propositi</strong></span> <span class='ocrx_word' id='word_1_464' title='bbox 960 4634 988 4676; x_wconf 91' lang='lat' dir='ltr'><strong>o.</strong></span> <span class='ocrx_word' id='word_1_465' title='bbox 1033 4617 1143 4695; x_wconf 75' lang='lat' dir='ltr'><strong>Figura</strong></span> <span class='ocrx_word' id='word_1_466' title='bbox 1157 4618 1362 4699; x_wconf 81' lang='lat' dir='ltr'><strong>Imparsssteta,</strong></span> <span class='ocrx_word' id='word_1_467' title='bbox 1379 4596 1468 4695; x_wconf 56' lang='lat' dir='ltr'><strong>cujus⁸</strong></span> <span class='ocrx_word' id='word_1_468' title='bbox 1480 4624 1617 4698; x_wconf 85' lang='lat' dir='ltr'><strong>aptantur</strong></span> <span class='ocrx_word' id='word_1_469' title='bbox 1630 4588 1772 4679; x_wconf 84' lang='lat' dir='ltr'><strong>lateribus</strong></span> <span class='ocrx_word' id='word_1_470' title='bbox 1786 4612 1883 4688; x_wconf 72' lang='lat' dir='ltr'><strong>figurae</strong></span> 
     </span>
     <span class='ocr_line' id='line_1_46' title="bbox 537 4690 1881 4809; baseline -0.007 -45"><span class='ocrx_word' id='word_1_471' title='bbox 537 4704 659 4765; x_wconf 81' lang='lat' dir='ltr'><strong>dunum</strong></span> <span class='ocrx_word' id='word_1_472' title='bbox 680 4705 856 4809; x_wconf 43' lang='lat' dir='ltr'><strong>specterumq</strong></span> <span class='ocrx_word' id='word_1_473' title='bbox 875 4720 934 4766; x_wconf 91' lang='lat' dir='ltr'><strong>non</strong></span> <span class='ocrx_word' id='word_1_474' title='bbox 956 4709 1055 4785; x_wconf 87' lang='lat' dir='ltr'><strong>potest</strong></span> <span class='ocrx_word' id='word_1_475' title='bbox 1068 4706 1186 4783; x_wconf 86' lang='lat' dir='ltr'><strong>aequali</strong></span> <span class='ocrx_word' id='word_1_476' title='bbox 1202 4707 1296 4770; x_wconf 85' lang='lat' dir='ltr'><strong>forma</strong></span> <span class='ocrx_word' id='word_1_477' title='bbox 1311 4708 1446 4802; x_wconf 78' lang='lat' dir='ltr'><strong>omnibus</strong></span> <span class='ocrx_word' id='word_1_478' title='bbox 1468 4706 1584 4785; x_wconf 77' lang='lat' dir='ltr'><strong>angulis</strong></span> <span class='ocrx_word' id='word_1_479' title='bbox 1609 4720 1779 4765; x_wconf 86' lang='lat' dir='ltr'><strong>concurrere</strong></span> <span class='ocrx_word' id='word_1_480' title='bbox 1800 4690 1881 4757; x_wconf 80' lang='lat' dir='ltr'><strong>vein</strong></span> 
     </span>
     <span class='ocr_line' id='line_1_47' title="bbox 537 4790 1881 4947; baseline 0.003 -16"><span class='ocrx_word' id='word_1_481' title='bbox 537 4790 697 4931; x_wconf 41' lang='lat' dir='ltr'><strong>plumbii?</strong></span> <span class='ocrx_word' id='word_1_482' title='bbox 710 4810 749 4930; x_wconf 55' lang='lat' dir='ltr'><strong>fil</strong></span> <span class='ocrx_word' id='word_1_483' title='bbox 759 4790 964 4945; x_wconf 42' lang='lat' dir='ltr'><strong>1:⁰33?ququ</strong></span> <span class='ocrx_word' id='word_1_484' title='bbox 983 4872 1154 4947; x_wconf 76' lang='lat' dir='ltr'><strong>angulorum,</strong></span> <span class='ocrx_word' id='word_1_485' title='bbox 1173 4882 1204 4931; x_wconf 88' lang='lat' dir='ltr'><strong>ut</strong></span> <span class='ocrx_word' id='word_1_486' title='bbox 1215 4876 1337 4947; x_wconf 83' lang='lat' dir='ltr'><strong>ejusdem</strong></span> <span class='ocrx_word' id='word_1_487' title='bbox 1350 4874 1450 4947; x_wconf 88' lang='lat' dir='ltr'><strong>speciei</strong></span> <span class='ocrx_word' id='word_1_488' title='bbox 1462 4832 1572 4947; x_wconf 73' lang='lat' dir='ltr'><strong>figurae</strong></span> <span class='ocrx_word' id='word_1_489' title='bbox 1582 4864 1709 4947; x_wconf 81' lang='lat' dir='ltr'><strong>utrinque</strong></span> <span class='ocrx_word' id='word_1_490' title='bbox 1722 4874 1802 4939; x_wconf 75' lang='lat' dir='ltr'><strong>nunt,</strong></span> <span class='ocrx_word' id='word_1_491' title='bbox 1820 4855 1881 4935; x_wconf 52' lang='grc' dir='ltr'><strong>ΨΜ</strong></span> 
     </span>
     <span class='ocr_line' id='line_1_48' title="bbox 536 4949 1712 5027; baseline 0 -19"><span class='ocrx_word' id='word_1_492' title='bbox 536 4953 566 5008; x_wconf 88' lang='lat' dir='ltr'><strong>in</strong></span> <span class='ocrx_word' id='word_1_493' title='bbox 583 4949 681 5009; x_wconf 87' lang='lat' dir='ltr'><strong>ceteris</strong></span> <span class='ocrx_word' id='word_1_494' title='bbox 699 4952 806 5023; x_wconf 73' lang='lat' dir='ltr'><strong>angulis</strong></span> <span class='ocrx_word' id='word_1_495' title='bbox 824 4966 880 5010; x_wconf 93' lang='lat' dir='ltr'><strong>non</strong></span> <span class='ocrx_word' id='word_1_496' title='bbox 897 4952 936 5009; x_wconf 87' lang='lat' dir='ltr'><strong>iit</strong></span> <span class='ocrx_word' id='word_1_497' title='bbox 973 4952 1063 5023; x_wconf 86' lang='lat' dir='ltr'><strong>liujus</strong></span> <span class='ocrx_word' id='word_1_498' title='bbox 1077 4956 1116 5011; x_wconf 91' lang='lat' dir='ltr'><strong>rel</strong></span> <span class='ocrx_word' id='word_1_499' title='bbox 1135 4968 1217 5012; x_wconf 78' lang='lat' dir='ltr'><strong>eausa</strong></span> <span class='ocrx_word' id='word_1_500' title='bbox 1235 4950 1296 5013; x_wconf 81' lang='lat' dir='ltr'><strong>vius</strong></span> <span class='ocrx_word' id='word_1_501' title='bbox 1313 4954 1427 5025; x_wconf 75' lang='lat' dir='ltr'><strong>iignum</strong></span> <span class='ocrx_word' id='word_1_502' title='bbox 1446 4954 1467 5011; x_wconf 84' lang='lat' dir='ltr'>C</span> <span class='ocrx_word' id='word_1_503' title='bbox 1484 4956 1541 5027; x_wconf 76' lang='lat' dir='ltr'><strong>typi</strong></span> <span class='ocrx_word' id='word_1_504' title='bbox 1560 4950 1637 5013; x_wconf 78' lang='lat' dir='ltr'><strong>eenel</strong></span> <span class='ocrx_word' id='word_1_505' title='bbox 1654 4970 1712 5027; x_wconf 87' lang='lat' dir='ltr'><strong>seq.</strong></span> 
     </span>
    </p>
   </div>
   <div class='ocr_carea' id='block_1_12' title="bbox 526 5032 1881 5126">
    <p class='ocr_par' dir='ltr' id='par_1_15' title="bbox 526 5032 1881 5126">
     <span class='ocr_line' id='line_1_49' title="bbox 526 5032 1881 5126; baseline -0.001 -23"><span class='ocrx_word' id='word_1_506' title='bbox 526 5093 533 5103; x_wconf 81' lang='grc'><strong>.</strong></span> <span class='ocrx_word' id='word_1_507' title='bbox 626 5044 744 5106; x_wconf 83' lang='lat' dir='ltr'><strong>XVIII.</strong></span> <span class='ocrx_word' id='word_1_508' title='bbox 766 5046 1002 5125; x_wconf 86' lang='lat' dir='ltr'><strong>Propositio.</strong></span> <span class='ocrx_word' id='word_1_509' title='bbox 1048 5044 1173 5123; x_wconf 82' lang='lat' dir='ltr'><strong>Plenum</strong></span> <span class='ocrx_word' id='word_1_510' title='bbox 1187 5043 1285 5107; x_wconf 88' lang='lat' dir='ltr'><strong>locum</strong></span> <span class='ocrx_word' id='word_1_511' title='bbox 1300 5044 1508 5126; x_wconf 85' lang='lat' dir='ltr'><strong>perfectissime</strong></span> <span class='ocrx_word' id='word_1_512' title='bbox 1523 5036 1641 5125; x_wconf 85' lang='lat' dir='ltr'><strong>explent</strong></span> <span class='ocrx_word' id='word_1_513' title='bbox 1655 5042 1744 5125; x_wconf 81' lang='lat' dir='ltr'><strong>plana</strong></span> <span class='ocrx_word' id='word_1_514' title='bbox 1765 5032 1881 5124; x_wconf 61' lang='lat' dir='ltr'><strong>ejusden</strong></span> 
     </span>
    </p>
   </div>
   <div class='ocr_carea' id='block_1_13' title="bbox 539 5132 1881 5288">
    <p class='ocr_par' dir='ltr' id='par_1_16' title="bbox 539 5132 1881 5288">
     <span class='ocr_line' id='line_1_50' title="bbox 539 5132 1718 5220; baseline 0.003 -28"><span class='ocrx_word' id='word_1_515' title='bbox 539 5132 651 5211; x_wconf 71' lang='lat' dir='ltr'><strong>figurae</strong></span> <span class='ocrx_word' id='word_1_516' title='bbox 672 5140 786 5199; x_wconf 86' lang='lat' dir='ltr'><strong>tantum</strong></span> <span class='ocrx_word' id='word_1_517' title='bbox 809 5136 879 5200; x_wconf 72' lang='lat' dir='ltr'><strong>triae</strong></span> <span class='ocrx_word' id='word_1_518' title='bbox 902 5136 1009 5212; x_wconf 80' lang='lat' dir='ltr'><strong>trigoni</strong></span> <span class='ocrx_word' id='word_1_519' title='bbox 1033 5135 1106 5211; x_wconf 80' lang='lat' dir='ltr'><strong>seni,</strong></span> <span class='ocrx_word' id='word_1_520' title='bbox 1129 5139 1275 5213; x_wconf 77' lang='lat' dir='ltr'><strong>tetragoni</strong></span> <span class='ocrx_word' id='word_1_521' title='bbox 1318 5136 1439 5211; x_wconf 85' lang='lat' dir='ltr'><strong>oeterni,</strong></span> <span class='ocrx_word' id='word_1_522' title='bbox 1458 5132 1610 5220; x_wconf 33' lang='lat' dir='ltr'><strong>&#39;hexagoni</strong></span> <span class='ocrx_word' id='word_1_523' title='bbox 1634 5134 1718 5196; x_wconf 88' lang='lat' dir='ltr'><strong>terni.</strong></span> 
     </span>
     <span class='ocr_line' id='line_1_51' title="bbox 625 5212 1881 5288; baseline 0.001 -18"><span class='ocrx_word' id='word_1_524' title='bbox 625 5212 695 5270; x_wconf 78' lang='lat' dir='ltr'><strong>llam</strong></span> <span class='ocrx_word' id='word_1_525' title='bbox 713 5228 763 5286; x_wconf 86' lang='lat' dir='ltr'><strong>per</strong></span> <span class='ocrx_word' id='word_1_526' title='bbox 779 5218 801 5273; x_wconf 92' lang='lat'><strong>1.</strong></span> <span class='ocrx_word' id='word_1_527' title='bbox 820 5217 862 5273; x_wconf 69' lang='lat' dir='ltr'><strong>it</strong></span> <span class='ocrx_word' id='word_1_528' title='bbox 879 5216 962 5285; x_wconf 75' lang='lat' dir='ltr'><strong>buius</strong></span> <span class='ocrx_word' id='word_1_529' title='bbox 985 5216 1086 5286; x_wconf 74' lang='lat' dir='ltr'><strong>trigoni</strong></span> <span class='ocrx_word' id='word_1_530' title='bbox 1104 5212 1219 5285; x_wconf 75' lang='lat' dir='ltr'><strong>engnlns</strong></span> <span class='ocrx_word' id='word_1_531' title='bbox 1238 5220 1280 5275; x_wconf 86' lang='lat' dir='ltr'><strong>est</strong></span> <span class='ocrx_word' id='word_1_532' title='bbox 1333 5218 1413 5273; x_wconf 87' lang='lat' dir='ltr'><strong>unlus</strong></span> <span class='ocrx_word' id='word_1_533' title='bbox 1425 5218 1500 5288; x_wconf 76' lang='lat' dir='ltr'><strong>recti,</strong></span> <span class='ocrx_word' id='word_1_534' title='bbox 1515 5228 1575 5274; x_wconf 76' lang='lat' dir='ltr'><strong>sex</strong></span> <span class='ocrx_word' id='word_1_535' title='bbox 1586 5223 1652 5287; x_wconf 68' lang='lat' dir='ltr'><strong>erpo</strong></span> <span class='ocrx_word' id='word_1_536' title='bbox 1665 5215 1881 5288; x_wconf 67' lang='lat' dir='ltr'><strong>mgnbeenorem</strong></span> 
     </span>
    </p>
   </div>
   <div class='ocr_carea' id='block_1_14' title="bbox 538 5289 1312 5369">
    <p class='ocr_par' dir='ltr' id='par_1_17' title="bbox 538 5289 1312 5369">
     <span class='ocr_line' id='line_1_52' title="bbox 538 5289 1312 5369; baseline 0.003 -16"><span class='ocrx_word' id='word_1_537' title='bbox 538 5295 707 5369; x_wconf 65' lang='lat' dir='ltr'><strong>ffissbnorum</strong></span> <span class='ocrx_word' id='word_1_538' title='bbox 724 5304 790 5352; x_wconf 88' lang='lat' dir='ltr'><strong>sunt</strong></span> <span class='ocrx_word' id='word_1_539' title='bbox 811 5297 854 5367; x_wconf 64' lang='lat' dir='ltr'><strong>tf,</strong></span> <span class='ocrx_word' id='word_1_540' title='bbox 872 5292 901 5352; x_wconf 81' lang='lat' dir='ltr'><strong>te</strong></span> <span class='ocrx_word' id='word_1_541' title='bbox 918 5301 962 5354; x_wconf 84' lang='lat' dir='ltr'><strong>est</strong></span> <span class='ocrx_word' id='word_1_542' title='bbox 978 5297 996 5352; x_wconf 75' lang='lat' dir='ltr'><strong>t</strong></span> <span class='ocrx_word' id='word_1_543' title='bbox 1013 5294 1120 5367; x_wconf 69' lang='lat' dir='ltr'><strong>nceqn.</strong></span> <span class='ocrx_word' id='word_1_544' title='bbox 1149 5296 1220 5355; x_wconf 79' lang='lat' dir='ltr'><strong>viee</strong></span> <span class='ocrx_word' id='word_1_545' title='bbox 1236 5289 1273 5355; x_wconf 78' lang='lat' dir='ltr'><strong>u.</strong></span> <span class='ocrx_word' id='word_1_546' title='bbox 1308 5309 1312 5317; x_wconf 91' lang='grc'><strong>’</strong></span> 
     </span>
    </p>
   </div>
   <div class='ocr_carea' id='block_1_15' title="bbox 0 0 2138 6384">
    <p class='ocr_par' dir='ltr' id='par_1_18' title="bbox 0 0 2138 6384">
     <span class='ocr_line' id='line_1_53' title="bbox 0 0 2138 6384; baseline 0 0"><span class='ocrx_word' id='word_1_547' title='bbox 0 0 2138 6384; x_wconf 95' lang='lat' dir='ltr'><strong> </strong></span> 
     </span>
    </p>
   </div>
  </div>
 </body>
</html>
