4242 6384
541 784 603 842 422
1007 775 1173 846 Appenninis
1188 777 1414 834 Harmonlcomrn

540 964 568 1016 et
600 962 716 1016 ιιιοιιιιιι
747 955 933 1014 ιιιιιιιιιιιιιιιι
962 971 1031 1014 cere
1063 954 1203 1030 physicae
1234 956 1335 1016 solitos
1369 959 1491 1032 operire
1517 957 1637 1016 roaooe
1663 953 1849 1014 mohmotim

540 1043 632 1102 Miror
654 1059 703 1100 cur
718 1041 803 1100 idem
826 1059 872 1101 me
896 1041 1077 1102 factitantem
1099 1042 1304 1139 reprehendas

628 1128 686 1188 Sed
710 1127 780 1204 quid
812 1145 868 1204 ego
897 1128 995 1186 multis
1019 1127 1054 1187 de
1077 1130 1150 1186 mea'
1170 1115 1397 1206 philosophandi
1427 1127 1588 1192 methodo?
1611 1144 1676 1186 curn
1698 1135 1729 1184 tu
1749 1125 1818 1184 vel
1808 1143 1854 1199 Jm

543 1234 619 1274 nunc
642 1217 670 1272 io
695 1215 783 1291 brrJ'us
806 1215 962 1291 analyseos
991 1215 1050 1274 fine
1071 1217 1227 1290 capitalem
1254 1217 1529 1292 aequivocationem
1559 1217 1588 1273 io
1616 1208 1737 1275 vocibus
1762 1215 1856 1282 nmio,

543 1303 728 1376 harmonica,
752 1303 888 1360 inieras'
883 1321 910 1358 m
934 1303 1125 1376 sequentibus
1147 1303 1304 1362 identidem
1328 1302 1507 1380 iterandam,
1530 1319 1589 1377 qua
1611 1302 1792 1376 ambiguitate
1809 1316 1858 1355 om-

544 1409 611 1448 nem
635 1390 721 1462 bunc,
745 1405 802 1448 non
826 1405 922 1448 meum
946 1399 1068 1461 tantum,
1091 1388 1143 1448 sed
1166 1393 1255 1450 etiarn
1278 1399 1411 1450 veterum
1433 1397 1570 1448 conatum
1595 1391 1625 1446 in
1649 1387 1859 1463 disceptatimeo

541 1493 640 1536 vocas.
686 1477 841 1554 Egregiam
866 1492 934 1534 vero
957 1477 1143 1552 palaestram,
1167 1481 1196 1535 in
1219 1495 1279 1552 qua
1301 1479 1523 1536 manaem-rimor
1538 1475 1674 1549 alternis3
1698 1491 1751 1546 ego
1770 1473 1860 1530 roatbe

540 1567 677 1624 mutinam
702 1573 831 1624 veterum
854 1563 1023 1622 methodum
1047 1565 1256 1639 comprobans,
1280 1568 1309 1622 in
1331 1580 1488 1642 progressu
1510 1565 1589 1623 eirca
1610 1561 1791 1640 particularia
1808 1577 1860 1616 eoo·
1895 1570 1896 1579 ¹

539 1662 584 1710 tra
610 1651 675 1710 illos
699 1667 807 1726 pugno,
832 1661 872 1722 tu,
896 1649 1065 1708 methodum
1089 1653 1218 1728 ipsorum
1240 1653 1334 1728 ipsam
1350 1650 1515 1727 generalem
1535 1651 1718 1722 insimulant,
1739 1651 1766 1706 in
1787 1650 1860 1706 mino
1895 1682 1896 1691 ι

540 1741 578 1797 ιιι
603 1737 749 1796 nonnullis
773 1747 903 1797 veterum
926 1745 1098 1797 assertorem
1121 1747 1152 1797 te
1172 1737 1327 1815 profiteris.

531 1845 536 1854 ·
629 1824 790 1884 Medullum
813 1833 844 1882 tu
868 1827 967 1884 nescio
990 1841 1079 1900 quarn
1102 1823 1220 1886 divinae
1243 1828 1372 1886 musicae
1395 1823 1546 1901 producis,
1575 1823 1662 1898 cujus
1690 1823 1803 1882 umbrae
1820 1823 1861 1876 sint
1895 1830 1896 1861 1

539 1911 756 1984 mathematico,
781 1927 856 1987 qnae
882 1912 929 1970 vix
953 1919 1076 1986 tangant
1097 1909 1186 1971 illam.
1232 1913 1318 1972 Hanc
1344 1911 1504 1972 medullam
1530 1913 1560 1968 in
1584 1911 1749 1970 visceribus
1768 1918 1861 1967 uatum
1895 1920 1896 1951 ³

485 2023 490 2036 a
539 1998 682 2058 recondis.
1895 2006 1897 2017 ’

629 2086 716 2144 Ειιοι
746 2086 799 2144 tibi
828 2085 997 2160 octingena
1023 2085 1051 2142 in
1074 2093 1137 2144 arte
1159 2087 1310 2158 musicae,
1337 2083 1417 2160 quod
1443 2084 1518 2146 baec
1543 2086 1620 2144 inter
1647 2092 1729 2144 artes
1755 2081 1863 2140 liberale
1895 2114 1897 2125 ι

541 2171 763 2232 mathematicas
786 2171 954 2232 collocatur.
1007 2172 1131 2230 Vanam
1152 2176 1188 2232 ιἰι
1208 2191 1245 2232 eo
1266 2173 1412 2232 ambrum
1433 2189 1492 2230 ease
1512 2173 1706 2248 pronuncias,
1729 2172 1865 2230 montani
1895 2180 1896 2213 ἓ

540 2277 616 2334 eom,
639 2277 703 2319 oon
725 2262 872 2333 corticem,
897 2273 1005 2336 perque
1028 2275 1094 2320 eam
1116 2261 1242 2335 ignorari
1266 2262 1310 2318 ais
1325 2260 1481 2318 essentiam
1496 2260 1662 2322 nilamonem
1677 2275 1732 2318 acu
1746 2255 1865 2316 noctem
1895 2268 1896 2299 ³

628 2345 660 2405 Si
684 2345 740 2406 hoc
764 2346 885 2406 velles
878 2361 1006 2418 mouere,
1032 2363 1090 2404 oon
1114 2346 1358 2422 acquiescendum
1381 2363 1446 2405 ease
1469 2345 1682 2422 philosopho
1674 2363 1705 2402 ιιι
1727 2347 1804 2404 sonia
1822 2341 1866 2400 ele
1895 2364 1896 2371 ι

541 2434 722 2492 meritoribus
751 2441 781 2492 et
807 2431 935 2492 sensuali
966 2435 1092 2505 musica,
1125 2433 1177 2494 sed
1200 2431 1466 2511 philosophandum
1498 2432 1603 2504 altius,
1631 2419 1864 2508 indagandnnqrr

540 2537 607 2580 cnm
630 2518 800 2580 Jambliolro
823 2529 890 2592 tuo,
922 2522 972 2594 qui
995 2519 1058 2592 liat,
1083 2520 1162 2594 quod
1186 2523 1267 2580 verbi
1290 2537 1381 2580 causa
1403 2537 1439 2578 ex
1462 2518 1623 2580 intervallis
1646 2522 1749 2590 tertia,
1776 2527 1864 2591 quarta
1895 2532 1897 2563 ι

542 2609 656 2683 quinta,
680 2615 787 2666 octava
810 2607 970 2677 delectent,
999 2607 1128 2666 secunde
1151 2615 1180 2668 et
1202 2610 1328 2685 septima
1350 2623 1408 2664 noo
1432 2605 1593 2677 delectent,
1626 2623 1686 2664 non
1710 2613 1866 2664 metantem
1895 2616 1897 2630 ²

540 2693 663 2754 haberes
693 2695 938 2765 consentientem,
969 2691 1022 2754 sed
1051 2708 1148 2769 neque
1176 2693 1256 2772 apud
1279 2703 1392 2754 veteres
1422 2693 1582 2769 quidquam
1614 2694 1780 2764 invenires,
1807 2687 1866 2765 qood
1895 2708 1896 2717 ¹

540 2783 698 2842 irrcnsares.
743 2779 818 2840 Nam
840 2781 1011 2840 Ptolemaeo
1037 2779 1174 2840 voluntas
1197 2784 1314 2857 egregia
1335 2781 1400 2851 luit,
1423 2781 1501 2840 hunc
1522 2779 1658 2839 nucleum
1682 2779 1814 2850 eruendi,
1831 2777 1866 2849 qui

539 2867 767 2944 philosophandi
792 2872 879 2928 etiam
901 2885 994 2944 genus
1018 2867 1152 2928 adhibuit
1175 2869 1315 2939 sublime,
1344 2884 1399 2927 occ
1421 2863 1571 2942 indignum
1596 2869 1695 2925 visum
1719 2866 1866 2941 Porphyris.

540 2954 701 3014 Jambliclri
725 2957 766 3014 tui
790 2957 943 3030 magistro,
976 2957 1004 3016 in
1028 2954 1109 3030 quod
1131 2957 1194 3032 ipse
1216 2964 1467 3016 commemoretur.
1514 2956 1604 3028 Atqui
1629 2954 1733 3013 nullus
1763 2961 1866 3013 vetemu
1895 2964 1896 2967 ’

541 3043 724 3101 ιιιιιιιιιιίιιι
748 3043 912 3101 interiorem
936 3045 1092 3102 essentiam
1113 3043 1212 3100 'ausus
1235 3051 1280 3100 eat
1302 3049 1415 3102 eruere·
1435 3041 1662 3116 quantitatibus,
1694 3043 1769 3116 quin
1793 3040 1867 3114 potius

542 3137 602 3187 tam
626 3129 683 3206 illi,
715 3146 804 3204 quam
828 3131 878 3204 qui
903 3129 969 3187 illos
993 3136 1038 3188 est
1059 3138 1193 3201 secutus,
1223 3129 1355 3200 Proclrrs,
1376 3130 1556 3203 geometriae
1571 3127 1729 3187 thesauros
1751 3127 1867 3186 altissime

542 3215 709 3274 extulerunt
731 3218 818 3290 ioque
842 3218 1052 3292 penitissimum
1074 3219 1238 3274 animorum
1268 3218 1418 3295 ipsiusque
1440 3214 1516 3274 adea
1546 3215 1714 3274 divinitatis
1736 3215 1869 3276 essentiam

541 3299 773 3360 recondiderunt.
819 3301 901 3377 Quos
925 3301 1041 3377 quidem
1064 3303 1121 3363 hac
1142 3305 1171 3359 in
1194 3312 1277 3379 parte
1299 3311 1407 3376 elego
1430 3310 1548 3361 secutus
1570 3319 1634 3360 sum
1657 3309 1793 3372 suenus,
1814 3299 1868 3370 dog

542 3395 621 3446 rnatu
644 3397 740 3448 tamen
764 3389 879 3447 illorum
902 3407 938 3448 ex
960 3393 1139 3468 praescripto
1168 3389 1317 3450 doctrinae
1347 3389 1510 3448 catholicae
1536 3390 1665 3461 correxi,
1692 3392 1741 3447 uti
1768 3389 1869 3448 recturo
1894 3398 1897 3433 ι

541 3475 599 3533 hoc
621 3477 772 3551 agnituros
795 3493 880 3553 spero
911 3493 944 3533 ex
969 3478 1095 3540 lectione
1124 3479 1309 3553 potissimum
1338 3475 1406 3534 libri
1433 3479 1490 3534 mei
1514 3475 1566 3533 lV.
1590 3478 1722 3552 capitum
1753 3478 1867 3552 priorum
1894 3484 1897 3519 ι

541 3560 607 3622 Hoc
630 3561 724 3620 solum
747 3565 847 3622 censui
870 3563 1052 3635 novandum,
1083 3567 1142 3623 imo
1163 3565 1336 3624 necessariis
1358 3564 1654 3622 demonstrationibus
1677 3562 1803 3624 adactus
1822 3576 1868 3617 ann
1895 3574 1897 3607 ι

541 3665 666 3718 novare,
699 3649 777 3724 qood
801 3651 948 3709 veteribus
970 3668 1022 3728 pro
1045 3654 1107 3710 suis
1130 3654 1272 3723 numeris,
1301 3650 1428 3708 discreta
1449 3652 1629 3726 quantitate,
1659 3651 1726 3726 ipae
1753 3647 1869 3709 substitui
1895 3686 1896 3693 ι

543 3735 682 3794 circulum
705 3743 735 3794 et
757 3736 867 3812 figuras
888 3741 1097 3820 geometricas,
1120 3741 1314 3814 quantitatem
1337 3737 1449 3798 scilicet
1471 3740 1650 3797 continuam.

590 3822 593 3832 “
629 3821 661 3884 Si
685 3823 758 3882 baec
782 3832 911 3884 veterum
933 3827 1007 3883 ratio
1029 3825 1202 3885 enuclearrdi
1224 3825 1407 3884 harmonicas
1427 3826 1583 3884 ιιιιιιιὶιιιιι
1606 3825 1660 3882 tibi
1675 3840 1736 3882 non
1751 3822 1868 3882 sorderet
1895 3862 1896 3865 ι

542 3919 571 3971 ιι
601 3911 625 3966 si
655 3909 863 3970 mathematica
892 3929 951 3970 non
980 3914 1007 3968 in
1039 3915 1176 3976 corticem
1207 3920 1260 3969 aut
1287 3914 1415 3970 tunicam
1446 3911 1608 3987 relegaret,
1638 3914 1697 3969 imo
1730 3928 1831 3970 vanarn
1848 3918 1867 3962 ιι
1895 3924 1896 3955 1

541 3996 676 4056 frivolam
699 3999 830 4056 umbram
853 3998 1042 4074 indigetares,
1075 4002 1144 4075 quio
1174 4001 1273 4076 potina
1303 4001 1331 4056 in
1355 4000 1450 4073 ipsum
1476 3997 1611 4058 nucleum
1640 3999 1800 4073 reciperes,
1823 3996 1868 4069 ιἰιι
1895 4028 1896 4039 r

542 4101 626 4163 porro
655 4101 741 4146 nemo
774 4101 841 4144 vere
871 4085 1141 4163 philosophantium
1171 4086 1225 4152 tibi
1254 4102 1313 4144 non
1343 4085 1538 4162 applauderet
1558 4087 1716 4153 asserenti,
1748 4086 1867 4143 moriem
1895 4096 1896 4131 ι

542 4170 664 4232 eandem
687 4189 752 4230 esse
775 4173 803 4228 in
826 4169 958 4245 homine,
983 4175 1180 4249 quaesatio
1203 4171 1328 4244 mundo,
1358 4171 1481 4232 eandem
1508 4175 1537 4230 in
1560 4172 1713 4232 elementia
1735 4171 1780 4250 (ιιι
1799 4184 1867 4226 soror
1895 4178 1897 4219 ι

542 4258 739 4334 intelligamus
763 4258 973 4336 elementares),
997 4277 1074 4336 quaa
1096 4264 1125 4318 io
1149 4259 1292 4335 planetis,
1322 4259 1456 4324 eandem
1466 4259 1585 4318 tandem
1607 4263 1637 4318 in
1659 4259 1736 4331 illis,
1760 4256 1867 4334 quaein
1895 4252 1896 4261 ’

542 4349 605 4421 ipso
628 4345 736 4405 mundo
759 4345 932 4422 archetypo,
964 4346 1039 4406 unde
1067 4347 1247 4423 originaliter
1276 4354 1340 4405 orta
1361 4349 1399 4404 ait
1430 4346 1584 4406 harmonia
1610 4346 1766 4406 machinae
1788 4345 1867 4403 toous

541 4433 616 4492 Nam
647 4432 749 4492 eadem
782 4431 885 4492 iisdem
913 4450 987 4510 pene
1018 4435 1116 4494 verbis
1145 4443 1175 4494 et
1202 4451 1249 4492 me
1280 4432 1364 4492 vides
1391 4451 1521 4494 asserere
1550 4436 1697 4510 passim,
1717 4430 1868 4548 praesertim

543 4520 617 4580 libro
640 4519 695 4577 111.
712 4520 764 4579 iol.
791 4521 851 4578 136
875 4527 904 4580 ct
926 4519 990 4580 libr.
1016 4521 1069 4578 IV.
1091 4539 1156 4596 cap.
1183 4524 1215 4592 l,
1241 4523 1275 4592 2,
1299 4522 1327 4579 3.

627 4605 776 4666 Modicam
809 4609 885 4666 enim
908 4607 983 4668 lianc
1005 4610 1280 4708 aequivocationem
1310 4605 1463 4666 admittere
1491 4608 1623 4681 cogimur
1644 4608 1713 4682 J'ore
1739 4617 1868 4682 gramme
1895 4576 1896 4707 1

542 4695 608 4766 tioo,
633 4711 699 4752 cum
722 4694 910 4754 harmoniam
926 4694 1002 4752 alius
1026 4694 1154 4769 quidem,
1176 4712 1231 4752 osu
1250 4695 1312 4768 J'am
1334 4695 1419 4765 trito,
1444 4693 1573 4752 admittit
1593 4693 1687 4754 solam
1709 4694 1800 4752 illam
1810 4705 1867 4749 coo·
1895 4676 1896 4745 l

543 4791 654 4852 centus,
678 4789 822 4856 quaeest
845 4799 910 4840 arrm
933 4796 1021 4853 sono,
1051 4781 1141 4853 alins,
1164 4789 1281 4840 sconem
1304 4782 1427 4858 primam
1449 4783 1531 4840 vocis
1554 4784 1711 4860 originem,
1738 4798 1790 4857 pro
1810 4791 1867 4834 mn·

541 4871 675 4944 gruaotia
698 4885 791 4928 rerum
813 4871 1055 4942 geometricorum
1079 4868 1232 4926 omnifaria
1253 4870 1363 4944 recipit,
1387 4867 1473 4941 alius,
1484 4868 1623 4928 mediam
1643 4867 1781 4928 inccdens
1795 4846 1896 4926 riam

543 4957 736 5032 geometricas
758 4957 970 5031 proportiones,
995 4973 1072 5032 quae
1093 4957 1311 5013 ἱιιιιιιίιιιιιιιι
1303 4973 1331 5012 ιιι
1355 4956 1480 5024 vocibus
1500 4956 1737 5027 consonantibus,
1760 4953 1866 5011 abiem·

542 5061 599 5117 que
623 5059 673 5102 eas
696 5053 848 5119 praeterea
871 5044 991 5114 invenit,
1015 5041 1097 5102 velut
1118 5043 1281 5102 abstractae
1295 5042 1469 5118 aanbjectlo
1486 5043 1700 5118 subintelligitJ
1723 5048 1864 5117 quoscum

543 5145 598 5204 ego
621 5129 667 5188 bis
684 5131 805 5189 vocibus
829 5137 895 5188 utor
917 5147 969 5205 per
992 5137 1087 5188 totum
1108 5129 1168 5188 iere
1191 5145 1386 5205 opusmeum.
1431 5131 1473 5188 At
1487 5139 1529 5203 tn,
1553 5145 1611 5188 non
1628 5139 1780 5190 contentus
1800 5126 1863 5182 bisse

542 5216 766 5304 signiticatlbus,
799 5233 902 5280 vocem
924 5217 1035 5301 prefers
1058 5215 1181 5279 ulterius
1203 5217 1240 5278 ad
1264 5219 1470 5296 congruentias
1492 5225 1553 5278 tarn
1575 5217 1714 5297 physicas
1735 5213 1863 5291 agennum
