4242 6384
511 773 573 834 428
980 773 1146 844 Appendicia
1163 772 1386 828 iimmonicorum

509 951 598 1008 nium
629 952 814 1024 inveniann,
845 950 897 1010 aad
917 958 1140 1026 compca-uratur·
1158 951 1287 1030 tipum.
1311 952 1395 1011 ‘Non
1417 959 1491 1029 puto
1510 969 1560 1011 rna
1582 950 1727 1010 iacturum
1748 965 1835 1025 operae

510 1039 650 1116 pretium,
682 1039 706 1097 si
735 1045 764 1096 ta
786 1037 922 1098 adhortor
950 1037 1165 1114 adlegandum
1194 1040 1301 1098 iibmm
1324 1040 1508 1115 diligentius,
1541 1055 1601 1096 nou
1624 1040 1702 1097 enim
1731 1035 1837 1114 parebis,

511 1124 608 1182 solum
630 1124 767 1184 lectorem
790 1141 909 1184 moneo:
933 1143 990 1184 usn
1014 1125 1087 1201 legit
1108 1125 1262 1200 Reuersus,
1290 1143 1348 1185 nou
1372 1129 1540 1206 pensitavit,
1563 1131 1617 1183 aut
1638 1128 1664 1184 si
1687 1127 1837 1200 pensitavit,

510 1210 585 1270 ludit
608 1228 677 1288 crgo
700 1219 752 1271 aut
775 1213 937 1272 cavillatur.
982 1213 1015 1270 In
1040 1215 1229 1290 praeambulo
1258 1214 1355 1272 indico
1385 1233 1487 1272 causas
1509 1213 1727 1271 harmoniarum
1751 1218 1841 1288 peten-

510 1297 563 1357 das
587 1315 622 1358 ex
646 1301 814 1374 geometria,
839 1317 874 1358 ex
898 1299 1045 1360 divisione
1069 1302 1181 1373 circuti,
1205 1318 1281 1378 quae
1300 1302 1338 1360 tir
1358 1303 1540 1377 perfiguras
1562 1299 1715 1374 regulares
1737 1297 1844 1356 damon

509 1385 660 1458 atrabiles,
691 1385 768 1468 iiber
789 1389 852 1463 ipse
874 1387 982 1463 figuras
1010 1387 1138 1446 exhibet.
1182 1387 1318 1447 Nondum
1349 1405 1419 1448 sane
1449 1389 1559 1464 figurae
1582 1393 1652 1444 sunt
1673 1385 1750 1444 idem
1778 1384 1844 1460 qnod

510 1473 682 1545 harmonia,
705 1485 775 1532 sunt
797 1482 894 1534 tamen
918 1476 969 1532 via
990 1475 1028 1532 ad
1053 1475 1143 1534 illam.
1189 1475 1276 1550 Quid,
1299 1477 1324 1533 si
1348 1477 1416 1534 dum
1439 1485 1548 1553 apoiraa
1572 1477 1707 1546 comitur,
1734 1473 1846 1529 nondun

510 1567 578 1620 suut
600 1563 729 1636 nuptiae,
753 1561 825 1618 nihii
848 1579 918 1637 ergo
940 1577 1049 1638 sponsa
1071 1564 1142 1620 iacit
1162 1562 1200 1620 ad
1223 1562 1362 1640 nuptias?
1406 1563 1467 1620 Ant
1488 1565 1514 1620 si
1543 1560 1616 1618 nihil
1639 1564 1704 1636 agit
1725 1559 1847 1617 Euclides

509 1647 587 1707 libro
611 1647 663 1704 lV.
688 1647 723 1706 da
747 1650 916 1724 corporibus
939 1647 1055 1718 solidis,
1084 1649 1136 1708 aed
1159 1649 1254 1708 solum
1278 1649 1313 1709 de
1335 1649 1436 1724 figuris
1457 1649 1585 1726 plania‚·
1603 1648 1677 1704 nihii
1701 1663 1771 1721 ergo
1790 1647 1848 1704 iacit
1898 1658 1899 1677 ¹

511 1735 586 1794 iiber
610 1735 662 1792 IV.
694 1735 732 1794 ad
762 1735 921 1794 solidorum
953 1739 1082 1812 quinqua
1109 1739 1310 1797 formationem
1338 1737 1413 1796 libro
1442 1735 1531 1794 xiii.
1563 1733 1761 1810 sequentem?
1801 1733 1847 1791 Sed
1898 1740 1899 1751 ¹

512 1822 609 1894 rideo,
637 1821 707 1898 quid
731 1821 874 1896 nolueris,
897 1823 1038 1882 Roberte:
1063 1826 1092 1881 in
1114 1827 1210 1883 sinum
1232 1823 1360 1898 gaudes,
1383 1823 1462 1900 quod
1484 1839 1531 1881 me
1553 1820 1848 1894 commonstrantes

512 1909 710 1984 defensionem
734 1927 792 1968 non
815 1913 1019 1970 necessariam.
1065 1911 1163 1986 Quare
1186 1911 1386 1970 nihii-addam
1409 1909 1544 1987 amplius.
1898 1906 1899 1927 *

529 1989 532 2003 '
601 1997 689 2056 Libro
712 2014 777 2055 meo
800 1998 927 2056 secundo
957 1999 1060 2058 tribuis
1084 1999 1172 2071 mihi,
1198 1997 1285 2074 quud
1314 1998 1442 2066 credani,
1474 2001 1502 2054 in
1525 1998 1657 2077 quinque
1693 1995 1849 2070 corporibus
1898 1992 1899 2029 i

511 2084 693 2159 regularibus
722 2087 879 2144 consistere
910 2086 968 2143 vim
1000 2085 1169 2145 harmoniae
1206 2085 1379 2146 mundanae.
1431 2085 1557 2142 Rursum
1592 2086 1728 2159 praepeti
1761 2082 1850 2138 rotatu
1897 2078 1900 2149 i

511 2172 596 2230 turbo
620 2174 788 2230 transcurrit
811 2175 914 2247 igneus
937 2173 1046 2248 ingenii
1071 2176 1113 2230 ini
1138 2161 1275 2245 rotatilis,
1299 2172 1379 2247 quod
1401 2172 1489 2229 tirum
1512 2171 1607 2230 iacere
1625 2171 1718 2244 jubet
1740 2167 1851 2227 tienne
1897 2152 1899 2207 ¹

512 2267 587 2316 tuus.
634 2259 721 2318 Liber
743 2275 825 2318 meua
847 2259 993 2318 secundus
1016 2259 1113 2320 adhue
1135 2263 1163 2317 in
1187 2260 1287 2333 figuris
1309 2267 1457 2323 rematur.
1481 2275 1556 2334 quae
1579 2257 1655 2316 iibro
1676 2258 1770 2316 tertio
1791 2272 1852 2314 eon·
1897 2242 1900 2315 i

511 2347 632 2404 stituent
655 2347 891 2422 coaptabuntque
913 2352 1133 2423 proportionum
1156 2348 1386 2405 harmonicarmn
1406 2348 1552 2405 terminon
1600 2345 1743 2420 Agnosco
1766 2353 1850 2400 mmm
1897 2324 1900 2381 ¹

511 2433 607 2490 ideam
632 2433 777 2509 quandum
802 2434 1016 2492 harmoniarum
1040 2435 1269 2506 mundanam,
1294 2436 1464 2512 praesertim
1486 2431 1703 2503 radiationum,
1738 2434 1767 2487 in
1791 2447 1851 2486 cou-
1898 2430 1899 2467 i

511 2521 647 2595 pruentia
674 2520 831 2596 figurarum
861 2525 1051 2597 geometrica,
1087 2521 1156 2580 dum
1180 2521 1250 2581 illac
1272 2522 1369 2581 adbuc
1396 2523 1426 2577 in
1450 2521 1598 2578 abstracto
1629 2517 1852 2577 considerautm.
1898 2512 1899 2555 i

513 2608 556 2664 Er
580 2608 636 2667 hac
659 2611 855 2684 congruentia,
880 2627 956 2684 quae
980 2607 1103 2668 Graecis
1125 2617 1169 2668 cst
1191 2605 1327 2687 ἁρμοσις,
1350 2609 1565 2686 primapetitur
1587 2609 1670 2681 origo
1697 2609 1782 2663 noeis
1796 2605 1853 2661 bar·

510 2699 617 2754 metria.
665 2695 771 2754 Verum
796 2696 842 2753 hic
866 2713 968 2754 sensus
993 2699 1074 2758 vocis
1097 2696 1194 2756 adhuc
1215 2697 1379 2772 generalior
1400 2703 1458 2766 est,
1483 2711 1570 2770 quam
1592 2695 1748 2770 proprium
1771 2694 1853 2767 operis
1898 2704 1899 2725 ÷

511 2783 568 2840 mei
591 2781 770 2858 subjectnrn3
795 2783 943 2859 significat·
962 2787 1038 2842 enim
1061 2783 1170 2842 riudam
1193 2784 1419 2860 applicationem
1443 2781 1564 2839 laterum
1588 2783 1618 2838 iu
1640 2782 1765 2856 figuris,
1791 2796 1854 2853 qua·
1898 2776 1899 2847 i

511 2887 573 2927 rum
604 2871 704 2945 unguii
736 2870 832 2929 locum
861 2870 987 2929 solidum
1017 2871 1073 2929 vei·
1094 2872 1214 2949 pianum
1236 2871 1366 2946 impiant.
1390 2868 1530 2943 ·Quanto
1559 2869 1654 2944 magis
1686 2868 1853 2943 improprius
1897 2852 1900 2939 i

512 2965 556 3016 est
588 2957 769 3032 significatus
799 2961 897 3032 vocis,
932 2975 997 3018 cum
1022 2955 1088 3034 quis
1118 2962 1205 3020 etiam
1228 2959 1313 3015 orbes
1336 2955 1477 3016 coelestes
1508 2959 1583 3013 inter
1605 2972 1637 3012 aa
1667 2961 1853 3031 congruentes
1898 2946 1899 2987 i

513 3044 550 3103 ad
574 3056 704 3103 normam
728 3045 840 3104 orbium
864 3049 1119 3120 geometricorum,
1149 3047 1200 3121 qui
1223 3053 1253 3103 st
1275 3045 1375 3120 figuris
1395 3042 1507 3101 'solidis
1529 3043 1730 3100 inscribuntur
1757 3048 1787 3100 et
1808 3043 1854 3096 cir·

389 3143 392 3162 ¹
512 3132 759 3204 conscribuntur,
793 3135 816 3190 si
847 3133 923 3192 hanc
952 3134 1086 3208 inquam'
1102 3135 1320 3208 congruentiam
1351 3132 1418 3207 quis
1448 3129 1628 3188 bonnoniam
1660 3128 1762 3188 dicere
1785 3125 1853 3184 reiit.

512 3219 575 3294 Ego
600 3219 717 3294 quidem
736 3221 946 3294 ,ambiguitatis
975 3220 1112 3278 vitandae
1135 3237 1225 3278 causa
1247 3236 1397 3293 nunqnam
1424 3216 1454 3274 id
1477 3216 1547 3274 dixi.
1592 3215 1658 3274 Non
1687 3219 1770 3274 enim
1797 3214 1855 3271 har·

514 3309 641 3364 marnam
666 3309 740 3366 inter
763 3307 921 3364 Saturnum
944 3315 972 3365 et
995 3307 1113 3369 dorem.
1137 3307 1194 3365 hoc
1216 3306 1334 3381 quidem
1357 3307 1471 3364 orbium
1493 3311 1636 3381 respectu,
1663 3303 1717 3362 sed
1741 3316 1855 3380 propor-

453 3457 455 3462 .
513 3395 622 3453 tionem
645 3395 758 3452 orbium
784 3394 850 3452 cubi
873 3411 924 3452 sau
948 3393 1097 3469 figuratam
1121 3394 1187 3452 dico
1209 3396 1358 3451 interesse.
1403 3391 1549 3467 Scapham
1571 3389 1688 3467 appeiio
1713 3390 1855 3466 scapham

519 3480 594 3537 Vide
617 3481 716 3552 iactor,
741 3480 810 3554 quid
834 3483 955 3552 intersit,
979 3499 1014 3540 ax
1038 3498 1104 3540 meo
1126 3481 1202 3538 libro
1225 3480 1262 3539 da
1280 3481 1429 3539 sementia
1451 3478 1550 3554 deque⁸
1568 3477 1771 3536 locutionibus
1792 3475 1855 3533 meis

510 3566 654 3642 judiees,¹
673 3585 709 3624 an
740 3584 774 3625 ex
804 3569 958 3643 interprete
982 3568 1120 3627 Roberto.
1165 3567 1359 3643 Nequaquam
1387 3569 1533 3641 igiturin
1557 3565 1633 3623 cubo
1659 3567 1797 3623 consistit
1818 3564 1855 3616 ris

513 3653 682 3713 harmoniae
706 3653 870 3714 ruundanaa
893 3658 968 3713 inter
989 3654 1147 3714 Saturnum
1171 3663 1200 3713 et
1222 3655 1348 3729 Jorem3
1371 3653 1444 3711 alias
1467 3669 1523 3728 ego
1546 3651 1638 3710 doceo
1658 3653 1855 3729 proportiones

513 3741 697 3800 harmonicas
720 3744 794 3800 inter
816 3751 913 3800 motus
936 3743 1037 3818 horum
1060 3742 1251 3818 planetarum,
1274 3751 1351 3816 quae
1374 3743 1428 3798 etsi
1445 3741 1648 3815 cognationem
1663 3739 1776 3797 habere
1798 3753 1854 3794 crim

397 3893 400 3900 ,
515 3830 591 3887 cubo
615 3827 777 3888 debuerunt
798 3827 918 3908 (quippe
944 3831 1030 3904 juxta
1051 3833 1178 3888 invicem
1201 3828 1391 3886 habitandum
1423 3828 1478 3884 init
1499 3835 1529 3885 et
1551 3825 1609 3884 itiis
1639 3837 1669 3884 et
1690 3825 1777 3894 huie,
1810 3839 1855 3878 nec

514 3915 714 3992 impediendus
738 3915 786 3974 hio
808 3917 846 3975 ab
869 3913 951 3992 iilis),
982 3925 1160 3976 nontamen
1191 3917 1260 3975 iliae
1282 3915 1443 3972 formantur
1472 3915 1605 3986 accubo,
1633 3913 1728 3988 figura
1756 3909 1852 3977 solida,

514 4003 565 4062 sed
596 4003 737 4079 edgaris
759 4003 869 4080 planis3
900 4021 954 4062 nce
977 4005 1050 4062 libro
1079 4001 1207 4062 secundo
1237 4003 1320 4061 iocus
1348 4011 1393 4059 est
1416 4000 1604 4076 explicationi
1633 3999 1759 4075 plenarii
1783 4008 1853 4055 onus

514 4091 744 4164 harmoniarum,
768 4090 820 4150 sed
842 4091 917 4150 l'rbro
939 4094 1037 4165 tertio,
1068 4109 1123 4150 nec
1145 4101 1213 4149 ante
1235 4092 1367 4166 qnihtum
1392 4089 1495 4146 librum
1518 4088 1697 4158 harmoniae,
1726 4085 1853 4162 quamvis

511 4180 575 4254 jam
603 4179 760 4247 formatae,
790 4185 947 4254 potuerunt
975 4178 1116 4254 applicari
1145 4177 1255 4236 mundo
1285 4193 1337 4234 sen
1360 4176 1543 4251 pinnatarum
1566 4175 1702 4232 motibus.
1749 4171 1807 4232 Sed
1828 4178 1854 4226 tu

515 4266 619 4323 iaisam
649 4267 684 4324 de
708 4283 794 4324 sensu
817 4281 883 4323 meo
912 4267 1132 4340 persuasionem
1159 4271 1328 4340 conceptam
1351 4263 1518 4340 (propterea
1546 4261 1624 4337 quod
1647 4261 1783 4338 Hysterii
1804 4257 1852 4315 mei

516 4353 754 4428 Cosmographici
784 4355 935 4410 materiam
964 4355 1152 4428 praecipuam
1186 4369 1250 4410 esse
1282 4352 1530 4427 interpositionem
1556 4365 1707 4425 corpomm
1740 4359 1853 4419 eamque

515 4441 545 4496 in
570 4438 755 4498 Harmonicis
780 4439 855 4497 libro
878 4439 915 4496 V.
943 4443 1095 4515 repetitam
1119 4437 1245 4517 vidisti),
1274 4438 1350 4496 hanc
1371 4439 1489 4512 inquam
1504 4438 1745 4513 persuasionem,
1774 4427 1853 4492 semei

515 4535 697 4601 conceptam,
718 4543 771 4602 per
791 4531 884 4584 totum
908 4535 988 4584 tuum
1009 4526 1173 4584 'discursum
1197 4524 1375 4602 analyticum
1397 4527 1521 4597 retines,
1547 4539 1682 4600 magnam
1705 4523 1771 4598 ejus
1790 4534 1851 4596 pat·
1898 4532 1899 4539 ’

515 4623 572 4673 tem
590 4615 826 4685 intermissurus,
848 4616 873 4671 ai
897 4612 974 4674 hunc
996 4631 1122 4672 errorem
1146 4612 1410 4671 animadvertisses.

490 4721 493 4732 ·
602 4701 690 4760 Libro
713 4717 779 4760 meo
802 4702 887 4758 tertio
909 4699 981 4758 nihii
1005 4703 1049 4759 nis
1071 4701 1210 4772 inveniri,
1234 4701 1290 4757 nisi
1311 4701 1453 4757 musicam
1475 4713 1583 4756 meram
1606 4697 1800 4765 artificialem,
1820 4708 1849 4748 ex

514 4787 653 4864 pitatium⁸
674 4796 807 4846 veterum
839 4794 991 4846 auctorum
1018 4787 1100 4847 libris
1132 4787 1310 4863 decerptam,
1343 4785 1414 4843 nihii
1446 4803 1480 4844 er
1513 4787 1640 4861 proprio.
1691 4782 1722 4842 Si
1751 4781 1850 4839 mosim

515 4875 675 4935 artificialis
697 4873 775 4934 idem
805 4875 857 4934 tibi
883 4883 926 4934 esi
956 4874 1034 4950 quod
1057 4875 1197 4947 humana,
1229 4875 1359 4949 proiecto
1381 4872 1455 4930 haec
1477 4871 1542 4930 libri
1565 4871 1643 4930 tertii
1665 4872 1784 4928 materia
1804 4870 1847 4931 est,

516 4965 557 5020 sic
580 4969 686 5036 tamem
711 4957 744 5022 ut
766 4959 843 5022 circa
866 4971 959 5021 ortum
982 4961 1213 5022 harmonicorum
1237 4962 1457 5038 proportionum
1470 4975 1615 5029 moneam,
1638 4955 1849 5028 subinteiiigen·

517 5050 585 5108 dum
609 5067 674 5112 essa
696 5049 833 5126 generale
855 5051 1015 5127 quippiam,
1040 5049 1119 5124 quod
1142 5051 1181 5107 sit
1196 5050 1373 5107 abstractum
1397 5047 1564 5119 nvodbns,
1587 5049 1726 5121 tanquam
1749 5038 1848 5104 asub-

513 5137 599 5211 iectu
616 5139 740 5215 physico
764 5135 970 5197 raifmateriai
1011 5135 1061 5195 Sin
1086 5143 1184 5195 autem
1214 5151 1273 5194 vox
1295 5138 1352 5193 ista
1374 5133 1534 5192 artificialis
1563 5142 1632 5192 ate
1663 5129 1745 5189 inid
1773 5141 1846 5186 usur·

516 5231 610 5300 patnr,
633 5233 667 5284 at
690 5223 835 5284 excludas·
847 5232 994 5300 naturam,
1014 5223 1078 5300 jam
1099 5222 1210 5284 dudum
1232 5219 1369 5301 respondi
1388 5220 1524 5295 adhaec,
1547 5221 1735 5282 artiddomm
1755 5216 1846 5275 huna
