4242 6384
502 799 543 861 82
995 797 1037 853 iia
1054 796 1216 868 linearum
1233 794 1457 853 iimmontemum

501 970 662 1048 geometria
683 969 796 1032 nullum
817 973 978 1049 habeant“,
1002 981 1132 1036 vestrum
1152 981 1227 1051 esto,
1248 988 1368 1054 carpere
1388 986 1466 1050 quae
1485 984 1546 1042 nou
1566 969 1747 1048 mutuum:
1768 969 1842 1042 mihi,

503 1061 554 1136 qui
575 1073 668 1119 rerum
689 1075 796 1120 musas
817 1061 942 1139 indago,
972 1069 1177 1140 praeterquam
1204 1066 1236 1122 in
1263 1061 1377 1123 decimo
1404 1057 1536 1120 Euclldis
1564 1061 1688 1120 semitae
1717 1056 1757 1124 ai
1782 1056 1844 1116 illas

502 1147 601 1208 nense
622 1155 785 1224 patuerunt.

586 1233 712 1294 &mum
734 1242 853 1296 secutus
875 1217 1004 1297 Laeuius
1019 1235 1185 1298 schonerus
1205 1237 1236 1296 in
1252 1234 1422 1298 (lumchis
1443 1249 1500 1296 rua
1520 1239 1618 1294 tanus
1639 1241 1693 1308 est,
1716 1247 1751 1292 se
1765 1232 1845 1308 qu‘m·

503 1339 559 1399 qua
575 1339 726 1400 corporum
747 1321 924 1401 regularium
945 1341 1033 1384 usum
1051 1323 1140 1402 plane
1162 1321 1276 1384 nahum
1295 1327 1326 1383 in
1347 1321 1457 1384 maudo
1477 1320 1582 1398 vicem
1593 1324 1737 1400 potuisse,
1759 1317 1846 1378 doute

502 1408 633 1470 libellum
651 1421 761 1484 meum,
784 1424 872 1488 quem
893 1409 1068 1490 hlysterium
1081 1411 1364 1490 cosmographiam
1384 1410 1528 1487 insumpsi,
1550 1409 1725 1487 perlegerit:
1747 1408 1846 1481 inquo

502 1497 685 1576 planetarum
707 1515 859 1560 numerum
893 1507 923 1559 et
950 1498 1106 1560 intervalla
1137 1500 1230 1579 probo
1261 1517 1298 1558 ex
1325 1498 1495 1578 corporibus
1517 1499 1649 1576 quinque
1669 1493 1848 1573 regularibus

502 1601 567 1646 asae
589 1583 732 1648 desumto.
777 1586 853 1648 aeos
876 1585 947 1664 quid
969 1589 1102 1648 nocuerit
1122 1584 1234 1648 &mua
1255 1587 1396 1664 magister
1416 1583 1565 1647 emoneo
1588 1583 1743 1664 discipulo.
1788 1579 1849 1638 Pri·

502 1690 582 1732 mum
603 1671 715 1734 Remus
739 1672 895 1734 Aristotele
923 1674 1068 1752 perlecto,
1099 1677 1152 1752 qui
1179 1675 1359 1736 santarem
1379 1671 1607 1752 Pythagoricum
1635 1668 1849 1750 philosophiam

503 1762 579 1820 circa
601 1759 809 1822 elementorum
830 1763 1021 1840 proprietates
1042 1779 1080 1822 ex
1101 1765 1231 1841 quinque
1252 1750 1423 1841 corporibus
1444 1757 1599 1834 uotum,
1627 1761 1730 1820 atatim
1757 1757 1848 1816 animo

503 1850 638 1926 concepit
659 1856 837 1908 contemtum
858 1851 949 1909 totins
971 1849 1175 1929 philosophiae
1191 1849 1421 1928 Pythagoricae3
1433 1844 1550 1910 'omes
1571 1862 1637 1908 cum
1658 1848 1758 1920 adrat,
1779 1842 1850 1902 Pro-

503 1934 582 1996 cium
603 1934 692 1997 iuius
715 1935 930 2015 Pythagoricae
951 1943 1059 2011 aare,
1082 1950 1142 1998 nou
1163 1936 1286 1998 credidit
1307 1939 1335 1998 ei
1357 1935 1526 2009 affirmanti,
1548 1934 1713 2011 quoderat
1735 1931 1850 1992 suisti·

503 2032 592 2097 muns,
614 2039 655 2082 su.
679 2023 811 2084 Euclidei
833 2027 930 2103 operis
951 2023 1088 2088 ultimum
1108 2023 1211 2100 mam,
1240 2024 1278 2085 au
1307 2041 1396 2102 quem
1415 2023 1589 2086 miemeutur
1609 2037 1713 2082 omnes
1735 2017 1849 2080 omuino

504 2111 719 2188 propositiones
741 2113 871 2172 omnium
892 2111 1031 2172 librorum
1052 2110 1196 2194 (excepta
1217 2129 1295 2188 quae
1316 2110 1356 2172 ari
1376 2127 1528 2172 namuum
1549 2109 1710 2188 perlectum
1733 2103 1848 2177 ducunt)

505 2214 570 2262 etse
593 2199 721 2276 quinqua
744 2215 865 2277 corpora
885 2199 1040 2276 regularia.
1086 2199 1164 2260 litha
1193 2205 1259 2260 orta
1285 2206 1330 2260 est
1360 2197 1440 2278 apud
1461 2198 1587 2259 Remum
1609 2195 1851 2258 confidentissimo

503 2287 671 2363 persuasio,
704 2288 834 2364 quinque
862 2303 984 2367 corpora
1013 2303 1079 2348 essa
1108 2284 1286 2349 removenda
1306 2304 1327 2348 a
1346 2285 1404 2348 hae
1432 2284 1573 2347 librorum
1592 2283 1850 2346 Elementarioruu

505 2371 644 2434 Euclislis.
823 2376 829 2386 ‘

592 2457 717 2521 Ademto
739 2459 797 2522 tine
819 2463 926 2540 operis,
950 2461 1042 2522 voluti
1062 2461 1157 2526 torma
1177 2459 1304 2522 mittini
1325 2458 1460 2535 sublata,
1480 2459 1705 2538 relinquebatur
1726 2455 1851 2518 informis

505 2554 601 2608 strues
622 2549 855 2627 propositionum
882 2551 913 2608 in
941 2547 1078 2624 liudida,
1107 2551 1137 2609 ln
1164 2565 1253 2626 quam
1281 2546 1365 2608 velut
1392 2549 1422 2608 iu
1450 2546 1564 2608 larvam
1592 2547 1725 2625 aliquam
1746 2542 1852 2606 Remus

506 2636 577 2696 totis
601 2637 642 2694 aa
664 2637 748 2696 libris
770 2634 943 2698 scholarum
964 2636 1122 2713 invehitur,
1145 2653 1254 2714 magna
1276 2633 1392 2698 dicenti
1414 2635 1583 2708 acerbitate,
1607 2651 1716 2714 magna
1737 2631 1852 2694 temeri·

506 2731 583 2794 tate,
614 2727 697 2784 tanto
725 2725 788 2784 siro
818 2723 1030 2803 indignissima.
1074 2723 1161 2786 Hanc
1182 2723 1270 2786 Baml
1295 2723 1516 2802 persuasionem
1543 2730 1662 2786 secutus
1688 2720 1852 2784 Sehouems

505 2807 629 2872 credidit
649 2827 717 2900 gene
740 2817 770 2872 st
791 2813 870 2890 ipse,
893 2828 1016 2892 corpora
1037 2812 1185 2890 regularia
1207 2811 1280 2872 nulli
1301 2827 1367 2874 sare
1389 2811 1474 2886 uaui;
1496 2826 1551 2871 uec
1570 2809 1629 2871 hoc
1650 2816 1784 2879 tautum,
1805 2799 1852 2866 aad

505 2907 540 2958 et
557 2897 695 2960 Proclum
715 2899 845 2976 neglexit
866 2907 918 2967 sut
940 2902 1103 2973 contemsit,
1123 2899 1269 2976 iudicium
1282 2898 1369 2959 itant
1391 2905 1519 2971 secutus,
1541 2915 1561 2958 a
1583 2912 1643 2974 quo
1664 2895 1773 2958 Proelo
1795 2892 1852 2953 iis·

507 3003 573 3048 cara
592 2993 707 3065 poterat
736 2995 823 3046 usum
855 2997 1008 3064 corporum
1035 2989 1166 3066 quinque
1195 2995 1227 3048 et
1248 2989 1278 3049 in
1299 2982 1459 3046 hiemantis
1480 2983 1613 3046 tinctitiis
1641 2993 1671 3046 et
1702 2977 1852 3044 inmundi

507 3073 626 3134 lubrica.
671 3073 708 3132 Et
730 3072 849 3149 quidem
877 3073 988 3134 felicior
1010 3082 1073 3134 erat
1094 3073 1256 3150 discipulus
1277 3074 1433 3152 magistro,
1461 3075 1533 3149 quia
1554 3087 1640 3134 usum
1661 3087 1816 3149 corporum
1836 3082 1853 3125 a

506 3177 554 3220 me
576 3159 754 3238 patefactum
777 3161 808 3218 iu
830 3160 941 3220 iahriea
961 3161 1064 3220 mundi
1086 3160 1320 3238 gratulabundus
1341 3162 1460 3238 recapit,
1482 3176 1570 3238 quem
1584 3158 1696 3220 Ramm
1718 3151 1853 3220 aProclo

508 3247 685 3308 inculcatum
707 3243 922 3326 repudiaverat
966 3247 1055 3326 Quid·
1069 3255 1131 3310 tum
1154 3250 1245 3322 anim,
1268 3251 1294 3308 si
1315 3247 1495 3327 Pythagorei
1516 3246 1626 3324 figuras
1649 3247 1703 3308 hes
1725 3245 1853 3306 elemen-

507 3337 555 3410 tis,
578 3351 637 3395 non
662 3351 731 3395 vero
756 3341 788 3394 ut
811 3351 875 3412 ego,
899 3333 1030 3412 sphaeris
1052 3333 1154 3394 muudi
1176 3333 1386 3398 attribuerint?
1429 3334 1559 3394 Anniana
1580 3339 1659 3412 esset
1679 3333 1802 3406 Remus,
1824 3333 1854 3386 iti

508 3439 632 3484 suoram
654 3421 732 3482 hunc
753 3423 881 3499 ipsorum
904 3425 982 3482 eirca
1012 3425 1171 3500 genuinum
1201 3422 1359 3500 figurarum
1386 3421 1552 3498 subjectum
1577 3412 1709 3498 tulleta,
1739 3428 1776 3481 ut
1802 3429 1853 3492 ego

507 3511 577 3586 ieci,
605 3526 664 3570 non
688 3518 779 3570 totam
802 3510 878 3569 hauc
920 3509 1117 3586 hilosophiam
1139 3526 1197 3570 uno
1221 3511 1311 3570 verbo
1335 3511 1486 3588 tyrannico
1507 3509 1684 3570 sustulisset
1730 3503 1811 3584 Quid
1831 3502 1855 3562 ti

508 3597 698 3676 Pythagorici
720 3591 782 3656 hoc'
795 3597 877 3668 idem
898 3527 1074 3672 sonuerunt,
1107 3596 1186 3672 quod
1215 3613 1288 3674 ego,
1319 3598 1494 3657 sententiam
1520 3595 1679 3657 involucris
1701 3597 1853 3657 verborum

508 3683 666 3746 texerunt?
710 3683 813 3747 Nonne
836 3683 1039 3760 Copcrnicana
1060 3683 1161 3744 muudi
1182 3683 1276 3746 torma
1297 3691 1394 3744 exstat
1417 3685 1446 3742 in
1469 3687 1533 3762 ipso
1556 3683 1726 3758 Aristotele,
1747 3695 1853 3763 perpe·

508 3791 570 3832 ram
593 3773 632 3832 ab
654 3773 718 3848 ipso
741 3771 868 3832 reiutata
889 3773 945 3832 sub
967 3771 1134 3832 nominihus
1157 3769 1237 3844 aliis:
1261 3770 1330 3831 dum
1351 3769 1395 3830 illi
1410 3768 1510 3832 Solem
1531 3771 1643 3849 Ignem,
1664 3769 1782 3832 Lunam
1794 3767 1854 3826 Au·

508 3859 660 3922 tichthona
681 3857 889 3936 appellarunt?
932 3859 966 3920 Si
986 3875 1114 3936 nemque
1137 3857 1291 3937 dispositio
1314 3858 1428 3919 orbium
1449 3858 1552 3919 eadem
1573 3859 1629 3918 iuit
1649 3856 1729 3936 apud
1743 3855 1855 3936 Pytha·

508 3965 628 4026 gorens,
659 3964 734 4023 quae
764 3945 842 4024 apud
866 3945 1073 4024 (lopernioum,
1100 3947 1125 4011 si
1154 3954 1225 4008 nota
1253 3963 1376 4024 corpora
1404 3947 1532 4023 quinque
1562 3963 1720 4022 eorumque
1747 3938 1856 4004 numeri

509 4035 634 4114 quinarii
656 4035 825 4109 necessitas,
848 4035 873 4094 ei
889 4041 1056 4097 consunter
1072 4051 1172 4096 omues
1188 4033 1357 4116 docuerunt,
1381 4047 1503 4114 corpora
1525 4035 1652 4110 quinque
1676 4049 1741 4094 esse
1757 4025 1855 4117 mundi

508 4125 635 4200 partium
657 4121 841 4200 archetypos,
865 4123 1039 4199 quantulum
1061 4131 1204 4202 superest,
1227 4129 1261 4182 ut
1282 4120 1434 4182 credamus
1456 4120 1572 4182 illorum
1594 4121 1781 4194 seutentiam,
1803 4113 1855 4176 sub

509 4213 674 4286 aenigmate
704 4209 741 4268 ah
764 4209 922 4270 Aristotele
958 4209 1080 4283 lectam,
1121 4209 1206 4285 quasi
1237 4207 1293 4268 suh
1321 4225 1392 4268 vero
1413 4207 1623 4268 vocabulorum
1651 4225 1741 4269 sensu
1769 4207 1855 4266 lousa

510 4299 682 4358 refutatam:
716 4295 785 4354 dum
807 4295 980 4357 Aristotcles
1002 4297 1076 4374 legit
1096 4297 1235 4368 Terram,
1268 4296 1315 4354 cui
1337 4296 1444 4356 cubum
1466 4294 1591 4369 (labant,
1619 4311 1686 4356 curn
1707 4296 1764 4372 ipsi
1786 4294 1856 4353 torte

391 4405 394 4410 ·
510 4384 671 4444 Saturnum
691 4381 895 4458 intellexerint,
922 4384 1007 4460 cujus
1031 4383 1109 4442 orbis
1133 4378 1305 4460 interpositu
1328 4383 1395 4443 cuhi
1417 4389 1580 4442 summotus
1602 4390 1648 4442 eet
1669 4399 1689 4442 a
1709 4375 1799 4442 Jove.
1822 4376 1856 4436 rit

506 4465 618 4531 Terrae
643 4467 762 4546 quidem
785 4472 913 4545 quietem
941 4470 1049 4548 vulgus
1071 4468 1227 4544 adsmihit,
1257 4465 1401 4530 Saturnus
1422 4486 1494 4530 vero
1515 4475 1628 4530 motum
1654 4467 1858 4533 nudissimum,

510 4561 601 4636 quisti
623 4557 797 4636 proximum,
821 4565 866 4616 set
888 4559 1016 4632 sortitus,
1041 4555 1120 4616 unde
1134 4559 1223 4617 stiam
1244 4557 1323 4634 aput
1337 4557 1490 4619 Hebraeos
1511 4572 1532 4616 a
1553 4558 1653 4633 quiete
1674 4569 1781 4616 nomeu
1803 4551 1856 4612 oh-

510 4649 606 4706 tinuit.
653 4643 702 4705 Sic
725 4644 784 4703 altri
808 4643 909 4706 datum
932 4642 1089 4704 ocuidron
1110 4641 1184 4723 legit
1205 4643 1394 4719 Aristoteles,
1412 4643 1491 4705 'mm
1516 4643 1561 4703 illi
1587 4643 1660 4704 torte
1682 4641 1856 4703 hieremiam

511 4733 720 4807 intellexerint,
748 4730 832 4808 cuiue
855 4731 934 4792 orbis
956 4729 1093 4792 octairiro
1116 4731 1247 4791 inclusus
1270 4741 1331 4807 est3
1361 4747 1417 4794 nec
1442 4720 1540 4791 miuus
1566 4729 1654 4792 velox
1675 4738 1722 4792 ast
1740 4729 1857 4791 Mercu·

511 4823 570 4880 rius
594 4817 719 4904 (quippe
741 4820 871 4881 omnium
894 4814 1116 4902 velocissimus)
1146 4835 1236 4896 qnam
1263 4818 1384 4879 mobilis
1412 4822 1463 4880 ae'r
1491 4817 1624 4879 hahetur.
1667 4817 1748 4897 Ignis
1767 4829 1856 4878 root·

511 4907 581 4966 hnlo
603 4911 727 4970 tortasse
749 4906 830 4968 Mara
851 4908 907 4967 tuit
928 4909 1102 4981 insinuatus,
1125 4909 1175 4967 cui
1196 4907 1272 4968 alise
1294 4907 1383 4967 etiam
1404 4907 1443 4967 ah
1467 4906 1535 4984 lgue
1556 4921 1662 4966 nomeu
1685 4911 1731 4966 aet
1745 4901 1855 4984 Pyrois

512 5001 600 5072 atque
623 4994 667 5053 illi
689 4995 856 5056 teiratidron
879 4994 995 5068 datum,
1026 4995 1100 5054 lortc
1131 4996 1202 5070 quia
1230 4993 1389 5055 inuaditur
1411 4993 1475 5071 elus
1497 4993 1576 5054 orbis
1597 4993 1655 5054 hac
1675 4992 1778 5070 ligura.
1821 4985 1856 5047 Et

512 5099 607 5158 aquas
629 5083 684 5142 sub
706 5083 874 5158 involucro,
897 5083 944 5144 cul
966 5080 1140 5142 icoraidron
1154 5081 1343 5155 attributum,
1366 5080 1489 5143 Veneris
1508 5080 1596 5141 stella
1617 5076 1668 5162 (ut
1689 5079 1773 5157 enjus
1794 5091 1857 5138 our·

511 5169 633 5230 siculum
657 5170 808 5231 icosaidro
832 5165 1010 5250 araretur)
1034 5167 1128 5229 latere
1148 5172 1264 5246 potuit,
1288 5171 1360 5246 qula
1381 5167 1489 5230 Veneri
1510 5168 1647 5228 humores
1668 5168 1794 5244 subjecti
1814 5167 1856 5239 ip·

511 5273 604 5335 saque
627 5254 731 5319 dicitur
753 5266 818 5320 orta
847 5259 936 5320 maris
964 5273 1087 5334 spuma,
1117 5254 1197 5318 moe
1223 5273 1284 5318 uox
1303 5253 1473 5338 Ἀφροσιτη.
1516 5255 1654 5332 Denique
1679 5253 1783 5316 munii
1803 5247 1869 5313 sot‘
