4242 6384
1035 810 1165 891 ’126
1924 827 2009 883 De
2041 825 2366 898 Figuratum
2401 825 2846 886 Harmonicarnm

1949 1001 2086 1057 Cum
2120 1002 2288 1073 igitur
2322 1018 2484 1072 porro
2521 1002 2631 1057 sint
2665 1008 2779 1058 tres
2803 1000 2981 1059 solum
3005 1000 3192 1073 anguli
3212 997 3390 1072 pini,
3428 998 3582 1057 nulla
3610 1000 3733 1058 iuter

1772 1078 1981 1148 figuras
2021 1081 2289 1138 toleratur
2323 1081 2711 1152 impar-ilatum,
2748 1097 2853 1150 per
2885 1081 3114 1137 eandem
3146 1082 3234 1138 24.
3329 1095 3335 1101 ·

1950 1160 2341 1231 Tetragonicus
2386 1162 2548 1231 igitur
2583 1176 2705 1216 cum
2741 1160 3080 1228 hexagonico
3132 1167 3190 1215 et
3233 1160 3558 1231 octogonico
3602 1159 3735 1213 nini·

1560 1233 1607 1238 '‘
1644 1257 1660 1305 3
1769 1238 1874 1293 mis
1910 1240 2087 1295 minus
2124 1241 2330 1297 faciunt
2363 1243 2398 1297 4
2433 1241 2599 1295 rectis
2645 1249 2702 1295 et
2737 1248 3043 1308 congruunt
3078 1241 3147 1295 12
3181 1240 3484 1309 tetragoni,
3519 1239 3560 1295 8
3590 1239 3735 1293 hexa-

1532 1357 1568 1393 ,μὴ
1636 1309 1670 1368 ’.η
1772 1318 1900 1394 goni
1935 1327 1991 1374 et
2026 1323 2059 1375 6
2084 1322 2338 1390 octogoni
2363 1320 2419 1374 in
2445 1336 2612 1374 unum
2636 1319 3112 1389 icosihexa'edron,
3158 1319 3306 1390 quod
3329 1317 3554 1389 appello
3579 1327 3637 1373 tr
3649 1336 3740 1373 un-

1287 1425 1297 1433 -
1347 1393 1392 1441 ἐξ
1528 1393 1660 1458 ,Η
1771 1411 1913 1450 cum
1954 1398 2509 1455 cuboctaedron:
2550 1415 2658 1454 non
2696 1398 2842 1467 quod
2879 1398 3222 1453 truncatione
3255 1398 3408 1453 nasci
3429 1397 3623 1468 possit,
3659 1396 3739 1451 sed

1429 1470 1439 1479 '
1514 1465 1580 1497 '‘
1763 1474 1891 1540 quia
1927 1476 2105 1538 simile
2143 1485 2227 1532 est
2264 1485 2514 1533 truncato
2553 1475 2928 1531 cuboctaedro.
3004 1478 3255 1547 Pingitur
3291 1493 3444 1534 num.
3482 1476 3620 1531 23¹¹.

1743 1595 1748 1601 .
1937 1556 2336 1624 Tetragonicns
2372 1574 2494 1612 cnm
2530 1558 2867 1624 hexagonico
2904 1564 2961 1612 et
2996 1558 3325 1627 decagonlco
3361 1559 3547 1613 minus
3585 1557 3619 1610 4
3640 1571 3740 1611 rec·

1759 1629 1828 1683 tis
1865 1631 2132 1703 efficiunt,
2171 1642 2228 1689 et
2264 1643 2572 1708 congruunt
2604 1635 2674 1689 30
2698 1636 2986 1703 tetragoni,
3026 1637 3387 1707 20hexagoni
3423 1644 3483 1692 et
3512 1636 3578 1691 12
3603 1635 3740 1690 decu·

2078 1714 2207 1782 goni
2242 1715 2297 1769 in
2334 1729 2500 1769 unum
2534 1714 3102 1784 hexacontadyedron‚
3139 1715 3287 1785 quod
3311 1715 3538 1785 appello
3575 1723 3742 1769 trun·

2070 1808 2212 1847 cum
2248 1792 2954 1865 icosidodecaedron‚
3001 1794 3162 1850 simili
3210 1796 3279 1851 de
3314 1812 3490 1853 causa
3537 1801 3602 1849 nt
3632 1810 3740 1864 pro·

2070 1872 2286 1926 ximum.
2359 1872 2609 1941 Pingitur
2644 1887 2789 1926 num.
2829 1872 2963 1927 23¹⁸.

2244 1952 2300 2005 Si
2345 1967 2444 2020 pro
2495 1952 2822 2022 decagonico
2868 1950 3129 2007 succedat
3175 1952 3233 2006 in
3284 1952 3614 2008 societatem
3657 1950 3740 2004 do·

1940 2040 1974 2101 χ,
2070 2030 2457 2099 decagonicus,
2503 2030 2800 2099 implentur
2842 2032 2877 2084 4
2920 2029 3055 2084 recti
3101 2046 3205 2085 nec
3235 2029 3310 2084 fit
3358 2030 3632 2099 solidum3
3672 2029 3738 2083 sic

1944 2101 1972 2141 '·''
2070 2110 2233 2164 etiam
2271 2109 2316 2162 si
2354 2125 2451 2176 pro
2488 2109 2827 2178 hexagonico
2866 2108 3123 2164 succedat
3159 2110 3522 2177 octogonicus
3555 2117 3623 2179 ‚et
3653 2109 3738 2162 ali·

1972 2181 1992 2253 ’;ῑ’
2071 2187 2194 2254 quis
2230 2186 2547 2255 octogonico
2586 2187 2760 2256 major
2795 2188 2869 2242 sit
2903 2188 3127 2256 tertius,
3174 2196 3510 2257 superantur
3544 2190 3580 2243 4
3603 2188 3737 2250 recti,

1974 2270 1976 2273 ’
2067 2281 2172 2321 nec
2219 2268 2426 2335 minus,
2501 2267 2548 2320 si
2596 2268 2738 2321 absit
2783 2265 3152 2332 tetragonicum
3208 2273 3264 2322 et
3316 2268 3599 2324 socientur
3639 2276 3736 2321 tres

2067 2345 2442 2400 distinctarum
2478 2344 2770 2416 figurarum
2803 2342 3219 2415 parilaterarum
3244 2344 3500 2413 majores.
3579 2347 3737 2416 Igitur

1644 2467 1659 2485 ,
1704 2447 1752 2498 3„
1875 2445 1904 2501 3
1973 2433 1975 2435 ’
2066 2431 2178 2479 stat
2212 2424 2383 2477 omnis
2406 2423 2887 2480 Archimedeorum
2921 2422 3129 2479 familia
3163 2425 3308 2481 intra
3341 2439 3632 2482 numoeum
3666 2427 3731 2496 13,

1683 2505 1692 2513 ’
1732 2505 1748 2513 ‘
1860 2495 1908 2561 ἶ
1947 2502 1948 2505 ’
2064 2503 2213 2571 quod
2251 2508 2368 2558 erat
2405 2503 2900 2560 demonstrandum.

1195 2786 1439 2848 XXIX.
1533 2787 2131 2853 Consectarium.
2224 2791 2477 2867 Figurae
2535 2804 2827 2864 congruae
2884 2793 3021 2847 sunt
3077 2788 3134 2844 in
3193 2789 3538 2849 universum
3597 2786 3728 2845 duo·

1021 2871 1222 2950 decim,
1272 2884 1404 2936 octo
1451 2876 1736 2939 radicales
1781 2898 1887 2939 seu
1931 2881 2170 2955 primae,
2221 2886 2279 2938 et
2323 2885 2574 2955 quatuor
2619 2885 2828 2935 auctae
2872 2891 2978 2935 seu
3022 2873 3249 2935 stellae.

1573 2968 1623 3023 1.
1672 2967 1983 3043 Trigonus.
2451 2968 2507 3025 7.
2555 2962 3008 3038 Dodecagonns.

1562 3056 1622 3111 2.
1668 3053 2057 3131 Tetragonus.
2445 3054 2502 3110 8.
2545 3051 2913 3128 Icosigonns.

1567 3141 1624 3198 3.
1671 3140 2068 3217 Pentagonus.
2444 3142 2500 3199 9.
2550 3138 2735 3198 Stella
2777 3136 3185 3215 pentagonica.

1563 3227 1620 3285 4.
1667 3226 2046 3305 Hexagonus.
2408 3228 2504 3285 10.
2551 3224 2736 3285 Stella
2781 3225 3144 3301 octogonica.

1568 3315 1625 3374 5.
1673 3313 2033 3394 Octogonus.
2414 3317 2507 3375 11.
2553 3311 2739 3376 Stella
2785 3312 3157 3389 decagonica.
3199 3383 3205 3391 ‚

1563 3403 1618 3461 6.
1666 3401 2036 3483 Decagonus.
2402 3404 2500 3460 12.
2547 3399 2734 3461 Stella
2779 3399 3234 3474 dodecagonica.

1190 3479 1423 3543 Gradus
1467 3493 1884 3565 congruentiae
1933 3489 2188 3551 distincti
2236 3496 2390 3548 sunt.
2451 3489 2521 3549 In
2565 3491 2752 3565 primo
2798 3496 2934 3548 sunt
2963 3489 3224 3564 trigonus
3271 3491 3331 3545 et
3372 3492 3725 3564 tetragonus,

1016 3569 1154 3644 quia
1198 3582 1524 3648 congruunt
1569 3584 1688 3636 tam
1734 3580 1791 3636 in
1837 3578 2047 3651 solido,
2093 3593 2272 3653 quam
2318 3579 2376 3636 iu
2421 3576 2617 3654 planu,
2665 3585 2785 3638 tam
2811 3575 3174 3654 singularum
3217 3573 3552 3652 specierum
3595 3575 3728 3631 inter

1012 3674 1096 3730 se,
1143 3674 1323 3735 quam
1361 3659 1700 3734 junctarum
1742 3674 1801 3725 et
1846 3685 1977 3726 cum
2025 3663 2176 3725 aliis.

1186 3743 1460 3807 Secundo
1505 3751 1691 3826 gradu
1740 3757 2064 3814 consistunt
2119 3758 2490 3828 pentagonus
2550 3768 2683 3811 cum
2743 3750 2918 3810 stella
2976 3767 3104 3809 sua.
3190 3748 3344 3810 Nam
3402 3752 3725 3827 congruunt

1011 3838 1073 3889 et
1114 3833 1477 3908 singularum
1523 3843 1846 3916 specierum
1893 3844 2040 3902 inter
2066 3844 2223 3900 sein
2252 3838 2475 3912 solido,
2522 3846 2582 3899 et
2625 3837 2863 3902 tradunt
2906 3844 3139 3897 mutuas
3171 3854 3379 3913 operas
3423 3840 3483 3896 in
3518 3838 3724 3915 plano:

1009 3917 1114 3978 sed
1154 3921 1350 3996 potior
1404 3930 1494 3983 est
1547 3936 1946 4006 pentagonus,
2006 3930 2150 4008 quia
2206 3929 2473 4004 congruit
2527 3928 2704 3988 etiam
2760 3941 2893 3986 cum
2949 3924 3083 3985 aliis
3135 3925 3432 3984 nonnullis
3493 3934 3618 3987 tam
3671 3923 3720 3978 51¹

1007 4004 1185 4081 plano
1232 4023 1408 4084 quam
1454 4013 1513 4073 in
1558 4015 1768 4077 solido.
2070 4081 2077 4087 .

1178 4094 1410 4158 Tertius
1455 4108 1544 4161 est
1586 4102 1899 4182 hexagoni,
1949 4105 2089 4182 quia
2135 4103 2355 4181 figurae
2400 4100 2578 4178 hujus
2624 4100 2840 4180 speciei
2871 4106 3199 4178 congruunt
3242 4100 3303 4157 in
3348 4100 3550 4177 plano,
3599 4112 3717 4157 cum

1007 4179 1139 4241 aliis
1185 4179 1325 4243 veto
1371 4195 1491 4249 tam
1530 4192 1596 4256 in
1641 4193 1832 4254 solido
1876 4212 2055 4272 quam
2100 4194 2160 4250 in
2207 4193 2403 4270 plano.

1179 4268 1466 4344 Quartum
1511 4279 1756 4353 gradum
1801 4289 2000 4342 tenent
2042 4289 2369 4356 octogonus
2423 4282 2482 4335 et
2529 4274 2866 4352 decagonus
2929 4291 3059 4335 cum
3105 4273 3293 4335 stellis
3341 4276 3481 4335 suis.
3577 4272 3715 4333 Nam

1002 4352 1290 4417 radicales
1332 4361 1469 4423 illae
1515 4380 1648 4424 cum
1692 4365 1823 4427 aliis
1867 4352 2164 4428 nonnullis
2196 4370 2525 4443 congruunt
2563 4364 2620 4420 in
2666 4362 2876 4439 solido,
2922 4362 3129 4423 stellae
3159 4380 3298 4422 vero
3346 4381 3477 4424 cum
3525 4359 3712 4439 figuris

1002 4444 1363 4522 singularum
1406 4451 1731 4527 specierum
1777 4456 2238 4533 quadamtenus,
2297 4457 2356 4512 in
2412 4451 2590 4528 plano
2636 4467 2776 4510 vero
2837 4468 3038 4510 omnes
3099 4458 3354 4527 quatuor
3398 4452 3714 4528 congruunt

1003 4548 1135 4593 cum
1180 4532 1335 4613 aliis,
1380 4539 1570 4616 magis
1615 4547 1808 4601 tamen
1856 4546 2017 4605 varie
2061 4545 2371 4618 magisque
2414 4537 2670 4615 perfecte
2713 4540 3063 4615 octogonica
3104 4546 3288 4600 secta.

1176 4620 1427 4697 Quintus
1470 4626 1689 4705 gradus
1735 4628 1913 4690 habet
1958 4630 2405 4706 dodecagonum
2463 4643 2594 4685 cum
2636 4624 2994 4701 stella-sun
3055 4628 3196 4703 quia
3240 4630 3299 4685 in
3343 4626 3536 4685 solido
3582 4623 3708 4701 qui·-

980 4705 1133 4769 ,dem
1177 4711 1448 4788 minime,
1515 4723 1579 4775 at
1638 4718 1696 4774 in
1754 4717 1931 4793 plano
1989 4718 2370 4776 multifariam
2425 4722 2752 4790 congruunt
2808 4731 2940 4773 cnm
2984 4715 3149 4789 aliis;
3208 4716 3265 4773 in
3310 4714 3502 4774 solido
3549 4716 3710 4790 igitur

999 4794 1129 4858 nola
1184 4801 1587 4877 magnitudine
1653 4804 2066 4881 impediuntur.
2173 4804 2370 4864 Causa
2436 4802 2680 4881 planitei
2749 4802 3130 4877 praeferenda
3199 4809 3289 4862 est
3356 4802 3505 4863 haec
3560 4805 3708 4861 secta

998 4885 1205 4963 gradui
1251 4898 1480 4965 quarto.
2561 4962 2570 4970 ‚
3419 4888 3427 4902 “

1172 4971 1422 5038 Ultimus
1467 4977 1684 5055 gradus
1728 4986 1817 5040 est
1861 4980 2167 5056 icosigoni,
2215 4981 2353 5057 quia
2387 4981 2435 5038 is
2466 4975 2698 5038 nonnisi
2744 4976 2802 5033 in
2847 4974 3046 5053 plano,
3093 4992 3203 5036 nec
3247 4978 3359 5037 nisi
3406 4994 3536 5038 cum
3583 4972 3704 5035 aliis

1005 5068 1065 5121 et
1111 5075 1243 5122 cum
1290 5065 1406 5136 illis
1451 5068 1596 5144 ipsis
1641 5084 1876 5146 quoque
1919 5067 2256 5146 imperfecte
2303 5066 2588 5145 congruit.

1172 5148 1395 5226 Quodsi
1439 5154 1627 5218 solam
1673 5156 2106 5218 consideremus
2150 5155 2481 5233 planitiem,
2528 5148 2670 5212 ordo
2714 5151 3027 5229 figurarum
3071 5152 3180 5215 erit
3224 5153 3367 5215 iste:
3422 5155 3475 5214 1.
3510 5150 3702 5211 flexa-

995 5251 1206 5316 gonns.
1288 5244 1345 5302 2.
1381 5240 1769 5322 Tetragouus.
1845 5247 1903 5306 3.
1937 5245 2249 5323 Trigonus.
2311 5240 2856 5318 4.,Dodecagonus.
2892 5240 2975 5326 [5.
3004 5239 3195 5303 Stella
3225 5238 3374 5317 ejns.
3441 5244 3496 5301 7.
3531 5237 3702 5303 Octo-
