4242 6384
817 588 835 635 h

551 810 617 913 'ne
634 853 861 926 summosses
881 851 1062 911 ramesen.
1098 854 1181 911 une
1198 832 1248 912 111'.
1435 926 1440 935 ⁸
1530 865 1590 927 129

252 1038 297 1098 cite
316 1046 373 1109 est,
395 1032 616 1114 proportionum
637 1035 872 1095 harmouieemm
890 1030 1085 1106 ditimendss,
1115 1050 1223 1110 genera
1243 1034 1405 1113 modosque
1426 1038 1594 1101 abstrahere

251 1134 333 1185 mente
354 1142 374 1184 a
395 1124 519 1183 nocuus
541 1130 572 1185 et
585 1125 667 1183 souis
681 1122 883 1195 musicalibus,
905 1137 971 1180 cum
992 1136 1051 1179 noo
1071 1119 1131 1181 alls
1151 1123 1237 1181 nobis
1259 1132 1415 1201 suppetant
1438 1124 1600 1207 vocabule,

252 1214 325 1273 nehus
345 1210 526 1289 explicandis
546 1211 725 1283 necessaria,
758 1226 847 1285 quam
876 1210 1003 1267 musicas
1032 1207 1100 1267 ideo
1132 1210 1363 1285 conjungendus·
1380 1212 1465 1272 nohis
1489 1216 1543 1273 erit
1565 1216 1597 1273 in

252 1300 299 1359 hoe
323 1298 398 1359 libro
424 1298 509 1357 loeus
538 1298 640 1357 tertios
668 1314 735 1357 curu
757 1299 859 1372 quinto
890 1303 920 1355 et
941 1296 1058 1370 ultimo,
1088 1294 1301 1373 dicendumque
1330 1315 1387 1358 non
1417 1306 1531 1361 tantum
1560 1301 1597 1362 de

254 1386 474 1465 proportionibus
496 1384 672 1445 harmonicis
692 1384 857 1455 abstractis,
879 1382 1041 1443 sedetiam
1064 1384 1337 1462 praeoccupandum
1360 1384 1416 1445 hoc
1438 1386 1598 1447 humanum

255 1476 393 1533 coctionis
415 1472 628 1532 imitamentum
649 1474 679 1529 in
701 1482 803 1545 mutu,
833 1472 990 1529 creationis
1012 1486 1083 1553 vero
1105 1471 1253 1531 coelorum
1266 1488 1340 1550 opus
1363 1484 1480 1552 proptor
1502 1476 1599 1535 subli-

256 1566 370 1621 mitatem
394 1570 423 1622 et
446 1558 701 1619 inmedihllitatsm
724 1557 912 1617 differendum
935 1560 964 1615 in
987 1556 1084 1616 locum
1108 1558 1255 1631 ultimum,
1280 1559 1380 1619 ordine
1403 1562 1471 1635 illo,
1495 1566 1544 1641 qui
1569 1565 1598 1621 in

256 1648 324 1707 titulo
347 1648 413 1707 libri
437 1649 632 1724 praescriptus
654 1656 709 1705 est
752 1645 792 1703 Et
806 1644 888 1704 'haec
909 1644 947 1704 ds
970 1644 1071 1704 ordina
1094 1644 1291 1704 dicendorum.

325 1734 396 1795 dam
418 1744 453 1793 ut
473 1735 618 1793 coenaria
639 1734 715 1793 inter
736 1750 769 1793 se
791 1733 927 1809 opposita
945 1734 1043 1807 magis
1066 1732 1245 1807 elucescant,
1268 1732 1350 1793 lubet
1373 1724 1601 1815 disputationem

263 1822 386 1881 &cautu
409 1821 538 1880 humano
561 1822 707 1898 auspicari
728 1838 747 1879 s
769 1820 1043 1879 commemoratione
1058 1836 1168 1893 eorum,
1192 1838 1268 1897 quas
1292 1830 1405 1883 veteres
1428 1840 1516 1901 super
1538 1834 1603 1883 ortu

260 1911 498 1969 consonantiarum
520 1918 589 1969 sunt
611 1909 777 1967 corrrnrenti.
919 1901 924 1920 ¹

329 1997 472 2055 Nimirum
493 1997 569 2057 sieut
597 2004 643 2053 est
669 2001 868 2072 comparatum
897 1995 926 2051 in
948 1993 1037 2052 rebus
1059 1994 1193 2053 omnihus
1217 1993 1366 2069 humanis,
1395 2004 1428 2055 ut
1451 2012 1533 2073 qnae·
1550 2013 1605 2055 nn·

258 2091 313 2141 turs
331 2084 417 2143 nohis
438 2093 507 2142 sunt
530 2084 646 2153 tributa,
671 2084 706 2141 in·
724 2084 760 2139 iis
774 2098 846 2139 usus
859 2082 1056 2157 cognitionem
1079 2098 1232 2141 causarum
1254 2090 1428 2155 antevertat,
1452 2088 1495 2143 sie
1518 2086 1606 2156 etium

258 2172 322 2229 circa
342 2180 459 2231 carnum
480 2186 580 2246 generi
603 2170 731 2229 humano
754 2185 810 2227 usu
832 2171 922 2241 vonit,
945 2180 978 2225 ut
1000 2168 1067 2227 inde
1090 2170 1128 2227 ab
1151 2177 1215 2227 ortu
1238 2184 1292 2227 suo
1315 2170 1441 2230 modulis
1463 2180 1494 2230 et
1517 2174 1607 2231 inter·

260 2259 333 2316 saltis
355 2275 463 2319 recum
483 2260 546 2317 sinc
561 2258 763 2334 speculatione
777 2264 829 2314 aut
844 2258 1010 2331 cognitione
1033 2272 1196 2323 causarum·
1211 2265 1341 2315 uteretur
1363 2258 1475 2329 iisdem,
1500 2262 1608 2335 quibus

257 2349 353 2403 utimur
383 2342 472 2405 hodie
503 2343 593 2420 vulgo
623 2347 654 2403 in
683 2342 889 2404 decantatione
925 2342 1118 2402 melodiarum
1149 2360 1207 2403 non
1237 2350 1351 2403 tantum
1379 2348 1407 2401 in
1441 2338 1561 2423 templis
1581 2356 1610 2405 et

258 2435 342 2491 moris
355 2434 542 2503 musicorum,
565 2431 617 2491 sed
634 2433 744 2508 passim
758 2432 822 2489 sinc
845 2432 1052 2490 exercitatione
1068 2432 1148 2503 artis,
1173 2420 1261 2490 etium
1279 2434 1306 2488 in
1327 2434 1461 2511 compitis
1478 2447 1506 2491 et
1522 2437 1609 2519 egris.

334 2524 466 2597 Apparet
488 2519 561 2579 haec
582 2520 744 2595 antiquitas
766 2526 870 2577 cantus
892 2535 929 2577 ex
951 2516 1026 2576 lituro
1048 2520 1141 2594 primo
1165 2516 1324 2579 Gerrcseos.
1369 2518 1510 2597 Magnum
1534 2524 1611 2579 enim

258 2609 378 2684 oportuit
398 2624 465 2667 ease
487 2606 712 2683 delectationem
735 2623 772 2665 ex
793 2613 881 2664 cantu
916 2608 997 2663 vocis
1020 2604 1166 2664 humanae
1193 2607 1274 2679 (cum
1298 2622 1366 2665 vero
1390 2606 1615 2667 delectationem

259 2693 330 2767 dico,
358 2692 514 2754 intervalla
536 2692 603 2753 dico
627 2694 795 2753 harmonica
817 2700 847 2751 et
869 2688 1041 2770 concinna),
1072 2708 1149 2768 quse
1175 2691 1238 2767 jem
1270 2700 1407 2752 cetarum
1436 2696 1473 2757 uh
1498 2695 1613 2755 Adamo

258 2780 388 2841 Juhslem
412 2782 566 2859 permovit,
590 2788 623 2839 ut
644 2790 747 2840 cantus
769 2778 919 2837 hominurn
943 2779 1037 2837 hrntis
1059 2774 1259 2837 instrumentis
1283 2781 1388 2838 imitari
1409 2778 1535 2841 ¹disceret
1559 2783 1614 2841 do·

261 2882 396 2945 seratque.
441 2868 505 2927 Nisi
532 2866 633 2939 fallor,
663 2865 756 2927 Jnhal
783 2864 968 2943 hichpollc
990 2874 1058 2937 eet,
1089 2864 1147 2925 levi
1179 2866 1341 2927 trrtrtatione
1372 2866 1533 2939 literarum,
1564 2868 1621 2945 q'ui'

262 2956 368 3016 tratrem
380 2954 518 3017 Jahelem
541 2956 697 3031 pecuariae
720 2963 870 3015 auctorem
891 2952 1050 3029 fistulaque
1071 2955 1181 3029 agresti
1204 2952 1381 3030 gaudentem
1405 2950 1504 3036 (Pena
1519 2955 1615 3015 Derim

263 3042 413 3103 sGrsecis
436 3037 594 3123 creditum)
617 3041 755 3119 cytharae
777 3050 910 3118 repertae
933 3040 1012 3100 claro
1036 3041 1142 3098 tinnitu
1165 3034 1334 3121 superavit,
1356 3042 1508 3106 materiem
1531 3043 1617 3103 chor-

264 3130 353 3189 darum
375 3149 396 3189 a
416 3128 626 3190 'duhel-Caino
647 3128 752 3207 tratre,
780 3130 832 3205 qui
857 3128 945 3187 nohis
973 3144 1008 3187 ex
1036 3130 1162 3187 neminis
1192 3128 1337 3188 allusione
1362 3128 1513 3190 Vulcanus
1543 3140 1617 3207 esto,

264 3228 414 3277 mutuatus.
595 3267 602 3279 .
1548 3246 1580 3281 .·

341 3302 497 3378 Utcunque
519 3313 616 3363 mensu
638 3303 763 3377 antiqua
782 3302 822 3360 sit
843 3310 947 3361 cantus
969 3302 1089 3361 hnmani
1113 3300 1214 3375 torma,
1239 3318 1275 3361 ex
1298 3300 1460 3363 intervallis
1483 3290 1620 3365 consonis

266 3392 306 3451 rel
326 3393 475 3451 concinnis
498 3393 674 3468 composita,
708 3404 815 3449 mursae
837 3398 935 3449 tamen
957 3388 1179 3449 intervallorum
1203 3389 1350 3449 latuerunt
1373 3390 1521 3463 homines,
1545 3390 1620 3452 adeo

266 3487 377 3538 utente
399 3477 601 3555 Pythagoram
621 3493 659 3535 ns
681 3486 889 3552 quaererentur
910 3476 1045 3551 quidem,
1075 3485 1105 3536 et
1127 3479 1276 3553 quaesitus
1296 3494 1348 3555 per
1372 3478 1430 3537 duo
1453 3478 1544 3538 millia
1566 3497 1622 3539 en-

268 3584 376 3639 norum,
405 3568 516 3643 primus
538 3582 612 3641 ego,
641 3564 696 3623 nisi
720 3562 823 3637 tollor,
848 3566 1032 3624 exacthsiurc
1055 3564 1208 3642 proferam.
1254 3564 1369 3643 Primus
1393 3566 1511 3641 quidem
1533 3558 1623 3626 lertu'r

268 3652 462 3730 Pyslrsgoras,
493 3669 559 3711 eum
581 3650 660 3729 apud
684 3650 843 3711 officinam<
860 3653 1009 3713 terrasiam
1032 3654 1168 3711 transiret
1189 3664 1336 3728 sonosque
1360 3653 1530 3713 malleorum
1555 3654 1624 3712 liar-

268 3744 371 3802 monics
395 3750 628 3817 contemperatus
643 3736 906 3810 animaduertisset,
931 3738 1170 3816 deprehendisse,¹
1190 3738 1381 3799 differentiam
1397 3757 1535 3799 sonorum
1559 3758 1625 3801 csse

270 3847 297 3886 ex
316 3826 516 3905 magnitudine
538 3825 719 3898 malleorum,
743 3832 775 3883 ut
798 3828 895 3901 magni
918 3844 1025 3901 graves
1041 3844 1130 3886 sortes
1147 3826 1274 3900 ederent,
1298 3829 1382 3903 parvi
1405 3838 1518 3887 aerrtos.
1550 3826 1624 3887 Cum

269 3924 354 3975 sotem
376 3919 453 3973 inter
473 3912 689 3990 magnitudines
711 3921 859 3989 spectetur
874 3916 988 3990 proprie
1004 3914 1174 3990 proportio,
1197 3932 1320 3972 mensus
1344 3913 1479 3992 malleos,
1501 3930 1625 3993 propor-

271 4005 351 4063 tiones
372 4001 460 4063 lacils
482 4000 704 4071 animaduertit,
734 4000 843 4076 quihus
871 4000 1043 4059 harmonica
1070 4017 1178 4059 vocum
1204 4000 1360 4059 intervella
1384 4005 1628 4062 constituerentur

271 4096 292 4147 rt
315 4090 423 4167 quihus
453 4087 589 4160 dissona,
620 4088 729 4164 quibua
758 4088 902 4146 concinna
939 4094 969 4146 et
999 4087 1108 4163 quihus
1137 4088 1318 4146 inconcinna.
1370 4088 1475 4147 Statim
1505 4090 1582 4147 enirn
1609 4106 1628 4148 a

272 4178 370 4237 nalleis
395 4175 434 4235 ad
456 4175 630 4237 chordarum
654 4175 788 4233 transivit
810 4172 1023 4250 longitudines,
1048 4175 1098 4233 uhi
1121 4190 1207 4233 aures
1230 4176 1361 4233 exactius
1384 4174 1528 4249 indicant,
1547 4188 1629 4251 'quae

272 4276 355 4339 partes
378 4263 506 4323 chordae
535 4281 601 4326 curu
623 4270 686 4322 tota
714 4270 892 4336 corisonent,
921 4278 997 4337 quac
1029 4262 1068 4320 ah
1100 4260 1151 4319 ills
1181 4261 1341 4321 dissonent.
1386 4262 1628 4341 Propertionihus

274 4356 343 4413 terris
365 4354 505 4429 repertis,
529 4360 560 4410 ut
582 4374 623 4426 erp
646 4344 706 4418 ὁτι,
728 4358 896 4425 supererat,
920 4359 953 4408 ut
974 4351 1065 4408 etiem
1087 4364 1279 4421 consenesco
1302 4372 1336 4411 ro
1360 4346 1392 4409 δι’
1419 4346 1478 4416 ὁτι.
1503 4350 1630 4427 indege-

273 4452 363 4511 rentur,
389 4456 442 4499 cur
463 4438 519 4499 hae
541 4439 744 4515 proportiones
766 4440 919 4508 concinna,
942 4440 1048 4495 strenia
1063 4452 1250 4511 consonaque
1274 4434 1431 4496 interualla
1448 4452 1551 4497 vocum
1576 4438 1629 4497 de-

275 4522 389 4599 finirent,
413 4524 491 4585 aliae
513 4528 717 4603 proportiones
740 4522 871 4597 dissona,
902 4524 1091 4583 abhorrentia
1113 4524 1157 4583 eh
1174 4526 1303 4593 auribus,
1328 4526 1451 4584 insuete.
1498 4526 1534 4607 Et
1558 4528 1630 4583 itum

276 4610 317 4690 lqit
334 4632 389 4693 per
410 4628 505 4673 annos
529 4613 574 4671 his
595 4611 676 4671 mille
699 4612 727 4668 in
751 4610 827 4669 banc
849 4612 1039 4684 sententiam,
1071 4610 1340 4689 ceususpetendas
1363 4630 1381 4670 a
1404 4614 1631 4690 proprietatibus

277 4698 390 4773 ipserum
412 4702 649 4777 proportionum.
679 4707 713 4756 ut
734 4697 805 4755 illae
836 4700 1021 4757 continentur
1044 4698 1099 4757 suh
1130 4700 1259 4757 terminis
1282 4698 1455 4774 qnantitetis
1479 4698 1631 4767 discretae,
1716 4738 1725 4753 .

278 4788 375 4847 scilicet
390 4801 587 4847 nrrmcrorum.
633 4784 778 4844 Viderunt
794 4786 870 4844 enirn
893 4784 1103 4863 Pytlragorsei,
1128 4786 1272 4861 periectas
1295 4787 1431 4843 constitui
1456 4784 1631 4861 harmonias,

278 4873 438 4935 dehordeo
460 4890 555 4950 aeque
577 4882 678 4933 tensae
701 4874 919 4949 proportionem
941 4871 1071 4931 habeant
1094 4873 1168 4930 inter
1183 4890 1215 4931 se
1237 4871 1428 4945 longitudinis
1453 4872 1581 4955 duplam,
1605 4880 1634 4932 et

280 4961 298 5013 si
315 4962 438 5039 triplam,
461 4968 492 5021 et
512 4962 539 5019 sl
562 4958 765 5037 quadruplam,
788 4962 864 5019 inter
885 4976 1022 5018 numeros
1049 4962 1111 5032 t,2
1136 4967 1165 5017 et
1191 4962 1217 5031 l,
1243 4959 1261 5017 3
1286 4968 1315 5017 et
1341 4962 1367 5032 l,
1383 4961 1412 5016 l.
1458 4958 1541 5033 Quae
1565 4976 1634 5038 pro·

283 5052 416 5120 condones
444 5047 579 5107 dicuntur
603 5050 633 5105 in
669 5046 853 5107 arithmetica
880 5046 1070 5123 mrrltiplices.
1123 5046 1249 5104 Rursum
1279 5044 1368 5123 partio
1404 5048 1633 5124 imperfectiores

282 5148 330 5195 tue
350 5137 561 5196 consonantias
583 5134 773 5199 chordarum,
801 5151 878 5209 quac
900 5134 1010 5193 faciunt
1033 5136 1250 5211 proportionem
1273 5132 1515 5207 sesquialterum,
1540 5136 1634 5195 tremi-

282 5215 384 5295 holiem,
408 5232 439 5283 et
459 5224 684 5299 sesquitertiam,
708 5222 866 5297 epitriton;
887 5237 928 5280 sc.
952 5223 1026 5279 inter
1042 5237 1179 5281 nrrnrercs
1202 5222 1231 5287 2,
1257 5220 1275 5278 3
1298 5228 1327 5279 et
1351 5222 1380 5289 3,
1405 5218 1446 5293 4,
1460 5239 1536 5297 quoe
1559 5218 1637 5281 drino

284 5312 469 5386 proportiones
492 5309 667 5387 conjunctae
688 5310 800 5369 iaciunt
822 5310 1037 5387 proportionem
1059 5308 1195 5387 duplam,
1229 5308 1305 5367 inter
1326 5324 1466 5369 numeros
1489 5312 1525 5383 2,
1548 5312 1569 5369 t
1590 5310 1636 5371 rel

243 5443 244 5448 κ
324 5418 544 5471 metonomice.
624 5478 628 5490 .
1449 5414 1467 5474 9
