4242 6384
1547 819 2342 892 mauman..
2558 798 2569 809 “
3137 827 3258 893 us

554 1007 751 1075 gruunt
778 1000 947 1070 igiuu·
978 999 1142 1059 trium
1175 1000 1433 1071 utrinque
1467 998 1839 1065 rhomborum,
1878 995 2089 1053 obtusis
2133 996 2562 1066 coniunctorum,
2610 1001 2801 1051 ternae
2832 995 3156 1056 eminentiae
3202 998 3259 1052 in

553 1080 729 1137 hians
761 1080 1139 1149 recipiuntque
1173 1080 1288 1136 suis
1323 1080 1563 1138 hiatibus
1596 1078 1813 1136 illorum
1851 1076 2187 1134 eminentiss.
2225 1077 2323 1139 (Vv
2359 1084 2411 1130 et
2445 1083 2526 1141 ng.
2563 1077 2713 1137 21³st

721 1161 809 1216 Sic
849 1160 1073 1228 siginus
1118 1153 1335 1214 rhombi
1376 1160 1549 1228 plani,
1598 1153 1966 1227 proportionis
2021 1154 2377 1225 diagouorum
2425 1152 2670 1216 alterius,
2723 1153 2929 1209 faciunt
2974 1154 3258 1209 rhombum

551 1238 774 1295 SOlidnm
810 1237 1330 1296 mntaedricum
1367 1238 1473 1306 (XX
1507 1247 1561 1295 Gt
1593 1244 1676 1302 fig.
1716 1237 1842 1303 22).
2055 1268 2153 1319 ῆς.
2185 1270 2250 1309 2¹.
2335 1229 2344 1236 ο
2776 1241 2879 1319 ΕΊΒ.’
2899 1267 2968 1311 ῃ.

553 1318 707 1383 Quini
730 1317 877 1373 enim
902 1324 959 1373 et
984 1316 1135 1387 quini
1157 1316 1398 1385 rhombi,
1436 1316 1652 1385 angulis
1672 1316 1846 1372 acutis

552 1395 822 1463 conjuncti
861 1393 932 1450 ad
981 1393 1310 1464 effigiandos
1356 1393 1505 1452 duos
1542 1395 1746 1475 solidos
1792 1411 1858 1449 ex

553 1474 809 1542 oppositis
849 1475 1030 1543 plagis
1076 1480 1319 1542 stantes,
1358 1490 1481 1530 cum
1518 1474 1670 1533 hient
1709 1476 1854 1544 apud
1943 1549 1947 1555 .
2035 1518 2115 1553 ,¹:7ss
2276 1513 2292 1525 ..

551 1553 769 1606 obtusos
796 1552 1141 1620 coniunctos,
1168 1553 1456 1621 quinorum
1482 1561 1540 1608 et
1567 1554 1850 1623 quinorum
2220 1573 2224 1585 ·
2304 1585 2308 1597 ·

552 1630 896 1688 rhombos-um
944 1631 1158 1688 obtusis
1202 1631 1323 1687 aliis
1372 1632 1604 1702 implent
1638 1632 1851 1699 hiatus;

560 1710 782 1778 denique
829 1709 889 1764 in
924 1709 1212 1784 utriusque
1246 1711 1417 1769 veluti
1452 1719 1629 1770 testae
1673 1711 1851 1767 medio
1943 1773 1947 1782 ¹

560 1803 683 1842 rona
716 1804 789 1843 ex
841 1789 1033 1846 decem
1076 1789 1378 1846 rhombicis
1412 1792 1731 1861 composita·
1754 1792 1853 1845 ci‘r-
1951 1797 1959 1817 “
1991 1801 1999 1809 ⁴
2059 1829 2131 1874 m..

555 1867 706 1920 cumit
741 1866 1088 1935 conjungens
1124 1877 1411 1937 utramque
1448 1876 1661 1926 testam.

712 1946 847 2002 Non
862 1962 985 2004 esse
1009 1963 1140 2002 vero
1165 1947 1351 2017 plures
1375 1945 1647 2018 perfectas
1672 1948 1851 2003 rhom-

552 2024 731 2078 borum
767 2027 1183 2095 congruentias,
1231 2027 1312 2082 sic
1358 2028 1639 2096 probatur.
1713 2029 1852 2082 Sunt
2342 2071 2347 2078 .

553 2103 682 2156 enim
718 2103 832 2159 duo
879 2104 1067 2174 anguli
1115 2104 1265 2174 plani
1313 2104 1581 2161 rhombici
1616 2108 1787 2179 acuti,
1840 2112 1949 2169 duo
1998 2113 2214 2182 obtusi,
2260 2129 2491 2182 quorum
2537 2124 2751 2179 semper
2787 2112 2980 2162 acutus
3017 2118 3159 2161 unus
3205 2113 3260 2164 et

552 2197 681 2236 uuus
717 2183 956 2239 obtusus
990 2184 1379 2242 iaciuut‘duos
1413 2191 1619 2255 rectos,
1669 2205 1769 2245 nec
1818 2192 2004 2261 plures
2040 2193 2218 2249 tribus
2254 2190 2465 2248 obtusis
2504 2192 2835 2259 congruunt,
2882 2200 2950 2240 ne
2998 2194 3259 2254 superent

553 2269 777 2327 quatuor
823 2270 1025 2317 rectos.
1096 2263 1306 2332 Quodsi
1354 2279 1484 2330 ergo
1530 2271 1644 2321 tres
1676 2265 1870 2331 ¹solum
1914 2278 2108 2329 acutos
2147 2269 2516 2339 conjunxeris,
2567 2267 2630 2324 fit
2680 2274 2741 2323 ut
2787 2266 2842 2321 ln
2879 2264 3045 2335 cubo,
3091 2265 3258 2321 hexa-

550 2339 707 2394 edron
741 2341 1086 2397 rhombieum
1124 2356 1245 2401 eum
1283 2342 1495 2397 duobus
1532 2345 1708 2401 solum
1745 2349 1934 2407 solidis
1968 2351 2162 2418 acutis,
2216 2347 2530 2418 longissime
2569 2343 2920 2410 distantibus,
2966 2345 3133 2399 ceteri
3171 2355 3254 2400 so-

548 2419 635 2473 lidi
665 2422 724 2474 in
760 2422 945 2477 medio
982 2422 1226 2492 corporis
1276 2438 1385 2478 nou
1422 2431 1634 2479 tautum
1668 2426 1901 2497 distant3
1947 2446 2056 2484 non
2104 2434 2390 2484 servantur
2423 2426 2589 2494 igitur
2639 2424 2789 2493 leges
2840 2420 3167 2478 definitionis
3203 2425 3254 2494 8,

548 2515 680 2564 quae
709 2515 825 2553 non
861 2499 1104 2557 admittit
1133 2500 1275 2557 duos
1308 2501 1460 2557 solos
1496 2504 1730 2571 angulos
1763 2506 1822 2563 in
1857 2507 2048 2565 eadem
2070 2507 2336 2577 sphaera,
2371 2510 2657 2575 praeterea
2681 2517 2749 2555 ex
2776 2502 2808 2555 6
2831 2498 3019 2555 solidis
3044 2501 3253 2557 obtusis

547 2578 766 2644 quilibet
802 2578 1078 2636 clauditur
1110 2596 1145 2635 a
1176 2580 1410 2653 {luobus⁸
1434 2582 1645 2640 obtusis
1681 2584 1871 2651 planis,
1896 2594 1952 2641 et
1987 2600 2096 2642 uno
2134 2592 2313 2647 acut0‚
2349 2597 2491 2650 quae
2515 2579 2891 2649 irregularitas
2925 2594 3142 2635 rursum
3170 2585 3255 2635 est

546 2665 727 2711 contra
761 2656 1129 2717 definitiones.
1202 2660 1351 2728 Ergo
1389 2677 1501 2716 uon
1550 2670 1664 2717 tres
1699 2671 1909 2719 tautum
1946 2663 2096 2732 plani
2147 2662 2295 2718 acuti
2342 2663 2486 2716 coire
2535 2658 2747 2715 debent.
2822 2659 2895 2712 At
2940 2674 3115 2729 neque
3154 2675 3250 2715 sex

545 2734 697 2801 acuti,
732 2736 965 2794 totidem
1001 2737 1211 2796 scilicet
1246 2738 1611 2808 rhomborum,
1649 2746 1863 2797 coeunt.
1937 2742 1991 2796 Si
2015 2741 2160 2797 euim
2196 2738 2396 2810 singuli
2421 2738 2626 2793 habent
2651 2736 3006 2805 quantitatem
3035 2738 3063 2808 3
3093 2739 3252 2794 unius

547 2812 697 2877 recti,
751 2814 938 2870 obtusi
975 2811 1256 2873 habebunt
1292 2818 1517 2887 duplam
1550 2820 1925 2887 quantitatem,
1962 2819 2173 2875 scilieet
2208 2824 2268 2889 ᾗ,
2337 2824 2392 2872 et
2427 2816 2506 2871 sic
2552 2823 2662 2874 tam
2699 2820 2814 2868 tres
2848 2816 3034 2869 obtusi
3091 2833 3251 2886 quam

548 2906 636 2947 sex
667 2894 821 2950 acuti
857 2894 1171 2952 formabunt
1205 2900 1239 2953 4
1274 2907 1471 2968 rectos,
1508 2914 1614 2953 nec
1645 2898 1731 2953 vel
1755 2898 1834 2951 illi
1872 2897 1959 2952 vel
1993 2898 2049 2952 hi
2074 2896 2386 2953 formabunt
2411 2894 2670 2963 angulum
2699 2891 2947 2956 solidum,
2985 2893 3081 2950 sed
3115 2902 3252 2969 ,ster-

548 2980 666 3027 nent
704 2974 1021 3029 continuam
1058 2975 1358 3047 planitiem,
1395 2985 1457 3033 ut
1491 2979 1549 3033 in
1582 2977 1757 3046 figura
1794 2978 1855 3032 G.
1928 2978 2023 3035 Sin
2058 2986 2242 3034 autem
2279 2974 2426 3031 acuti
2462 2972 2700 3027 minores
2726 2977 3025 3039 sumantur,
3064 2974 3248 3027 obtusi

547 3051 771 3118 majores
810 3059 972 3109 erunt
1007 3060 1063 3112 et
1100 3062 1210 3111 tres
1248 3058 1585 3126 superabunt
1630 3064 1865 3126 quatuor
1900 3066 2097 3116 rectos.
2169 3056 2318 3124 Ergo
2356 3052 2494 3109 duae
2544 3059 2754 3107 tantum
2811 3060 2937 3108 sunt
2971 3050 3250 3120 perfectis-

545 3130 705 3186 simae
737 3130 1055 3189 rhombioae
1088 3137 1503 3206 congruentiam
1553 3135 1687 3205 una,
1738 3136 1795 3192 in
1817 3152 1941 3207 -qua
1976 3145 2213 3205 quatuor
2244 3133 2391 3190 acuti
2429 3131 2613 3201 anguli
2655 3130 2919 3188 rhombici
2956 3136 3158 3186 coeunt
3193 3133 3247 3195 in

547 3208 787 3277 tolidum,
824 3210 1016 3278 altera,
1050 3212 1106 3267 in
1141 3231 1253 3282 qua
1286 3217 1557 3285 quinque3
1598 3217 1795 3284 quibus
1830 3224 2011 3273 tamen
2048 3214 2353 3271 associatur
2389 3210 2579 3280 cubus,
2616 3217 2876 3279 tanquam
2900 3209 3250 3266 rhomborum

548 3288 773 3341 omnium
792 3288 1133 3360 principium,
1171 3294 1297 3362 quis
1320 3294 1543 3362 planum
1566 3294 1737 3363 ipsius
1763 3302 1848 3349 est
1873 3294 2103 3349 laterum
2129 3290 2435 3362 aequalium
2464 3294 2710 3358 quatuor,
2751 3293 2811 3343 ut
2835 3287 3250 3345 rhombicorum.

708 3361 1011 3424 XXVHL
1061 3367 1535 3443 Propositio.
1622 3369 1926 3431 Perfectus
1971 3372 2030 3429 in
2073 3368 2265 3429 solido
2312 3366 2727 3441 congruentiae
2758 3364 2974 3440 gradus
3007 3363 3246 3424 iuferio-

548 3449 613 3507 ris
654 3452 886 3527 speeies
930 3462 1066 3513 sunt
1110 3453 1419 3531 tredecim3
1484 3474 1557 3517 ex
1601 3457 1815 3533 quibus
1858 3457 2136 3518 tredecim
2185 3457 2445 3514 oriuntur
2490 3451 2878 3512 Archimedes
2922 3468 3183 3531 corpora.

710 3532 848 3588 Cum
884 3535 1028 3590 enim
1061 3537 1391 3597 misceantur
1423 3539 1480 3595 in
1517 3538 1624 3595 hoc
1657 3539 1831 3608 gradu
1865 3540 2071 3609 figurae
2108 3539 2368 3605 diversae,
2407 3550 2575 3610 quare
2611 3550 2709 3603 per
2757 3550 2973 3604 propos.
3004 3535 3087 3589 21.
3125 3538 3248 3598 mis-

547 3613 803 3668 cebuntur
836 3622 933 3668 ant
969 3614 1195 3671 duarum
1251 3622 1348 3680 aut
1380 3618 1543 3673 trium
1592 3619 1896 3686 specierum
1944 3618 2165 3686 figurae.
2240 3615 2447 3685 Quodsi
2493 3614 2747 3684 duarum,
2797 3621 2928 3670 tunc
2977 3613 3122 3669 inter
3148 3630 3248 3671 eas

544 3690 616 3743 vel
650 3697 783 3746 sunt
823 3693 1022 3760 trigoni
1058 3696 1142 3751 vel
1180 3714 1289 3752 non
1322 3705 1470 3753 suut.
1539 3696 1711 3765 Igitur
1747 3714 1821 3753 ex
1857 3698 2084 3765 trigonis
2121 3705 2177 3752 et
2213 3693 2513 3763 tetragonis
2566 3691 2705 3748 fiunt
2740 3692 2915 3747 solida
2950 3692 3078 3759 tria,
3133 3692 3247 3761 qui-

550 3768 637 3824 hus
676 3771 901 3839 quidem
937 3773 1041 3828 def.
1080 3778 1130 3831 9.
1168 3785 1455 3846 competat.
1485 3820 1490 3826 .
1529 3779 1667 3834 Nam
1703 3779 1799 3835 illa
1833 3777 2011 3847 rejicit
2046 3778 2250 3832 formas
2287 3776 2452 3831 hasce
2491 3780 2627 3840 tres,
2684 3771 2740 3825 in
2778 3772 2973 3840 quibus
3017 3771 3248 3826 solidum

548 3847 798 3917 angulum
833 3852 1118 3922 claudunt,
1173 3873 1297 3912 cum
1332 3873 1442 3912 uno
1479 3858 1813 3925 tetragonico
1850 3856 2014 3925 plano
2049 3854 2278 3924 angulo.
2328 3860 2440 3908 tam
2477 3849 2585 3905 duo
2621 3865 2787 3918 quam
2824 3856 2936 3904 tres
2973 3848 3121 3918 plani
3156 3847 3248 3902 tri·

548 3928 732 3997 goniei,
773 3938 872 3985 aut
905 3950 1029 3988 cum
1067 3935 1278 3991 duobus
1314 3938 1663 4006 tetragonicis
1700 3952 1841 3992 unus
1879 3936 2206 4006 trigonicus;
2243 3932 2371 4001 quia
2407 3930 2463 3986 in

545 4005 707 4072 primo
767 4024 902 4065 casu
934 4029 1077 4068 unus
1112 4015 1262 4069 solus
1297 4024 1615 4087 tetragonus
1651 4026 1758 4082 est,
1795 4012 1965 4081 fitque
2000 4012 2281 4070 dimidium
2319 4016 2464 4064 octa-

546 4090 649 4143 Edri
686 4098 745 4146 et
784 4092 973 4159 anguli
1005 4094 1166 4149 solidi
1200 4104 1331 4150 sunt
1365 4096 1798 4162 diversiformes3
1842 4096 1901 4148 in
1937 4092 2178 4148 secundo
2217 4092 2323 4147 duo
2362 4088 2463 4145 soli

546 4170 828 4238 tetragoni,
879 4171 939 4224 in
986 4167 1150 4227 tertio
1195 4173 1302 4228 duo
1350 4174 1455 4228 soli
1492 4175 1720 4245 trigoni,
1760 4186 1901 4242 quae
1939 4188 2037 4240 per
2071 4172 2156 4226 10.
2206 4168 2462 4235 suntim·

545 4249 815 4316 perfectae
851 4250 1254 4317 congruentiae.
1329 4254 1560 4310 Restant
1595 4272 1727 4326 ergo
1764 4253 1910 4308 modi
1945 4253 2018 4320 hi,
2056 4251 2113 4305 in
2139 4249 2335 4320 quibus
2372 4264 2463 4303 an·

547 4331 716 4395 gulum
756 4327 994 4384 solidum
1034 4330 1295 4385 claudunt
1330 4332 1497 4403 plani.
1572 4335 1828 4404 Primum,
1866 4339 2101 4402 quatuor
2124 4328 2372 4397 trigonici
2409 4328 2465 4380 et

548 4424 670 4463 unus
717 4409 1118 4477 tetragonicus:
1166 4418 1294 4466 suut
1322 4413 1486 4480 *enim
1529 4414 1765 4468 minores
1812 4414 1844 4467 4
1893 4411 2073 4467 rectis.
2148 4409 2464 4476 Congruunt

547 4485 696 4556 igitur
733 4502 836 4542 sex
874 4490 1145 4555 tetragoni
1184 4497 1239 4545 et
1273 4491 1499 4560 triginta
1535 4493 1644 4548 duo
1683 4495 1757 4561 (id
1796 4498 1879 4549 est
1913 4491 1985 4546 20
2020 4498 2075 4545 et
2114 4489 2195 4557 12)
2245 4488 2462 4557 trigoni,

548 4575 592 4618 et
623 4566 683 4620 fit
720 4565 901 4634 figura
936 4567 1414 4637 triacontaedrica,
1460 4572 1607 4640 quod
1660 4570 1881 4641 appello
1917 4570 2170 4625 Cubum
2207 4569 2457 4622 simum.

548 4641 630 4696 Hic
661 4646 720 4698 in
758 4645 1039 4699 schemate
1074 4648 1255 4717 pictus
1291 4657 1375 4703 est
1408 4651 1519 4703 23¹.
2308 4690 2314 4697 -

702 4723 961 4791 Quinque
997 4725 1139 4779 euim
1174 4728 1424 4795 trigonici
1460 4728 1609 4797 plani
1658 4736 1714 4783 et
1769 4743 1909 4783 unus
1945 4729 2315 4798 tetragonicus
2368 4744 2455 4785 su-

547 4810 719 4867 perant
755 4809 996 4869 quatuor
1029 4812 1241 4871 rectos,
1292 4820 1425 4883 cum·
1451 4809 1686 4864 debeant
1719 4808 1790 4862 ad
1826 4808 2057 4868 solidum
2093 4808 2454 4866 claudendum

547 4893 647 4934 esse
699 4880 942 4936 minores
987 4890 1219 4950 quatuor
1264 4886 1429 4943 rectis
1465 4891 1563 4956 per
1598 4889 1682 4942 16.
1755 4884 1846 4942 Sic
1881 4887 2042 4941 etiam
2089 4893 2334 4956 quatuor
2361 4891 2451 4943 tri-

550 4961 706 5026 goniei
746 4965 807 5014 et
842 4960 949 5015 duo
985 4964 1309 5030 tetragonici
1343 4964 1552 5021 faciunt
1586 4972 1820 5034 quatuor
1851 4974 2051 5022 rectos.
2439 4990 2444 4996 ·

699 5039 959 5095 Secundo
995 5041 1103 5095 duo
1139 5042 1388 5111 trigonioi
1423 5052 1479 5099 et
1513 5046 1623 5099 duo
1659 5046 1981 5117 tetragonici
2024 5047 2203 5102 minus
2244 5047 2447 5102 habent

548 5125 763 5182 quatuor
794 5118 985 5187 rectis3
1031 5120 1122 5176 hic
1157 5122 1320 5190 igitur
1355 5132 1662 5194 congruunt
1702 5127 1741 5180 8
1772 5126 1971 5193 trigoni
1998 5132 2073 5197 ,et
2108 5127 2142 5182 6
2177 5128 2447 5201 tetragoni

547 5195 602 5246 ad
642 5196 991 5252 formandum
1040 5211 1207 5256 unum
1249 5202 1926 5275 tessareskaedecaedron,
1989 5205 2136 5277 quod
2183 5206 2439 5262 cubocta-

548 5273 697 5327 edrou
732 5274 975 5344 appello.
1045 5277 1259 5337 Pictum
1301 5287 1388 5336 est
1420 5281 1512 5337 hic
1560 5299 1705 5339 num.
1741 5282 1851 5340 23².
1923 5285 2047 5341 Duo
2100 5299 2229 5358 vero
2274 5285 2437 5354 trigo·

549 5353 637 5407 uici
669 5370 793 5409 cum
827 5356 1003 5413 tribus
1040 5360 1387 5430 tetragonicis
1424 5368 1687 5432 superant
1721 5363 1754 5417 4
1789 5372 1983 5420 rectos.
