4242 6384
487 824 529 886 36
863 820 1008 892 Epistolae
1026 822 1138 892 Kepleri
1151 823 1321 892 aliorumque
1338 831 1448 880 mutuae

487 1003 715 1079 comparaveris:
745 1008 856 1066 sermm
886 1001 987 1061 duram
1017 1009 1046 1062 et
1076 1009 1189 1062 sextam
1209 1001 1336 1061 mollem.
1380 1001 1542 1079 Coniuncta
1563 1000 1651 1062 diesis
1682 1009 1717 1064 et
1747 1001 1839 1062 semi·

488 1093 607 1164 ionium,
634 1088 672 1174 33
697 1097 726 1148 et
746 1087 802 1174 3-3,
825 1087 961 1150 efficient
976 1089 1028 1173 1⁹⁰,
1059 1097 1159 1149 tonum
1181 1092 1329 1150 minorem
1374 1089 1432 1150 Sed
1459 1094 1535 1151 inter
1563 1101 1663 1160 tonum
1690 1092 1839 1149 minorem
1901 1148 1904 1157 ,

488 1187 517 1237 et
540 1179 691 1252 majorem,
715 1173 754 1258 ἦ
779 1185 809 1236 et
832 1174 866 1260 3,
890 1179 1009 1237 interest
1029 1173 1090 1260 33,
1122 1176 1201 1253 quod
1232 1194 1373 1236 comma
1398 1177 1525 1254 appello.
1571 1179 1715 1238 Ablatum
1748 1180 1840 1236 serni·

488 1267 599 1324 ionium
612 1263 654 1350 33
676 1271 779 1322 otono
794 1265 903 1340 majore
921 1261 937 1348 3
955 1265 1092 1340 relinquit
1115 1263 1206 1324 diesin
1221 1273 1250 1323 et
1266 1281 1388 1338 comma,
1412 1283 1487 1342 quae
1498 1271 1601 1335 iuncta
1613 1274 1681 1325 sunt
1700 1265 1841 1324 lemma

487 1369 540 1412 seu
563 1351 682 1428 major
705 1351 838 1410 diesis.
885 1351 1107 1412 Constituantur
1135 1353 1224 1428 igitur
1254 1351 1409 1412 intervalla
1430 1352 1503 1413 haec
1530 1353 1840 1430 praeterbarmoniea:

488 1448 574 1498 tonus
595 1440 701 1516 major,
726 1440 834 1512 minor,
858 1441 1059 1512 semitonium,
1082 1440 1204 1512 lemma,
1228 1437 1331 1513 diesis,
1355 1457 1478 1500 comma
1524 1442 1568 1500 ux
1590 1441 1635 1500 bis
1657 1449 1771 1500 natura
1793 1457 1842 1498 re-

488 1525 590 1604 pudiat
611 1526 714 1586 ultima
737 1525 794 1586 duo
817 1529 890 1586 iuter
913 1527 1084 1600 canendum,
1107 1532 1150 1587 sic
1171 1523 1284 1586 utnon
1307 1544 1433 1588 erremus
1456 1545 1508 1604 per
1527 1527 1601 1588 baec
1617 1527 1783 1588 intervalla
1806 1544 1843 1585 er

472 1603 547 1674 'uua
569 1631 641 1674 voce
663 1617 693 1672 in
716 1611 804 1673 aliam
827 1615 999 1674 immediate.
1044 1613 1120 1674 Sunt
1141 1616 1219 1676 enim
1240 1613 1418 1674 diiicreutiae
1442 1631 1501 1675 nou
1522 1615 1759 1688 harmoniarum,
1790 1612 1842 1672 sed

488 1703 721 1779 imperfectorum
744 1701 961 1762 intervallorum
981 1703 1135 1762 minorum.
1177 1696 1224 1762 Ita
1245 1701 1286 1774 iit,
1310 1709 1343 1760 ut
1364 1705 1444 1777 prius
1467 1706 1642 1764 constitutae
1663 1703 1843 1762 barmoniae

488 1787 712 1851 subdividantur
735 1791 762 1846 in
785 1787 859 1848 haec
877 1790 939 1866 jam
962 1791 1121 1850 constituta
1143 1788 1306 1850 intervalia.
1350 1782 1428 1848 Nanr'
1448 1793 1533 1850 tertia
1556 1791 1651 1850 mollis
1675 1787 1733 1876 (ξ)
1759 1806 1843 1848 com·

488 1880 604 1954 ponitur
627 1895 663 1936 er
685 1885 754 1936 tono
777 1875 886 1951 majore
908 1874 951 1961 (3)
974 1886 1003 1936 et
1025 1878 1179 1936 semitonio
1201 1874 1286 1961 (3333
1316 1879 1403 1936 tertia
1425 1876 1498 1937 dura
1519 1875 1563 1968 (ᾗ)
1585 1895 1621 1938 ex
1642 1881 1760 1938 minore
1776 1873 1843 1958 (1⁹0)

490 1972 519 2024 ct
541 1965 652 2041 majore
674 1961 726 2048 (3).
770 1963 847 2022 Hinc
875 1963 933 2024 illis
955 1981 1059 2024 nomen
1083 1969 1131 2034 dvc
1154 1985 1257 2041 roms,
1288 1963 1394 2022 latim:
1423 1967 1526 2041 tertia,
1557 1965 1614 2027 duo
1637 1968 1717 2025 enim
1748 1968 1842 2024 inter-

490 2051 570 2111 valla
601 2059 659 2110 tres
691 2053 840 2127 requirunt
870 2054 1015 2112 tenninos.
1061 2051 1110 2110 Sic
1140 2059 1244 2128 quarta
1274 2049 1320 2110 vel
1343 2057 1391 2112 cta
1412 2073 1561 2130 taunucus
1587 2055 1777 2130 componitur
1806 2069 1842 2110 ex

490 2148 560 2200 tono
582 2139 701 2214 majore,
724 2141 835 2198 minore
857 2147 886 2198 et
908 2141 1076 2213 semitonio;
1098 2137 1261 2215 multiplica
1283 2139 1360 2199 enirn
1383 2137 1441 2222 ἦ,
1464 2137 1486 2221 3
1508 2149 1538 2200 et
1558 2141 1602 2228 Η
1624 2142 1654 2198 in
1674 2158 1709 2200 se
1723 2148 1840 2210 mutuo,

429 2270 431 2288 .
490 2225 586 2304 prodit
609 2223 646 2309 33
669 2235 757 2302 atque
780 2227 820 2286 ab
840 2225 885 2286 lris
908 2229 926 2285 3
950 2225 1111 2298 intervallis
1142 2227 1215 2286 haec
1237 2225 1442 2285 concordantia
1473 2227 1577 2288 dicitur
1606 2235 1654 2289 baa
1676 2247 1840 2304 asemper,

491 2322 616 2390 quatuor
638 2314 714 2372 euim
737 2315 816 2374 sonis
831 2314 943 2398 ‚ordine
974 2315 1029 2374 tria
1050 2312 1206 2374 intervalia
1234 2315 1456 2372 constituuntur.
1501 2314 1550 2374 Sic
1576 2322 1626 2378 om
1647 2337 1734 2376 nans
1767 2329 1841 2373 con·

450 2403 458 2470 .'
489 2409 549 2460 stat
572 2404 589 2459 2
613 2403 690 2474 tonis
711 2399 880 2476 majoribus,
903 2419 961 2460 uno
983 2402 1086 2460 minori
1110 2409 1140 2460 et
1152 2403 1316 2474 semitonio,
1340 2408 1497 2476 quaesunt
1520 2401 1719 2475 iintervaila,
1746 2404 1842 2461 bvo-

491 2505 548 2547 ees.
593 2488 643 2548 Sic
665 2484 697 2549 δι’
722 2485 753 2562 ἐξ
776 2487 824 2550 vel
846 2496 937 2559 sexta,
962 2490 979 2547 5
1004 2487 1175 2559 intervallis,
1200 2490 1219 2546 ii
1244 2487 1383 2561 vocibus,
1407 2497 1437 2547 et
1452 2488 1577 2565 denique
1601 2498 1649 2551 δια
1663 2509 1771 2550 neone
1794 2484 1842 2546 vel

492 2570 612 2650 octava,
639 2579 655 2632 l
679 2574 857 2649 intervallis,
882 2579 900 2636 8
923 2578 1045 2636 vocibus
1068 2583 1190 2635 constat.
1799 2601 1802 2606 ·

576 2663 743 2724 Notandum
764 2672 871 2738 autem,
895 2682 913 2722 a
934 2673 1018 2722 sarta
1040 2664 1071 2720 in
1093 2673 1229 2724 octavam
1252 2678 1404 2737 superesse
1426 2665 1559 2739 tertiam3
1581 2674 1612 2724 et
1627 2666 1698 2738 quie
1722 2662 1842 2736 reliqua

492 2751 646 2812 intervalla
666 2769 719 2828 per
741 2746 986 2828 comparationem
1009 2751 1223 2810 harmoniarum
1245 2747 1478 2823 subdividuntur,
1501 2750 1540 2809 ad
1560 2767 1661 2810 eorum
1681 2753 1776 2826 igitur
1798 2749 1840 2804 si·

491 2839 682 2898 militudinem
712 2845 740 2898 et
770 2837 827 2897 lroc
856 2838 1040 2898 intervallum
1067 2838 1238 2898 naturaliter
1265 2835 1470 2896 subdividitur.
1514 2837 1581 2912 Quo
1610 2840 1687 2899 iacto
1716 2849 1841 2898 necem

492 2935 545 2999 cst,
569 2926 642 2986 duos
665 2936 749 2985 tonos
772 2926 899 3002 majores
921 2926 1087 2986 immediate
1109 2943 1142 2985 se
1163 2931 1274 2997 mnino,
1289 2926 1436 3000 consequi,
1459 2926 1497 2984 ab
1514 2923 1623 3002 Finp
1642 2933 1743 3000 step
1764 2926 1795 2980 in
1810 2939 1840 2980 o.

491 3014 595 3089 Itaque
617 3014 839 3074 concordantiae
868 3032 887 3072 a
914 3013 1037 3088 singulis
1066 3012 1165 3072 ordine
1188 3012 1309 3072 vocibus
1337 3014 1469 3088 inceptae
1495 3020 1694 3076 conmanunt
1719 3011 1842 3087 penitus

493 3101 640 3176 aequales,
663 3100 715 3160 sed
739 3100 872 3160 differunt
895 3116 952 3158 uno
976 3106 1127 3160 commate.
1165 3100 1262 3176 Atque
1283 3098 1357 3158 bace
1379 3101 1556 3176 imperiectio
1575 3099 1766 3177 postmodum
1790 3097 1841 3156 dat

494 3191 676 3246 occasionem
699 3187 876 3248 differentiae
898 3191 1040 3259 tonorum,
1064 3203 1186 3263 quornm
1208 3185 1259 3245 alii
1281 3185 1361 3260 laeti,
1384 3186 1436 3245 alii
1457 3188 1579 3262 queruli.

579 3275 670 3334 Pars
694 3268 822 3332 tertia.
866 3277 915 3336 De
937 3275 1133 3334 discnmms
1154 3279 1322 3334 tonorum.
1367 3273 1440 3333 Tres
1469 3284 1538 3334 snut
1563 3287 1670 3336 causae
1692 3271 1841 3333 discrinti·

494 3368 597 3422 nantes
620 3371 713 3420 tonos.
758 3360 864 3434 Prima,
888 3378 953 3420 cnm
976 3369 1083 3421 octava
1103 3369 1218 3421 constet
1238 3377 1275 3426 ex
1296 3362 1398 3435 quinta
1411 3369 1449 3421 at
1472 3370 1592 3438 quarta,
1622 3365 1651 3421 in
1674 3361 1736 3420 alio
1768 3367 1843 3427 tono,

494 3451 596 3528 quinta
618 3456 663 3510 est
685 3449 817 3508 interiere
838 3441 913 3522 loco,
936 3448 994 3508 alio
1018 3457 1151 3524 quarta..
1169 3446 1257 3524 Quod
1277 3449 1321 3508 sic
1335 3448 1567 3525 intelligendum:
1591 3455 1694 3509 eantns
1715 3465 1772 3525 per
1792 3447 1841 3503 iu·

494 3537 617 3598 tervalla
638 3535 801 3596 aemulatur
827 3535 1058 3614 concordantias.
1102 3535 1178 3595 Nam
1205 3553 1265 3594 nna
1286 3551 1345 3594 vox
1364 3545 1550 3612 non-potest
1563 3531 1693 3596 o'cansari
1714 3549 1840 3596 coneor-

494 3621 638 3698 dentiam,
662 3630 776 3700 oportet
802 3622 875 3682 duas
906 3639 1082 3682 concurrere.
1127 3622 1214 3697 Quod
1243 3623 1331 3698 igitur
1352 3639 1428 3682 uuus
1450 3623 1538 3684 bomo
1566 3625 1668 3686 codem
1690 3625 1839 3682 momento

396 3733 399 3740 ·
491 3727 552 3770 non
565 3706 684 3787 potest,
715 3714 853 3786 temporis
876 3717 970 3770 tractu
992 3707 1090 3769 studet
1112 3712 1285 3786 exprimere,
1309 3708 1444 3770 admodo
1465 3713 1504 3771 ab
1522 3729 1582 3770 nna
1596 3729 1669 3771 voce
1690 3727 1745 3786 per
1767 3723 1839 3768 eon·

494 3806 578 3858 sueta
601 3797 756 3858 intervalla
778 3797 815 3858 ad
840 3813 942 3858 vocam
958 3797 1197 3871 concordantem,
1220 3800 1309 3875 inque
1330 3814 1367 3857 ea
1388 3799 1503 3858 oberrat
1521 3798 1688 3860 notabiliter
1701 3798 1839 3874 saepius·

495 3904 551 3962 que
574 3887 612 3946 ab
635 3904 671 3946 ca
701 3903 753 3946 ceu
781 3901 871 3962 scopo
899 3893 976 3944 tacto
1002 3884 1078 3947 redit
1105 3887 1137 3943 in
1158 3886 1264 3960 priora.
1309 3884 1505 3962 transigitur
1530 3893 1684 3947 tonusest
1710 3901 1778 3946 cum
1801 3878 1837 3939 ad

494 3981 635 4050 quartam,
659 3971 735 4040 alius
757 3987 822 4032 cunr
844 3971 882 4032 ad
906 3975 1036 4048 quintam
1058 3972 1238 4034 collimatur:
1273 3971 1417 4032 Vtrumne
1434 3973 1574 4048 poecbcii
1599 3974 1705 4032 landet
1725 3975 1837 4030 immo-

493 4063 555 4124 lent
580 4060 754 4134 Cltrtstiaoi,
778 4077 876 4136 apocr
898 4061 1022 4120 redemit
1043 4079 1120 4122 ouer.
1164 4055 1222 4122 Hic
1243 4061 1347 4135 quinte
1368 4060 1428 4135 vel,
1454 4060 1532 4137 quod
1554 4061 1645 4134 idem,
1678 4059 1755 4124 duae
1778 4066 1837 4117 ter·

385 4208 391 4222 Χ
494 4151 551 4209 tiae
573 4157 643 4208 sunt
664 4149 797 4208 inferiore
819 4147 893 4224 loco,
917 4147 995 4224 quod
1018 4157 1135 4208 notatur
1156 4147 1292 4225 syllabis:
1320 4149 1407 4222 uim,
1438 4148 1539 4222 lund,
1566 4151 1667 4222 imm,
1690 4148 1762 4216 lati.
1784 4161 1836 4215 Μ»

492 4239 518 4310 i,
541 4254 627 4312 upa,
649 4235 730 4310 red„
752 4253 809 4294 em.
908 4309 909 4312 Ἴ
1078 4285 1081 4291 .

581 4323 683 4383 bitere
711 4321 800 4381 eausa
828 4329 886 4395 est,
921 4340 986 4382 eum
1014 4321 1105 4381 durus
1135 4328 1238 4382 mutus
1267 4335 1320 4396 pro
1341 4319 1422 4380 molli
1449 4322 1581 4382 sumitur.
1619 4322 1741 4394 Μία,
1771 4333 1836 4380 cum

494 4426 587 4486 parva
612 4408 765 4468 intervalla
792 4417 860 4486 sunt
888 4405 1013 4468 i'nieriori
1044 4409 1091 4467 vel
1122 4407 1265 4484 superiori
1293 4405 1368 4468 loeo.
1418 4406 1529 4482 Quarta
1557 4409 1696 4470 accedere
1723 4413 1835 4484 potest:

495 4513 560 4556 cum
583 4495 620 4556 ad
643 4495 863 4556 concordantias
885 4497 1027 4571 perlectas
1051 4495 1099 4554 vel
1120 4495 1304 4572 imperfectas
1325 4494 1489 4554 collimatur
1507 4495 1649 4557 canendo.
1682 4488 1835 4572 'Quidquid

495 4593 593 4644 autem
615 4581 703 4643 hodic
730 4589 891 4645 sanatura
920 4582 1048 4660 depromi
1078 4576 1187 4658 potast'
1202 4581 1242 4641 ad
1269 4580 1492 4658 explicationem
1520 4601 1659 4660 genarum
1687 4580 1834 4652 diatonici,

496 4673 664 4744 enarmonii,
688 4665 874 4742 chromatici,
898 4671 926 4728 in
949 4688 1008 4747 qua
1029 4672 1152 4730 materia
1174 4676 1286 4730 veteres
1315 4671 1398 4730 multi
1424 4677 1505 4730 snutr
1534 4669 1565 4729 id
1586 4679 1659 4748 puto
1689 4681 1834 4731 arcton

495 4759 627 4818 secunda
644 4757 692 4838 (de
716 4765 802 4816 cantu
825 4751 896 4814 duro
920 4765 949 4818 et
971 4755 1062 4836 molli)
1085 4759 1232 4833 etiamque
1254 4764 1358 4832 quarta
1378 4758 1545 4835 petendum.

580 4847 632 4905 De
655 4853 788 4922 quarta
810 4849 943 4920 parto,
957 4855 989 4904 ut
1007 4846 1071 4921 jam
1091 4847 1281 4924 praemissum
1303 4854 1357 4918 est,
1378 4863 1481 4921 parum
1501 4845 1596 4906 dicere
1610 4863 1747 4924 possum3
1770 4841 1833 4902 ideo

497 4932 525 4988 in
551 4949 688 5008 praesens
715 4931 788 4992 nihil
811 4931 915 4992 dicam.
960 4932 1094 5008 Epistola
1120 4935 1197 4992 enirn
1227 4939 1274 4991 sat
1294 4933 1408 5010 prolixa
1437 4941 1490 4992 est.
1534 4933 1573 4992 D.
1596 4937 1626 4993 2.
1648 4933 1717 4995 Jtn.
1743 4922 1832 4994 root.

499 5017 571 5078 Vale
594 5019 669 5078 Nob.
693 5029 722 5079 et
745 5020 825 5096 Mag.
849 5019 911 5094 Vir,
932 5037 1039 5096 meque
1061 5036 1149 5096 porro
1169 5035 1286 5098 quoqne
1308 5019 1542 5085 commendatam
1561 5018 1648 5082 habe.

584 5122 630 5170 ilis
648 5122 718 5172 addit
731 5124 856 5186 ⁸linplerus
875 5123 1015 5188 sequentia,
1039 5126 1163 5175 nescimus
1181 5128 1264 5175 nuum
1282 5125 1334 5173 siut
1349 5124 1498 5185 postseripta
1515 5123 1550 5180 sd
1566 5125 1726 5185 praemissam
1744 5123 1833 5186 episto·

497 5193 559 5254 lam,
577 5205 608 5240 sn
627 5194 653 5239 in
671 5196 742 5240 suurn
760 5208 832 5242 usum
850 5195 996 5256 conscripta
1639 5209 1645 5223 ‘

583 5279 666 5345 Haec
687 5288 756 5344 tune
774 5267 932 5361 respondi,
951 5282 1024 5344 baec
1045 5255 1156 5346 intuoa
1176 5279 1347 5342 inciderunt.
1419 5314 1422 5321 ·
