4242 6384
486 805 530 864 tt
870 799 1012 872 Epistulae
1030 800 1142 872 Kepleri
1158 801 1328 872 cinnomus
1343 807 1453 858 mutuae

382 1001 389 1016 ⁸
488 986 602 1042 tanturn
624 979 758 1042 flectione
779 987 890 1054 mutua,
913 979 966 1040 ssd
989 979 1063 1040 illud
1083 997 1138 1058 pro
1159 980 1314 1056 dictandis
1336 980 1394 1042 bec
1414 977 1851 1059 promebrrsttonegradum.

488 1067 572 1130 Idem
595 1069 719 1128 lacerem
741 1085 862 1129 exorsus
885 1087 904 1128 a
926 1067 1156 1146 'lbaussylvania
1177 1085 1229 1145 per
1251 1066 1427 1146 ngariam,
1457 1069 1549 1147 Alpes
1571 1068 1699 1147 Styriss,
1721 1065 1853 1126 Helve-

492 1157 571 1232 tium,
594 1155 816 1229 Petemondam,
841 1154 967 1229 Gallias,
990 1155 1175 1234 Pyrenaeum
1197 1173 1289 1232 nsque
1304 1155 1540 1234 Composteilam.
1586 1156 1621 1215 lu
1643 1163 1725 1216 tante
1752 1153 1853 1232 igitur

490 1245 587 1322 spatio
609 1243 694 1304 facile
716 1248 830 1320 pateret
852 1244 970 1304 veritas.
1017 1242 1073 1304 Vel
1096 1244 1172 1304 irent
1193 1242 1251 1303 due
1273 1243 1369 1318 simul,
1390 1261 1505 1321 semper
1526 1245 1623 1322 spatio
1640 1245 1668 1317 d,
1692 1245 1721 1316 6,
1752 1246 1773 1299 7
1799 1240 1853 1301 vel

495 1333 534 1392 10
559 1328 726 1390 milliarium
750 1329 909 1402 distantes,
932 1331 983 1406 qui
1005 1330 1141 1392 nectibus
1163 1347 1216 1406 per
1238 1333 1434 1391 intemnneies
1454 1334 1639 1404 constitutos,
1661 1330 1854 1390 ementium

489 1417 647 1479 verticibus
669 1417 788 1494 ignibus
812 1419 944 1478 excitatis
966 1420 1103 1491 invicem,
1125 1420 1211 1493 signa
1232 1418 1344 1479 durent
1379 1418 1447 1480 Hoc
1464 1419 1506 1479 lbi
1519 1420 1656 1492 maxime,
1678 1419 1730 1477 nbi
1756 1432 1853 1475 mon-

489 1515 547 1580 tes,
576 1506 628 1582 qui
651 1503 724 1565 adiri
747 1513 884 1582 possunt,
911 1504 1094 1566 horizontem
1115 1521 1174 1564 nou
1197 1507 1361 1568 terminant
1381 1505 1439 1565 -In
1461 1506 1517 1566 bac
1537 1507 1681 1566 meelate
1714 1504 1853 1563 duorum

490 1601 520 1654 et
541 1593 599 1652 boc
620 1593 729 1652 inesset
751 1591 914 1665 commodi,
944 1591 1022 1668 quod
1046 1594 1076 1650 in
1098 1591 1192 1652 reditu
1216 1595 1315 1654 omnia
1335 1593 1483 1655 emendari
1503 1601 1625 1670 possent
1646 1600 1678 1652 et
1698 1591 1854 1666 ambigua

490 1679 604 1742 discuti.
650 1678 809 1755 Splendide
842 1697 888 1740 me
922 1679 1047 1740 iabnleri
1076 1680 1211 1756 putabis;
1243 1687 1274 1742 at
1304 1698 1360 1757 ege
1388 1682 1418 1738 in
1448 1680 1545 1759 styria
1577 1681 1633 1740 ieci
1662 1679 1853 1756 perieulum:

489 1765 609 1829 ascendi
633 1768 711 1826 enim
734 1765 808 1826 duos
831 1774 945 1828 montes
968 1773 998 1826 et
1020 1774 1175 1842 utrumque
1196 1784 1232 1827 ex
1253 1759 1346 1828 altero
1369 1767 1494 1844 librari3
1516 1769 1616 1828 inveni
1638 1768 1854 1827 curvationem

490 1855 571 1932 globi
595 1855 700 1914 terreni
727 1856 764 1914 19
788 1855 975 1926 minutorum,
999 1853 1185 1914 interuallum
1207 1856 1417 1916 sennensem
1433 1856 1451 1914 5
1467 1855 1642 1938 milliarium
1679 1852 1749 1913 Hoc
1774 1869 1854 1912 vero

490 1958 549 2001 nou
571 1958 636 2000 sum
659 1957 778 2000 mensus
801 1941 1001 2002 instrumentis
1025 1944 1156 2016 nunriis,
1183 1948 1219 2002 ut
1238 1945 1429 2018 potuissem,
1447 1942 1526 2020 quod
1547 1941 1643 2002 seium
1665 1940 1752 2002 deest
1776 1956 1853 2018 per-

491 2029 610 2089 lectioni
632 2027 768 2105 exempli.

584 2113 773 2176 Probabilem
795 2116 947 2200 existimes
969 2118 1144 2176 senteutiam
1160 2116 1285 2178 Tbereti
1306 2134 1343 2178 ex
1358 2133 1403 2189 eo,
1426 2115 1506 2194 quod
1522 2133 1643 2194 magnes
1665 2116 1745 2175 omni
1753 2121 1854 2192 parte

471 2204 537 2284 *sui
559 2201 654 2264 soleat
675 2203 805 2266 imbuere
820 2203 938 2263 isrnrm.
976 2205 1074 2280 Atque
1096 2203 1153 2264 boe
1166 2203 1240 2265 nibil
1254 2203 1364 2266 indicet
1386 2203 1422 2266 de
1442 2205 1536 2281 figura
1556 2221 1612 2264 sen
1623 2205 1774 2280 magnetis
1795 2218 1853 2262 sen

491 2289 613 2366 Terrae,
636 2289 688 2352 sed
711 2297 825 2350 tantum
847 2289 885 2352 de
907 2297 1012 2353 nature
1035 2293 1160 2366 virtutis,
1183 2309 1259 2368 quae
1281 2291 1381 2369 polum
1400 2294 1487 2368 petit3
1509 2290 1715 2368 qnodseilieet
1737 2289 1798 2350 illa
1821 2291 1852 2349 in

497 2385 607 2438 rentem
629 2380 794 2455 porrigatur
817 2377 955 2456 quodque
978 2381 1016 2438 sit
1038 2395 1105 2438 cum
1127 2396 1247 2456 corpore
1262 2380 1408 2456 magnetis
1423 2378 1591 2458 divisibilis,
1612 2381 1656 2440 sie
1669 2386 1704 2438 nt
1723 2379 1757 2437 iu
1783 2379 1852 2436 sin·

469 2555 473 2560 “
580 2553 626 2613 De
648 2552 810 2613 stadiorum
832 2571 968 2627 numero,
999 2570 1078 2630 quae
1099 2555 1150 2612 nni
1171 2553 1275 2631 gratim
1298 2552 1418 2631 coelesti
1440 2547 1623 2628 competunt,
1651 2567 1723 2611 sane
1746 2551 1852 2609 ineer-

493 2645 555 2698 tum
577 2646 660 2716 pute.
705 2639 780 2701 Nam
802 2657 861 2700 nen
884 2639 980 2701 solum
1002 2641 1038 2702 de
1061 2639 1147 2700 stadii
1171 2643 1335 2718 quantitate
1356 2640 1531 2712 dissentiunt
1551 2645 1680 2713 ueteres,
1703 2654 1758 2697 sen
1784 2636 1851 2696 dis-

492 2729 601 2790 sentire
623 2743 743 2790 necesse
765 2735 819 2803 est,
844 2745 910 2790 com
931 2728 1015 2806 pedis
1037 2744 1174 2788 mensura
1196 2741 1254 2790 neu
1275 2729 1363 2788 luent
1384 2744 1452 2801 una,
1474 2725 1527 2788 sed
1548 2728 1638 2786 etiam
1658 2725 1776 2784 lubrica
1800 2739 1849 2782 res

493 2823 553 2888 est,
584 2815 774 2878 determinare
804 2833 895 2876 unum
923 2815 1046 2894 gradum
1076 2815 1202 2878 coeleste
1230 2819 1259 2877 in
1283 2816 1387 2892 Terra3
1417 2831 1533 2891 semper
1559 2816 1636 2874 enlm
1664 2811 1701 2872 de
1728 2811 1851 2888 aliquot

492 2904 612 2963 minutis
636 2902 794 2980 dubitatur,
818 2921 894 2981 quae
917 2903 1026 2982 negligi
1048 2920 1108 2964 uon
1130 2903 1278 2978 deberent,
1301 2903 1426 2980 denique
1448 2903 1475 2960 si
1489 2903 1614 2962 maxime
1630 2901 1763 2960 sciantur
1787 2898 1848 2956 duo

492 2988 559 3052 loca
580 2991 704 3066 Terrae,
728 2992 758 3050 in
781 2993 889 3070 quibus
911 3001 956 3052 est
979 2989 1141 3052 differentia
1162 2993 1249 3052 unius
1270 2987 1380 3068 padus
1400 2989 1540 3066 praecise,
1564 2991 1597 3047 iu
1614 2988 1850 3064 septentrionem

492 3083 592 3138 tamen
613 3095 672 3138 non
694 3077 780 3138 facile
803 3080 896 3140 metiri
919 3095 1077 3154 possumus
1098 3077 1182 3138 illum
1202 3079 1310 3140 Terrae
1332 3085 1465 3148 tractum,
1487 3093 1601 3151 semper
1623 3077 1701 3136 enim
1722 3074 1849 3134 obstant

494 3172 547 3224 aut
573 3165 715 3238 flumina,
731 3173 782 3244 unt
810 3173 939 3238 montes,
962 3164 1072 3239 silvae,
1094 3164 1233 3243 paludes,
1257 3166 1321 3243 agri
1343 3165 1414 3226 culti
1436 3171 1490 3225 etc.
1536 3163 1636 3224 Ralert
1657 3161 1848 3222 cunstmsn-

493 3268 549 3312 nus
572 3254 779 3313 commentario
802 3270 890 3330 super
906 3252 1096 3330 Aliragsnum
1119 3249 1192 3334 (nisi
1212 3253 1288 3314 lerte
1308 3254 1374 3328 ipss
1387 3250 1574 3328 Allraganus,
1596 3249 1669 3309 liber
1683 3250 1762 3309 enim
1786 3263 1848 3307 uon

495 3345 540 3398 est
571 3337 609 3400 ed
641 3334 760 3420 manus)
785 3340 900 3402 Arabas
931 3357 1048 3418 quoque
1072 3338 1290 3402 Baldacbenses
1318 3341 1374 3400 snb
1399 3355 1467 3415 rege
1490 3337 1638 3398 Malmone
1666 3336 1735 3396 lenio
1757 3349 1850 3396 curae

494 3426 676 3500 incubuisse,
699 3435 732 3488 ut
754 3427 941 3490 emendarent
963 3427 1040 3488 hune
1061 3426 1224 3490 stadiorum
1246 3430 1275 3486 in
1298 3443 1357 3486 uno
1378 3425 1472 3502 pado
1493 3441 1654 3484 numerum
1892 3452 1895 3458 f

580 3511 714 3592 Rogatus
735 3515 798 3592 ipse
820 3523 889 3578 ante
910 3515 1060 3577 biennium
1074 3518 1113 3577 ab
1128 3513 1262 3577 Electore
1276 3514 1452 3586 Coloniensi,
1475 3515 1518 3572 sic
1538 3509 1683 3589 respondi,
1706 3517 1739 3570 ut
1753 3507 1850 3586 paulo

494 3601 589 3680 prius3
612 3599 649 3662 de
671 3601 763 3664 Terre
784 3603 921 3666 videlicet
942 3603 1091 3666 metienda
1111 3603 1175 3662 sine
1197 3604 1305 3664 iutuitu
1327 3600 1401 3662 coeli
1415 3619 1452 3661 ex
1467 3599 1590 3660 duorum
1604 3599 1735 3660 locorum
1750 3597 1849 3658 libra·

495 3690 575 3750 tiene
598 3695 707 3750 mutua.
754 3689 792 3750 Et
813 3691 938 3768 subjecit
960 3691 1024 3767 ipse
1049 3689 1273 3751 commoditates
1294 3689 1442 3762 loeemm,
1462 3689 1495 3755 ,si
1519 3688 1593 3748 bene
1613 3686 1747 3758 memini,
1778 3685 1851 3746 Me·

495 3775 633 3838 naebium
656 3785 685 3838 et
706 3777 890 3852 Freislngum
914 3776 1092 3855 appellauit,
1116 3793 1242 3853 quorum
1263 3776 1394 3838 locorum
1416 3793 1451 3835 ex
1475 3775 1625 3834 alterosiu
1647 3772 1770 3834 alterum
1792 3789 1851 3849 pa-

473 3871 559 3926 'teat
579 3871 750 3941 prospectus
773 3881 790 3925 e
812 3865 946 3927 fenestris
968 3863 1154 3942 palatiorum
1199 3863 1312 3941 Quodsi
1333 3862 1515 3944 interjectum
1537 3858 1723 3921 interuallum
1745 3868 1850 3938 sptem

497 3959 542 4014 est
564 3951 602 4012 ad
624 3951 803 4014 metiendum
824 3955 900 4031 pede
922 3952 1057 4014 Romane
1080 3955 1219 4031 antiquo,
1244 3952 1329 4029 cuius
1351 3967 1487 4012 mensura
1508 3955 1553 4008 est
1574 3948 1652 4008 latus
1674 3948 1742 4007 cubi
1764 3964 1851 4007 com·

491 4046 667 4118 ·putatnrum
683 4039 882 4102 Romanorum
905 4048 935 4102 et
956 4039 1099 4118 liquorem
1113 4042 1265 4101 lontannm
1282 4041 1322 4100 96
1343 4038 1482 4100 librarum
1494 4036 1576 4098 Rom
1598 4035 1755 4111 sapientis:
1780 4043 1851 4094 tune

496 4131 560 4208 ipse
582 4127 713 4206 spondeo
736 4129 953 4190 inclinationem
975 4135 1107 4189 mutuam
1130 4126 1400 4206 perpendiculomm
1423 4123 1640 4186 bdouacbiensis
1665 4127 1695 4182 et
1717 4123 1850 4182 Freieiu-

498 4217 597 4294 gensie
621 4224 723 4276 exacte
749 4219 936 4296 investigere.
982 4215 1049 4276 Hoc
1071 4223 1160 4292 paeto
1182 4223 1214 4276 et
1233 4212 1456 4291 cosmographia
1481 4213 1569 4272 luerit
1588 4209 1691 4286 adjuta
1722 4218 1753 4270 et
1775 4210 1850 4270 ratio

498 4319 701 4364 mensurarum
715 4307 903 4382 perpetuitati
921 4311 1100 4376 consecrata,
1122 4299 1268 4378 siquidem
1287 4301 1390 4362 literae
1414 4299 1704 4374 iuerlutperpetnae.
1751 4298 1849 4367 (comp.

498 4399 545 4460 111,
562 4413 587 4462 p.
605 4393 675 4456 458.)
1521 4440 1525 4447 .

583 4477 629 4538 Ac
651 4478 707 4536 etsi
736 4493 802 4537 mes
824 4475 898 4538 nibil
920 4479 1049 4549 interest,
1073 4492 1162 4552 qnam
1184 4477 1214 4534 iu
1229 4473 1348 4551 plagam
1363 4473 1558 4550 vergellinea
1576 4477 1751 4532 menesteus
1773 4468 1850 4529 duos

498 4567 597 4628 locos:
621 4565 767 4624 tamensi
790 4571 893 4642 postea
914 4581 966 4641 per
988 4563 1067 4622 bunc
1089 4561 1209 4622 medum
1237 4561 1388 4640 explorare
1411 4560 1554 4623 vellemus
1582 4560 1726 4634 rationem
1747 4556 1849 4618 dver-

469 4639 478 4660 '
499 4673 551 4718 sae
574 4653 725 4715 curvitatis
746 4649 898 4724 Telluris,
917 4651 1007 4728 idque
1030 4652 1108 4709 intra
1129 4667 1217 4709 unam
1238 4651 1403 4727 regionem,
1426 4654 1572 4725 oporteret
1592 4663 1664 4706 saue
1687 4644 1761 4706 duas
1783 4660 1848 4704 esse

502 4743 687 4820 operationes
710 4744 739 4800 et
760 4739 838 4805 linea
860 4737 951 4806 semel
974 4740 1003 4795 in
1028 4745 1160 4798 ausuum
1182 4736 1273 4800 semel
1297 4740 1325 4795 in
1349 4738 1489 4798 orientem
1512 4733 1631 4794 deberet
1650 4733 1770 4809 porrigi.

587 4825 646 4888 Sed
669 4825 780 4902 desino,
803 4843 955 4901 nunquam
977 4826 1063 4885 enim.
1079 4827 1181 4902 scripsi
1203 4825 1366 4901 longiorem
1381 4823 1544 4900 epistolam,
1567 4838 1655 4898 qnam
1676 4835 1744 4899 cum
1765 4820 1849 4878 initio

499 4915 674 4978 Novembris
705 4932 799 4976 essem
827 4930 967 4985 exorsus,
998 4913 1047 4971 vir
1076 4911 1181 4986 bodie,
1212 4916 1262 4972 at.
1285 4911 1459 4972 Novembris
1485 4909 1565 4968 linio.
1608 4908 1671 4968 Nec
1693 4909 1850 4984 quicquam

500 5011 652 5082 praeterea
674 5002 756 5062 edecl
778 5005 807 5062 in
830 5000 943 5062 modiis.
1497 5012 1499 5017 ·

588 5091 634 5151 Ex
660 5089 782 5152 aedibus
812 5089 883 5150 olim
906 5086 1100 5152 cramerieuis
1127 5103 1143 5151 a
1171 5087 1292 5162 regium
1317 5084 1500 5147 desultorum
1529 5078 1568 5140 id
1597 5088 1725 5158 pontem.
1773 5079 1848 5142 lieb.

501 5180 583 5258 Mag.
606 5178 642 5237 Τ.
1415 5171 1645 5252 officiosissimus

1284 5259 1319 5324 J.
1342 5257 1489 5337 miens,
1510 5255 1742 5320 musmonem
1791 5271 1817 5315 ’,
