4242 6384
530 775 593 835 252
941 772 983 827 De
1001 769 1266 842 configurationibus
1284 770 1463 827 Hermonicis.

531 958 561 1011 et
582 952 817 1025 somniatorinm;
846 951 941 1025 magis
962 949 1134 1027 increpandi
1157 948 1293 1008 videntur
1316 948 1521 1028 philosophiae
1544 951 1720 1029 professores
1741 948 1851 1023 celebres,

531 1041 581 1115 qui
604 1056 668 1097 cum
691 1040 833 1114 recipiant
853 1038 910 1097 boc
932 1038 970 1097 ab
995 1037 1153 1097 Aristotele
1176 1054 1238 1108 suo,
1263 1038 1354 1095 vitam
1379 1042 1559 1098 animantum
1588 1040 1800 1115 plantarumque
1819 1040 1851 1095 lo·

530 1127 594 1185 veri
616 1129 723 1184 virtute
737 1125 823 1197 Solle,
846 1143 905 1183 non
927 1125 1119 1202 perpendunt,
1141 1126 1251 1201 percipi
1269 1140 1338 1199 ergo
1354 1125 1392 1184 ab
1409 1126 1466 1185 illis
1481 1130 1621 1186 creaturis
1643 1128 1774 1184 virtutem
1789 1124 1854 1183 Solis.

532 1213 614 1272 Iners
637 1215 754 1271 omnino
778 1221 809 1271 et
830 1212 1014 1272 somnolenta
1036 1212 1231 1289 philosophia,
1257 1228 1333 1286 quae
1356 1215 1465 1289 patitur
1479 1212 1578 1274 Solem
1601 1216 1631 1271 in
1654 1214 1726 1273 baec
1747 1214 1856 1271 interiora

532 1318 638 1375 agere,
664 1308 695 1358 ut
716 1302 874 1359 statuarius
897 1303 959 1376 agit
980 1303 1009 1357 iu
1032 1303 1184 1359 materiam
1207 1301 1386 1373 exanimem,
1422 1318 1487 1361 curu
1510 1300 1627 1379 sculpta
1649 1300 1712 1359 Soli
1744 1308 1770 1358 et
1794 1299 1859 1357 caela

530 1396 560 1446 et
583 1388 722 1446 dolabras
745 1387 894 1449 desiniat
916 1390 1016 1446 omnia
1037 1389 1230 1451 instrumenta
1252 1402 1402 1461 corporea.
1449 1387 1566 1463 Quanto
1593 1387 1761 1463 vigilantior
1780 1386 1859 1461 pbilo-

531 1475 632 1551 sophis
659 1475 739 1535 bisce
768 1480 857 1550 poeta
878 1474 1172 1551 Virgilium-quanto
1200 1481 1229 1532 et
1258 1474 1440 1549 sapientiori
1471 1478 1521 1551 qui
1550 1494 1586 1537 ne
1614 1474 1725 1553 pluviis
1754 1460 1881 1549 quideml

532 1580 608 1638 quae
630 1569 700 1621 suut
721 1570 819 1621 tamen
843 1568 872 1622 et
893 1564 977 1637 ipsae
999 1580 1068 1638 pars
1091 1563 1239 1633 materiae,
1263 1564 1446 1621 transscribit
1470 1565 1576 1637 omnia,
1601 1562 1653 1623 ssd
1672 1558 1777 1621 'Penas'
1798 1563 1861 1619 sinus

533 1658 683 1725 comparat
703 1653 818 1727 premio
840 1652 977 1725 conjugis
994 1658 1037 1709 et
1060 1648 1311 1725 quidcumque,
1343 1648 1400 1707 hoc
1429 1657 1474 1708 est
1503 1652 1706 1727 percipientis,
1737 1648 1802 1724 quid
1820 1648 1881 1705 sibi,

532 1737 599 1810 liat,
629 1755 694 1796 cum
717 1730 870 1813 voluptate
899 1745 1039 1810 motuque
1063 1736 1168 1795 idoneo
1200 1736 1336 1793 maritum
1364 1735 1548 1812 adjuvantis,
1577 1754 1653 1813 quae
1677 1736 1775 1795 omnia
1801 1738 1861 1793 vitre

533 1832 602 1883 sunt
624 1824 734 1883 indicia
756 1828 942 1900 animamque
965 1830 1134 1901 supponunt
1157 1826 1185 1881 in
1209 1839 1328 1899 corpore
1352 1826 1483 1900 patienti.
1529 1826 1591 1885 Nec
1608 1826 1685 1883 enim
1700 1822 1783 1882 iacile
1797 1823 1863 1880 luerit

533 1910 613 1985 sou,
636 1911 777 1971 militibus
800 1912 913 1970 idoneis
936 1910 1091 1979 destituto,
1122 1910 1261 1969 invadere
1289 1926 1385 1968 arcem
1407 1911 1483 1971 banc
1506 1914 1651 1972 viscerum
1678 1912 1797 1981 Terrae,
1823 1910 1863 1965 nisi

535 2007 693 2058 concurrat
715 1994 814 2065 anima
835 1998 1058 2075 qualiscunque,
1083 1998 1188 2058 sedens
1211 2000 1298 2069 intus,
1322 2014 1387 2056 cum
1402 1996 1486 2059 bos‘te
1503 1999 1654 2059 colludens
1679 2002 1765 2074 eique
1786 2004 1864 2073 portes

535 2088 680 2162 aperiens.
726 2086 845 2154 Videas.
869 2085 1002 2146 laborare
1024 2086 1113 2162 hujus
1137 2084 1379 2145 considerationis
1393 2086 1528 2161 neglectu
1552 2104 1607 2147 ceu
1620 2094 1743 2147 veterno
1760 2084 1866 2160 quodam

535 2172 701 2249 plerosque,
725 2176 776 2250 qui
798 2173 847 2233 vel
868 2176 1018 2232 minimum
1050 2171 1228 2248 astrologiae
1251 2173 1397 2249 tribuunt3
1426 2174 1501 2233 adeo
1525 2173 1658 2251 quidem,
1691 2180 1726 2233 ut
1748 2188 1881 2231 comer-1

535 2263 625 2321 orirer
646 2278 719 2337 ego,
750 2263 801 2338 qui
829 2260 949 2319 modum
980 2260 1228 2333 demonstrabam,
1262 2276 1320 2334 quo
1350 2268 1523 2336 sequeretur
1551 2280 1587 2322 ex
1611 2268 1735 2339 aspectu
1766 2259 1867 2316 mutatio

534 2356 761 2425 tempestatum,
790 2351 927 2408 existeret
949 2351 994 2406 vir
1016 2349 1144 2420 celeber,
1174 2349 1224 2423 qui
1248 2354 1281 2405 ut
1302 2364 1349 2405 me
1371 2349 1510 2407 refutaret
1537 2366 1646 2425 magna
1668 2348 1867 2408 asseveratione

535 2436 743 2510 contendebat,
774 2436 941 2513 pluviarum
963 2438 1115 2495 materiam
1139 2433 1232 2510 (quod
1255 2450 1343 2509 supra
1364 2434 1414 2493 iol.
1440 2430 1502 2494 235
1526 2438 1554 2493 in
1578 2437 1669 2512 vulgo
1700 2438 1789 2495 etiam
1808 2432 1868 2490 ride·

534 2523 653 2599 bamus)
675 2522 831 2583 coelestem
854 2540 934 2596 esse,
957 2540 1053 2599 neque
1076 2531 1183 2595 mmen,
1206 2538 1243 2579 ne
1266 2524 1308 2579 sic
1332 2522 1458 2597 quidem,
1485 2523 1619 2596 docebat,
1644 2540 1704 2599 quo
1728 2520 1867 2599 pactoiat,

536 2617 568 2669 nt
591 2628 657 2670 cum
685 2628 801 2687 semper
828 2610 972 2670 inTerra
999 2616 1105 2670 coeant
1133 2608 1317 2686 planetarum
1340 2609 1429 2684 radii,
1460 2610 1579 2685 pluviae
1610 2619 1680 2670 tunc
1706 2613 1803 2687 potius
1831 2606 1868 2663 dc·

535 2698 643 2769 cidant,
666 2699 788 2775 siradii
811 2699 943 2758 binorum
958 2699 1143 2773 planetarum
1158 2697 1270 2754 iaciant
1282 2694 1421 2770 angulum
1439 2696 1504 2771 60⁰,
1528 2716 1615 2775 quam
1638 2700 1662 2757 si
1681 2694 1740 2757 59ο
1756 2704 1804 2756 aut
1821 2688 1868 2752 61⁰.

624 2786 686 2861 ligo
715 2803 786 2845 vcro
817 2794 885 2846 ante
913 2788 1011 2845 omnia
1038 2784 1089 2844 Jo.
1113 2784 1176 2842 Pici
1199 2780 1383 2843 Mirandulae
1408 2784 1530 2844 Comitis
1558 2786 1649 2845 libros
1672 2784 1762 2843 XlV.
1791 2792 1871 2863 contra

428 2927 431 2931 .
534 2872 725 2949 astrologiam
746 2873 818 2932 milri
839 2872 980 2949 legendos
1005 2874 1105 2932 censui
1128 2873 1324 2945 rationesque,
1348 2889 1421 2947 quas
1444 2874 1469 2931 is
1493 2874 1598 2950 cuique
1615 2874 1705 2949 capiti
1722 2874 1869 2948 opponeret

535 2960 741 3035 excutiendam
765 2978 822 3037 qua
843 2978 875 3020 ro
897 2962 1022 3032 iactum,
1055 2967 1168 3019 utnon
1191 2964 1304 3018 tantum
1329 2959 1511 3020 confirmarer
1533 2962 1562 3019 in
1587 2960 1776 3019 damnatione
1797 2956 1871 3033 pluri-

535 3066 648 3107 marum
670 3047 918 3124 superstitionum,
941 3047 993 3107 scd
1017 3049 1105 3106 etiam
1128 3048 1158 3103 in
1182 3045 1358 3121 quibusdam
1380 3064 1459 3106 nova
1482 3048 1554 3106 mibi
1575 3048 1627 3127 lux
1651 3048 1789 3118 oriretur,
1819 3042 1871 3100 dun

536 3136 597 3193 vim
619 3136 817 3211 objectionum
851 3138 961 3211 ingenii
984 3136 1170 3194 contentione
1203 3131 1362 3192 discutiens
1400 3152 1461 3193 rem
1483 3138 1577 3211 ipsam
1601 3137 1730 3211 penitius
1752 3128 1872 3204 introspi-

537 3223 660 3281 ciebam.
705 3222 842 3297 Denique
864 3223 933 3282 iecit
954 3221 1028 3281 liber
1049 3221 1099 3281 ille
1122 3219 1275 3280 refutando
1299 3220 1448 3295 nonnulla,
1473 3230 1505 3280 ut
1520 3224 1556 3281 iis
1580 3239 1635 3299 ego
1659 3222 1747 3281 fidem
1769 3218 1872 3279 adhibe·

424 3304 436 3313 ’
536 3326 617 3389 rem,
648 3310 756 3384 quibus
778 3316 865 3368 antea
883 3317 917 3368 ut
939 3308 1026 3367 iidem
1048 3308 1227 3383 derogatam,
1252 3306 1393 3383 astrologi
1420 3308 1603 3369 defendendo
1634 3310 1797 3369 effecerant.
1837 3302 1872 3360 Sic

536 3396 593 3455 luit
614 3414 681 3456 cum
703 3398 879 3472 aspectibus.
926 3396 999 3454 (lum
1022 3400 1100 3456 enim
1124 3413 1159 3455 ex
1181 3410 1241 3451 una
1262 3400 1345 3469 parte
1368 3400 1541 3473 respicerem
1563 3395 1602 3455 ad
1626 3394 1872 3456 constantissimam

538 3485 763 3559 experientiam.
788 3500 846 3542 non
870 3482 988 3559 quidem
1010 3485 1148 3558 nivibus,
1172 3488 1223 3539 aut
1247 3484 1357 3555 ventis,
1382 3492 1434 3543 aut
1460 3484 1625 3543 tonitrubus
1649 3484 1791 3559 aliisque.
1814 3494 1872 3552 quse

538 3570 707 3650 praedicere
727 3571 825 3637 ,solent
843 3570 1003 3646 astrologi,
1027 3573 1122 3630 sicin
1145 3568 1242 3645 specie
1265 3568 1400 3650 inhians,
1430 3570 1483 3632 sed
1505 3570 1681 3649 generaliter
1702 3566 1872 3630 animadver-

537 3666 612 3730 tens,
636 3666 745 3717 statum
767 3660 843 3716 aiiris
859 3676 1035 3734 quocunque
1050 3658 1138 3717 modo
1154 3657 1340 3729 commoveri,
1364 3660 1389 3715 si
1413 3667 1511 3719 essent
1526 3666 1670 3735 aspectus,
1695 3660 1778 3718 verbi
1794 3667 1873 3719 causa,

537 3749 565 3805 si
587 3753 685 3806 essent
706 3746 856 3821 conjuncti
876 3746 957 3804 Mars
980 3754 1010 3806 et
1032 3744 1158 3823 Jupiter,
1183 3744 1342 3819 quiescere,
1366 3746 1390 3802 si
1411 3764 1468 3805 non
1485 3745 1698 3819 essent;*)›cr
1715 3746 1805 3805 altera
1819 3752 1873 3797 veri

538 3840 622 3910 parte
655 3832 893 3892 Mirandulanum
916 3832 1063 3908 audirem,
1099 3837 1300 3908 quaerentem:
1335 3848 1424 3905 quare
1458 3836 1556 3911 potius
1583 3832 1695 3905 credat,
1733 3832 1834 3892 Jovsm
1853 3830 1873 3881 cl

453 3979 455 3984 .
539 3920 680 3993 Martem,
704 3934 770 3979 cum
792 3920 929 3981 videntur
951 3922 1038 3979 sunni
1061 3938 1134 3985 esse.
1157 3918 1270 3992 majora
1292 3917 1402 3992 lacera,
1437 3940 1524 3997 qnam
1554 3938 1620 3979 cum
1643 3928 1711 3979 sunt
1741 3908 1874 3994 separatil

540 4009 650 4085 quippe
673 4008 877 4083 conjunctione
901 4025 960 4067 oon
982 4011 1083 4085 augeri
1107 4008 1231 4076 lumina,
1263 4013 1404 4079 quantum
1429 4012 1505 4068 enlm
1534 4008 1728 4084 possederant
1757 3999 1874 4079 separati,

540 4086 653 4155 tantum
678 4097 778 4155 afferre
801 4100 830 4153 in
853 4114 1053 4172 congressum,
1079 4094 1184 4172 quodsi
1209 4091 1390 4151 diversarum
1411 4096 1586 4171 qualitatum
1614 4094 1753 4171 planetae
1775 4092 1874 4151 corros

540 4181 634 4241 videri
656 4183 780 4242 alterum
803 4185 842 4242 ab
864 4183 957 4243 altero
979 4187 1078 4261 potius
1102 4179 1251 4257 impediri3
1276 4177 1323 4237 hic
1345 4181 1464 4255 inquam
1482 4200 1536 4259 ego
1559 4186 1778 4260 responsionem
1801 4189 1875 4252 quac·

498 4316 501 4321 .
541 4270 624 4343 rens',
655 4276 688 4329 ut
710 4278 846 4344 aspectus
867 4278 977 4343 tuerer,
1010 4272 1047 4329 ad
1072 4286 1145 4346 quos
1169 4274 1299 4324 meteora
1322 4272 1405 4343 sequi
1430 4270 1584 4342 videbam,
1621 4270 1747 4347 primum
1769 4264 1829 4324 illos
1851 4264 1876 4315 ul

541 4349 670 4429 cauum,
694 4355 799 4414 deinde
821 4356 894 4416 baec
917 4366 949 4415 ut
971 4358 1107 4417 effectum
1124 4350 1292 4429 diligentius
1308 4356 1490 4417 considerare
1513 4358 1607 4432 coepi.
1652 4346 1799 4433 Aspectus
1814 4348 1875 4407 enim

541 4444 645 4516 torma,
669 4435 745 4517 qua'e
768 4454 805 4501 ex
820 4443 1049 4520 configuratione
1073 4444 1120 4504 vel
1137 4438 1327 4515 angulatione
1343 4447 1509 4516 promiscua
1525 4452 1675 4521 aspectum
1697 4445 1775 4516 iacit,
1798 4450 1875 4515 quen·

542 4533 612 4591 titas
635 4530 813 4606 qualitativa
836 4538 911 4603 erat,
941 4534 999 4590 imo
1028 4532 1132 4591 relatio
1155 4528 1258 4587 talium
1282 4533 1477 4601 quantitatum
1509 4540 1587 4605 erat,
1619 4550 1671 4591 ens
1700 4549 1741 4591 sc.
1765 4523 1874 4585 rationis·

542 4615 584 4679 Ut
604 4620 695 4695 igitur
717 4625 914 4678 commoveret
937 4622 1042 4691 adrem,
1067 4616 1236 4695 oportebat,
1271 4622 1304 4670 ut
1325 4620 1467 4678 rationem
1501 4618 1630 4695 aliquam
1652 4620 1733 4695 prius
1754 4616 1874 4673 moveret

543 4722 621 4782 quae
642 4706 691 4763 vol
711 4708 820 4778 adrem,
844 4703 945 4780 velid,
968 4723 1027 4781 quo
1050 4709 1076 4763 is
1099 4704 1240 4773 turbatur,
1265 4702 1293 4755 in
1309 4712 1457 4776 potestate
1473 4704 1572 4765 habet.
1619 4704 1712 4765 Simul
1736 4706 1775 4763 ob
1793 4694 1874 4759 oculos

495 4796 498 4801 '
543 4794 718 4851 versabatur
739 4796 919 4869 comparatio
942 4797 1111 4870 aspectuum
1135 4808 1200 4850 cum
1222 4790 1437 4852 concordantiis
1458 4794 1586 4868 musicis,
1609 4792 1808 4851 aPtolemaeo
1828 4792 1874 4840 tra·

544 4879 620 4953 dita,
648 4879 825 4943 aCerdano
858 4881 1019 4957 explicata,
1051 4898 1071 4939 a
1092 4874 1299 4937 Mirandulano
1322 4896 1392 4938 vero
1420 4882 1506 4965 nimis
1529 4890 1637 4941 temere
1653 4871 1800 4956 'explosa
1828 4882 1873 4943 ulti

545 4967 684 5045 analogia
710 4968 866 5045 plurimum
896 4988 960 5027 sum
987 4970 1108 5044 adjutus
1145 4970 1173 5025 iu
1203 4972 1357 5025 causarum
1389 4968 1589 5045 indagatione.
1641 4968 1715 5027 Nam
1744 4964 1872 5041 'pleraque

623 5160 647 5211 ‘)
660 5161 720 5203 (lere
739 5164 913 5213 ambiguitatem.
942 5162 977 5203 Ad
997 5158 1092 5204 sileatur
1112 5155 1221 5202 meteoros
1242 5163 1379 5211 generaliter
1399 5160 1535 5200 concurrunt
1555 5160 1662 5209 aspectus
1683 5157 1743 5196 inter
1756 5156 1836 5193 caesui
1855 5144 1872 5180 ¹¹

545 5213 642 5263 tllqnsm
656 5217 744 5267 longam
758 5221 844 5267 putem
863 5218 916 5257 anni
939 5217 1033 5267 alasque
1047 5216 1179 5265 qualitatem
1193 5217 1319 5257 continuam
1340 5218 1364 5254 st
1377 5213 1510 5261 generalem
1524 5214 1633 5263 aspectus
1647 5209 1770 5260 quotietanl
1783 5206 1869 5245 nouem⁶

546 5268 639 5317 santur,
654 5264 695 5313 ssd
708 5272 779 5320 munt
791 5272 815 5311 ln
828 5270 877 5312 tilae
892 5271 978 5310 tanturn
993 5270 1109 5319 singulos,
1123 5268 1146 5308 iu
1161 5279 1217 5321 quos
1231 5268 1340 5310 incidunt.
1368 5266 1425 5307 vrso
1439 5265 1505 5308 mua.
