4242 6384
1468 667 1494 726 θ

460 792 501 855 pp
899 774 1120 871 nslfigmarnm
1136 776 1361 841 monam

459 957 731 1097 oommmsrirexbiiggs
748 970 786 1013 sc.
803 952 865 1013 sola
880 955 1016 1027 porcum,
1035 954 1071 1011 sd
1087 954 1196 1012 tardum
1213 954 1344 1028 sequen,
1362 960 1423 1019 sola
1439 960 1563 1033 munda
1579 958 1825 1021 commensurabi-

458 1045 513 1103 lcm
565 1057 600 1098 uc
722 1044 739 1101 l.

530 1041 604 1178 (gn
628 1125 685 1176 tros
706 1116 784 1186 bigae
801 1113 904 1185 duplici
922 1128 1023 1183 genere
1046 1112 1189 1185 pianornm
1206 1111 1348 1175 demetra
1365 1119 1495 1179 Euclides
1520 1122 1555 1182 ob
1581 1122 1610 1178 id
1635 1120 1826 1193 potissimum

460 1206 543 1265 docet
557 1199 685 1266 moenita,
703 1197 768 1268 qnia
783 1194 888 1253 faciunt
903 1192 940 1248 ad
957 1192 1181 1264 compositionem
1193 1199 1222 1249 et
1233 1198 1452 1259 constitutionem
1465 1200 1616 1273 specierum
1628 1200 1826 1273 sumentium.

457 1333 460 1338 ,
548 1274 623 1338 XX
646 1272 845 1335 Definitio.
889 1268 967 1346 Ergo
988 1268 1131 1329 scientiae
1153 1268 1262 1347 gradus
1285 1279 1407 1337 nomene
1428 1294 1476 1340 er.
1486 1278 1654 1357 praemissis
1674 1278 1827 1355 interpo-

461 1369 526 1431 sitIe
560 1361 707 1426 derivatur
739 1366 841 1437 estque
874 1356 1019 1417 linemum
1048 1356 1153 1420 iterum
1179 1358 1387 1440 singularium,
1415 1364 1468 1427 sed
1495 1384 1571 1444 qnae
1598 1367 1826 1445 compositione

462 1442 586 1519 dnoimn
607 1450 768 1525 nominum,
791 1463 832 1508 sc
856 1443 981 1507 duarum
1002 1443 1205 1522 copulatarum
1227 1463 1264 1507 ex
1285 1451 1529 1527 praecedentibus
1544 1453 1666 1533 copulis,
1689 1452 1749 1516 vel
1765 1453 1828 1514 αὶ)-

462 1545 620 1608 abactione
642 1539 744 1612 unius,
767 1534 996 1615 epbarmocnsae
1019 1531 1129 1609 dictae,
1153 1533 1191 1595 ab
1214 1533 1307 1599 altera
1327 1542 1422 1617 socia,
1445 1544 1677 1619 constituuntur,
1702 1558 1828 1605 novam

463 1632 593 1712 speciem
614 1627 765 1689 facientes.
796 1619 838 1685 Ut
859 1624 903 1685 sio
924 1623 954 1683 in
977 1620 1024 1681 bis
1046 1622 1173 1683 sciamus
1195 1638 1250 1684 seu
1271 1642 1472 1694 mensuremus
1487 1631 1690 1709 nonintegras
1708 1630 1826 1705 lineas,

462 1737 522 1781 non
544 1720 723 1794 integrarum
747 1710 907 1791 quadrata,
930 1725 991 1770 non
1011 1709 1082 1771 bina
1103 1710 1334 1791 uniuscujusque
1355 1716 1491 1793 nomina,
1513 1718 1566 1781 sed
1587 1735 1689 1781 eornm
1711 1718 1830 1796 juncta

443 1844 446 1850 ·
462 1805 608 1887 quadrata
628 1808 659 1865 et
680 1817 833 1864 commune
853 1796 1064 1875 reccaredum,
1087 1804 1120 1858 nt
1133 1798 1374 1877 praecedentibus
1388 1802 1506 1867 XVIII.
1522 1804 1614 1871 XIX.
1651 1794 1690 1867 Et
1706 1824 1827 1884 quam·

462 1899 509 1957 sis
531 1891 654 1957 totidem
675 1890 816 1951 emendae
837 1885 946 1967 gradm
967 1902 1120 1947 numerare
1142 1903 1310 1973 possemus,
1341 1901 1414 1970 quot
1442 1901 1512 1957 sunt
1542 1894 1657 1955 futurae
1687 1894 1826 1973 species,

464 2000 588 2063 quarum
608 1995 724 2058 semper
744 1978 824 2056 prior
847 1980 893 2037 est
912 1974 1074 2053 posteriora
1097 1974 1237 2051 nobilior,
1261 1978 1331 2055 quia
1353 1986 1451 2046 nmen
1474 1981 1623 2061 quaelibet
1636 1983 1843 2061 composicio,

463 2071 513 2133 vel
535 2069 697 2132 abstractio
719 2063 759 2125 ad
780 2081 865 2124 snum
887 2060 1010 2141 padum
1032 2064 1163 2140 respicit,
1194 2080 1249 2125 nec
1274 2066 1339 2143 ipso
1362 2070 1583 2149 compositionis
1605 2070 1654 2131 vel
1676 2070 1827 2131 abstrac-

463 2161 553 2220 tionis
576 2172 665 2235 opere
687 2152 875 2215 constituitur
896 2149 959 2211 ulla
981 2148 1150 2227 diversitas,
1183 2148 1236 2213 sed
1269 2168 1370 2242 omnes
1396 2174 1428 2219 se
1457 2156 1568 2219 babent
1596 2175 1633 2225 er
1654 2172 1759 2235 aequo
1785 2154 1826 2217 ad

464 2265 534 2309 suas
556 2245 707 2307 nomionm
728 2258 782 2303 sen
804 2239 1015 2302 elementorum
1035 2238 1138 2315 bigas:
1170 2236 1237 2301 ideo
1266 2258 1357 2303 nnnm
1379 2244 1475 2309 soinrn
1497 2263 1598 2311 earnm
1618 2244 1750 2325 gradum
1774 2244 1826 2309 ia·

463 2337 582 2409 olemus,
611 2329 664 2394 sed
686 2330 800 2409 speeies
822 2329 886 2406 ejus
908 2328 1036 2391 solamne
1057 2326 1212 2389 nobiIItate
1235 2327 1396 2393 distinctae.
1645 2372 1650 2383 .

552 2420 644 2498 XXI.
666 2418 866 2495 Propositi
877 2430 904 2503 o.
947 2412 1107 2475 Sciendum
1130 2420 1175 2475 est
1197 2422 1312 2493 antem,
1335 2435 1372 2480 ex
1394 2418 1509 2485 duabus
1530 2422 1606 2486 inter
1627 2439 1659 2484 se
1681 2411 1827 2499 longitu-

465 2510 533 2573 dino
555 2504 867 2571 commensurabilibus
888 2500 962 2563 nibil
983 2501 1062 2578 fieri,
1093 2501 1173 2580 quod
1200 2502 1250 2566 bio
1275 2508 1305 2565 in
1329 2524 1447 2571 censum
1470 2512 1571 2587 venire
1594 2509 1719 2573 debeata
1756 2511 1825 2577 sive

463 2597 595 2663 effabiles
618 2596 687 2658 illae
708 2594 833 2668 fuerunt,
857 2594 922 2653 sive
944 2607 1053 2664 mesae,
1076 2592 1140 2655 sive
1162 2586 1360 2669 ignobiliores.
1389 2664 1391 2671 Ι

550 2681 621 2739 Nam
639 2680 663 2735 si
680 2675 937 2735 commensurabiles
953 2673 1135 2742 longitudine,
1161 2680 1221 2731 tota
1242 2676 1323 2749 etiam
1344 2692 1378 2735 ex
1401 2678 1434 2735 iis
1453 2680 1604 2751 compositu
1621 2679 1673 2736 erit
1690 2678 1824 2753 partibus

463 2756 720 2820 commensurabilia.
755 2755 840 2826 Atqui
869 2768 940 2827 qnae
966 2750 1068 2808 effsblii
1094 2760 1338 2819 commensuratur.
1366 2756 1481 2815 effabilis
1499 2764 1554 2826 est,
1577 2774 1627 2831 per
1644 2758 1825 2820 definitiones

463 2844 528 2897 ante
544 2838 578 2895 X.
596 2838 642 2895 20.
660 2834 738 2893 sud.
774 2833 851 2904 Quae
868 2848 933 2889 vero
950 2847 1043 2887 mesae
1060 2834 1319 2907 commensurabilis,
1338 2843 1381 2895 est
1397 2852 1471 2893 mese
1488 2853 1539 2909 per
1555 2838 1598 2896 24.
1616 2831 1752 2908 ejusdem.
1785 2838 1825 2893 Iit

463 2935 534 2992 quae
551 2918 650 2989 cuique
667 2930 702 2971 ex
715 2914 774 2984 jam
791 2911 926 2970 secuturis
943 2908 1127 2969 ineffabilibus
1143 2918 1209 2983 post
1224 2928 1314 2971 mesas
1333 2910 1601 2983 commensurabilis,
1611 2916 1737 2987 ejusdem
1758 2912 1823 2974 eum

462 3001 512 3057 1112
528 2996 630 3071 specim
647 2999 704 3059 eet,
730 3006 782 3062 per
799 2990 918 3057 eft-rb,
945 2990 1092 3047 103-107.
1128 2992 1167 3049 lit
1189 2992 1229 3049 sic
1246 3000 1289 3051 est
1304 2995 1388 3052 etiam
1406 3010 1468 3051 cnm
1485 2994 1546 3051 aliis
1566 2995 1710 3065 speciebus
1730 3010 1823 3053 remo

463 3078 589 3145 rioribus,
606 3074 641 3131 ab
658 3071 774 3129 Euclide
789 3086 846 3125 non
863 3071 1088 3140 commemoratis,
1107 3087 1177 3141 quae
1195 3073 1295 3143 padus
1312 3075 1471 3130 remotiores
1483 3073 1596 3131 faciunt.
1623 3074 1665 3131 dc
1682 3072 1738 3130 etsi
1757 3086 1822 3129 cnm

463 3160 498 3217 iis
514 3173 570 3213 non
586 3154 627 3211 ita
641 3158 730 3217 esset,
755 3150 786 3207 id
801 3156 892 3207 umen
909 3148 945 3203 ad
970 3164 1022 3205 nos
1039 3147 1107 3208 nibil
1133 3148 1260 3221 pertinet.
1294 3152 1351 3209 dut
1368 3154 1440 3211 enim
1464 3153 1591 3212 recidunt
1607 3154 1636 3209 in
1653 3168 1738 3213 unam
1758 3167 1823 3224 spe·

465 3238 582 3303 ciarum,
600 3230 742 3302 quaejam
759 3228 954 3286 constituemus
971 3243 1006 3284 ex
1022 3227 1353 3299 incommensurabilibus‚
1371 3233 1456 3291 etsie
1473 3250 1528 3291 non
1546 3240 1648 3303 augent
1663 3248 1822 3303 numerum,

331 3326 337 3343 ¹
463 3321 514 3372 ant
529 3312 634 3372 iaciunt
650 3308 756 3381 species
773 3303 947 3379 lgnobiliores
964 3306 1008 3363 sel
1024 3307 1069 3363 sui
1086 3306 1129 3365 ecl
1146 3307 1259 3367 alterins
1276 3310 1392 3383 generis,
1411 3317 1440 3368 ei
1451 3311 1492 3370 sie
1508 3328 1564 3369 non
1575 3318 1641 3371 sunt
1651 3312 1736 3383 bipes
1756 3312 1821 3382 loni,

464 3393 513 3452 ubi
529 3392 629 3463 gradus
647 3389 775 3446 struimm
793 3386 948 3458 praemissis
965 3385 1103 3457 proximos
1121 3386 1271 3445 nobilitate.

436 3544 440 3550 ῃ
553 3464 661 3527 XXII.
684 3463 894 3525 Definitio.
938 3460 1131 3522 Transmiseis
1153 3462 1241 3541 igitur
1262 3464 1314 3542 iis,
1338 3482 1414 3545 quae
1437 3473 1505 3529 sunt
1526 3462 1710 3545 longitndine
1733 3483 1821 3528 eom·

464 3553 691 3634 mensurabiles,
721 3548 896 3612 accedamus
925 3548 963 3611 ad
992 3566 1056 3623 eas,
1087 3563 1164 3627 qnae
1191 3548 1257 3611 sols
1277 3556 1411 3633 potentia
1435 3563 1505 3617 sunt
1527 3554 1819 3619 commensurabiles.

463 3645 558 3724 igitur
572 3645 597 3703 si
613 3646 825 3719 componantur
838 3637 914 3699 tales
929 3637 1005 3699 duae
1020 3636 1161 3715 affabiles,
1183 3636 1217 3698 flt
1230 3639 1455 3723 binominis:
1479 3645 1523 3703 sin
1539 3642 1757 3719 abstrahantur,
1785 3658 1822 3702 ex

464 3732 565 3793 relicto
587 3730 621 3790 iit
643 3734 838 3810 apotome:
861 3727 1013 3803 utriusque
1035 3742 1088 3786 sex
1110 3732 1178 3786 sunt
1200 3728 1313 3805 species
1335 3728 1543 3792 subordinatas
1565 3730 1619 3809 (X.
1644 3732 1694 3791 84.
1719 3726 1798 3810 85.).

543 3817 603 3879 .an
625 3824 724 3878 antem
746 3816 821 3881 tales
843 3813 921 3876 duae
942 3830 1041 3875 mesae
1064 3824 1283 3893 componuntnr,
1307 3824 1360 3879 ant
1382 3818 1497 3881 effabile
1519 3819 1676 3883 formantes
1698 3826 1821 3879 rectan-

464 3904 567 3987 gu'ium
586 3914 641 3972 ant
654 3922 774 3966 meson:
797 3900 872 3965 bunt
886 3904 1097 3982 compositione
1120 3902 1360 3984 bimedialas,
1384 3907 1580 3969 abstractione
1596 3924 1691 3970 meses
1707 3912 1820 3985 apoto·

364 4016 367 4028 ·
463 4014 539 4073 mae,
561 3995 624 4061 illio
644 3996 765 4073 priores,
787 3992 837 4054 bio
858 3994 1034 4071 posteriores
1056 3994 1290 4071 cognominatae.

549 4082 610 4145 Hic
631 4083 809 4167 conjungere
830 4098 890 4142 non
911 4080 982 4143 licet
1003 4079 1150 4141 affabilem
1173 4097 1238 4142 cnm
1260 4098 1354 4149 mese:
1368 4087 1447 4165 fsnnt
1461 4082 1538 4145 enim
1554 4080 1628 4145 tales
1643 4076 1720 4143 sinae
1743 4082 1818 4143 sim·

463 4170 579 4253 pliciter
594 4168 916 4246 immensurabiles,
939 4169 975 4231 de
998 4185 1057 4248 qno
1080 4186 1186 4247 genere
1204 4168 1268 4247 jam
1290 4171 1322 4229 in
1342 4172 1476 4247 sequenti
1498 4168 1644 4248 agendum
1667 4176 1721 4231 eat.
1770 4251 1772 4253 Ι

550 4256 673 4319 ΧΧΙΠ.
695 4257 768 4319 Pro
775 4259 935 4337 positio.
978 4256 1104 4319 Restant
1126 4258 1215 4334 igitur
1236 4257 1325 4337 plane
1346 4258 1420 4320 inter
1442 4275 1474 4320 se
1495 4254 1815 4336 incommensurabiles.

380 4383 384 4391 -
464 4348 510 4409 lix
532 4348 569 4407 iis
591 4362 663 4407 sero
685 4344 803 4424 adquae
824 4345 912 4423 bIgae
933 4346 1092 4429 requisitos
1121 4344 1240 4405 effectus
1268 4352 1417 4423 praestan
1434 4362 1498 4409 ¹non
1520 4354 1662 4425 possunt,
1692 4352 1726 4406 nt
1747 4348 1817 4405 sunt

464 4436 552 4498 binae
574 4450 682 4506 mesae,
705 4434 776 4495 item
798 4450 959 4503 noemma
982 4450 1050 4494 cum
1070 4450 1130 4495 una
1152 4431 1270 4495 eiiabiii.

533 4516 617 4589 ,Iliae
635 4516 744 4588 quidem
761 4521 873 4588 propter
893 4515 974 4585 bigae
990 4515 1200 4588 ignobilitatem,
1224 4516 1294 4571 istae
1317 4530 1381 4573 sero
1404 4521 1518 4589 propter
1539 4530 1604 4573 suas
1627 4514 1815 4587 discrepantes

463 4604 583 4658 miurus.
617 4594 688 4653 Vide
704 4596 738 4653 X.
757 4596 800 4652 Vi.
820 4596 878 4654 108.
895 4596 955 4653 109.
975 4597 1052 4652 Encl.
1088 4596 1172 4653 Nulla
1197 4596 1280 4667 igitur
1297 4596 1402 4668 species
1420 4595 1624 4669 compositionIs
1641 4596 1705 4651 bine
1722 4597 1814 4667 potest

463 4676 578 4748 mosaei,
595 4677 760 4746 restmtque'
771 4673 851 4733 nobis
867 4673 1172 4747 ignobilioresgtantnm,
1191 4674 1309 4734 exclusis
1327 4682 1356 4733 et
1373 4676 1525 4736 effabilibus
1544 4682 1571 4731 et
1588 4674 1680 4733 neeis.

550 4765 671 4830 XXIV.
694 4765 925 4845 Propositio.
961 4767 1007 4828 Ex
1028 4768 1099 4847 biga
1121 4786 1191 4831 sero
1213 4772 1308 4847 prima
1328 4768 1432 4831 talium
1454 4767 1541 4846 piane
1564 4769 1814 4829 incommensura-

463 4854 578 4931 biiium,
601 4873 642 4919 sc
666 4871 744 4933 qnae
766 4860 836 4933 sunt
849 4855 886 4935 ⁶in
907 4857 1070 4932 praemissa
1090 4856 1192 4924 XVII.
1215 4856 1334 4919 scibiles
1356 4855 1449 4934 gradu
1472 4858 1588 4933 qulnto,
1612 4848 1813 4934 e'omponendo

464 4942 699 5007 abstrahendove
721 4956 836 5003 rursum
857 4943 988 5003 nuscitur
1010 4944 1149 5022 effabilis3
1171 4952 1298 5023 annique
1319 4946 1495 5005 necessario
1508 4944 1665 5003 binominis
1688 4948 1718 5003 et
1739 4955 1813 5019 apo-

464 5039 552 5109 tome,
567 5030 636 5095 vide
654 5028 696 5091 X.
716 5032 787 5093 112.
807 5031 878 5091 113.
898 5033 969 5090 114.
990 5030 1130 5095 Euclidis.
1169 5030 1209 5095 Ut
1221 5034 1247 5095 si
1270 5039 1300 5095 et
1321 5049 1435 5093 summa
1457 5030 1665 5109 quadratorum
1686 5027 1812 5091 binomi-

460 5124 511 5182 'nir
533 5128 564 5182 et
585 5126 754 5197 apotomes,
786 5123 816 5179 et
838 5133 991 5181 commune
1013 5118 1217 5198 reciangnlum
1244 5108 1304 5183 iliis
1326 5126 1372 5183 est
1394 5118 1525 5195 effabile,
1555 5124 1671 5198 oportet
1693 5116 1811 5181 nomina

464 5201 586 5288 singulti
605 5207 693 5268 nnius
714 5194 882 5270 nornibiiins
901 5205 1027 5285 singuiis
1049 5207 1170 5271 elterim
1196 5226 1260 5275 esse
1282 5206 1571 5287 commensurabilia,
1599 5204 1680 5291 qnod
1700 5220 1758 5272 non
1779 5200 1810 5269 iii

463 5300 495 5365 in
517 5294 652 5360 omnibns
672 5294 871 5382 bnoninbne
893 5301 930 5363 et·
945 5294 1100 5379 apotomia
