4242 6384
494 841 535 904 23
867 827 1010 906 Epistolae
1026 835 1140 907 liepleri
1156 837 1325 908 aliorumque
1340 844 1451 895 mutnae

497 1013 571 1074 nihil
593 1013 680 1091 hujus
701 1016 731 1074 in
754 1031 810 1076 ιιιιι
831 1014 921 1075 inisse
942 1021 1144 1094 praeterquam
1166 1023 1309 1089 octavam,
1340 1021 1374 1077 nt
1397 1033 1462 1078 cnm
1486 1019 1568 1097 pueri
1587 1023 1619 1079 at
1638 1018 1695 1078 riri
1715 1016 1841 1079 eandem

496 1102 653 1163 melodiam
675 1110 790 1178 canunt,
813 1101 855 1161 illi
877 1109 964 1163 acute
984 1103 1015 1162 hi
1037 1106 1121 1182 graui
1142 1122 1224 1165 vom.

603 1191 682 1249 Dum
703 1189 777 1252 hacc
798 1189 909 1264 acribo,
940 1189 1041 1252 incidit
1068 1192 1139 1251 mihi
1161 1189 1312 1269 despoton
1331 1213 1359 1251 u
1378 1188 1529 1271 deponas,
1560 1192 1751 1270 reprehensae
1773 1210 1840 1254 esse

499 1276 719 1354 Pythagoream
741 1296 760 1338 a
781 1279 879 1337 nescio
901 1293 975 1354 quo,
1008 1279 1088 1356 quod
1116 1279 1254 1355 neglecto.
1277 1281 1392 1338 aurium
1415 1279 1526 1356 judicio
1548 1280 1620 1339 eolis
1640 1283 1768 1342 numeris
1789 1283 1840 1340 in-

498 1363 645 1424 dulserint.
678 1364 725 1424 An
742 1363 772 1424 id
786 1364 860 1425 io'rte
874 1364 1060 1427 Ptolemaeus
1084 1367 1174 1428 dicit?
1196 1366 1243 1426 An
1265 1374 1311 1426 eet
1331 1366 1389 1426 hcc
1406 1367 1549 1444 judicium
1571 1369 1692 1445 practici
1713 1367 1841 1445 alicuine

495 1469 530 1511 ex
563 1453 737 1529 antiquitate
753 1453 885 1522 musici,
916 1456 1081 1530 quaerentia
1110 1454 1146 1514 de
1177 1454 1258 1514 lalcis
1286 1456 1416 1532 ipsorum
1444 1453 1732 1532 speculationihuai.
1752 1455 1840 1516 &rte

495 1537 572 1598 idem
600 1557 655 1616 ego
687 1539 790 1599 santio.
834 1538 985 1602 Hactenus
1016 1541 1134 1618 quidem
1161 1544 1252 1603 instar
1277 1545 1411 1603 torrentia
1441 1544 1539 1602 omnia
1568 1543 1704 1602 omuibus
1722 1545 1839 1618 miscui,

496 1644 563 1686 cum
586 1629 684 1686 omnia
705 1627 791 1686 simul
814 1635 1004 1688 occurrerant.
1040 1629 1134 1690 Dahis
1147 1629 1224 1690 hanc
1245 1627 1450 1707 inelegantiam
1473 1636 1561 1706 atque
1582 1628 1650 1690 inde
1671 1639 1840 1690 manantem

494 1715 702 1773 obscuritatem
723 1716 810 1790 genio
832 1733 898 1776 meo
914 1723 942 1774 ct
957 1719 1162 1795 properationi.
1196 1715 1343 1795 Epistolaa
1365 1718 1442 1778 enim
1464 1716 1653 1778 emseribere
1675 1717 1742 1778 ideo
1764 1719 1840 1776 mihi

491 1800 610 1862 diliicile
638 1808 695 1876 est,
725 1803 797 1878 quia
823 1801 853 1860 id
880 1802 1030 1880 hucusque
1059 1807 1198 1884 imperare
1224 1804 1297 1864 mihi
1316 1822 1382 1864 uon
1409 1805 1500 1882 potui.
1550 1803 1599 1863 Ita
1620 1823 1690 1882 roro
1712 1805 1841 1884 quilibet

492 1890 591 1950 virere
614 1895 705 1967 optat,
728 1891 771 1950 uti
793 1890 972 1950 assuefactus
995 1898 1048 1952 eat
1121 1942 1126 1950 .

593 1975 663 2036 Jam
684 1976 834 2056 principali
857 1980 976 2056 negotio
999 1979 1136 2057 expedito
1157 1979 1285 2038 breviter
1305 1976 1343 2037 ad
1365 1977 1479 2057 aliquot
1496 1980 1637 2058 epistolae
1653 1987 1722 2040 tuae
1738 1982 1839 2058 capita

492 2063 663 2142 respondeo.
707 2063 884 2125 Harmonice
913 2065 1097 2143 planetarum
1121 2068 1215 2126 motui
1241 2067 1345 2142 objicis
1367 2064 1796 2146 discrepantiam‘numerornm
1818 2086 1840 2126 a

494 2151 709 2229 Cepernicauie.
766 2153 891 2214 Causam
924 2171 989 2214 aem
1016 2154 1080 2230 iam
1110 2154 1222 2232 pridem
1254 2156 1302 2230 egi
1336 2157 1480 2231 capitibus
1510 2156 1624 2233 aliquot
1654 2154 1746 2214 libelli
1777 2157 1839 2214 mci

492 2241 665 2312 (Prodromi),
688 2241 893 2319 put018,19,
916 2239 953 2300 ad
977 2259 1052 2318 quae
1074 2242 1226 2302 brevitatis
1249 2257 1338 2302 causa
1359 2261 1497 2320 provoco.
1532 2241 1603 2303 Jam
1619 2251 1649 2305 et
1662 2243 1838 2304 auctoritate

490 2345 537 2388 me
561 2327 725 2388 defendam.
769 2327 885 2388 Etenim
906 2345 972 2388 cum
993 2331 1013 2386 ii
1036 2331 1161 2403 numeri,
1192 2330 1243 2405 qui
1271 2336 1339 2390 aunt
1366 2331 1396 2387 in
1417 2330 1519 2400 libello
1541 2349 1607 2392 meo
1630 2349 1694 2408 cap.
1718 2331 1770 2403 20,
1793 2332 1833 2388 21

491 2432 528 2474 ex
549 2416 680 2475 motihue
703 2417 839 2488 extructi,
863 2414 979 2493 longius
1001 2415 1098 2478 adhuc
1123 2415 1291 2490 recederent
1311 2434 1331 2474 a
1351 2416 1529 2496 Cnpemico,
1556 2418 1712 2479 noluerunt
1736 2423 1838 2476 amen

493 2501 619 2562 artifices
650 2501 799 2562 theorema
825 2507 923 2564 meum
954 2504 1086 2580 rejicere,
1116 2511 1280 2581 sperantes,
1312 2503 1373 2564 iore
1395 2512 1429 2565 ut
1450 2505 1628 2567 concilietur,
1676 2504 1747 2567 dam
1769 2521 1838 2563 cum

492 2589 620 2650 habeam
648 2607 783 2650 numeros
811 2589 904 2651 multo
935 2595 1101 2670 propiores,
1129 2591 1222 2652 multo
1253 2594 1341 2652 etiam
1370 2594 1511 2670 majorem
1539 2611 1621 2674 spem
1643 2593 1776 2671 concipio
1799 2590 1838 2652 de

494 2675 651 2740 concordia
672 2695 738 2740 cum
759 2679 960 2739 astronomicis
983 2680 1236 2740 observationibus
1257 2679 1422 2751 sancienda

578 2765 694 2827 Deinde
715 2771 883 2845 suspectum
904 2767 996 2828 habes
1018 2765 1162 2845 quidquid
1175 2786 1194 2826 a
1208 2769 1296 2845 priori
1318 2785 1356 2828 cx
1377 2770 1543 2846 suspicione
1564 2770 1662 2847 potius
1682 2767 1834 2845 accipitur,

489 2870 577 2931 quem
609 2853 830 2915 demonstratur.
874 2853 1005 2914 Primum
1035 2858 1150 2934 opinor,
1182 2871 1271 2934 supra
1299 2855 1691 2934 propositionibusneliqunt
1718 2856 1745 2913 si
1773 2870 1835 2912 non

487 2941 718 3018 adamantinam,
740 2948 772 3002 at
793 2948 891 3003 tamen
913 2950 991 3003 certo
1013 2945 1138 3022 proponi
1160 2941 1447 3020 demonstrationem,
1471 2961 1547 3021 qnae
1569 2961 1637 3015 cnm
1658 2948 1756 3003 careat
1777 2939 1835 3000 ad-

487 3033 615 3090 versario
637 3036 817 3106 argumento,
841 3046 892 3106 per
913 3045 945 3089 aa
967 3037 1034 3090 stat.
1080 3029 1193 3090 Deinde
1216 3047 1276 3090 non
1298 3033 1391 3090 omnis
1413 3033 1541 3110 suspicio
1562 3030 1637 3091 salsa
1658 3037 1712 3090 est
1755 3028 1834 3088 Nam

485 3115 573 3176 homo
597 3123 642 3179 est
662 3118 759 3196 imago
782 3115 939 3176 conditoris
961 3117 1081 3194 fierique
1096 3124 1202 3194 potest,
1224 3125 1258 3178 ut
1279 3120 1310 3176 in
1331 3118 1507 3195 quibusdam
1527 3119 1614 3180 rebus
1637 3117 1676 3177 ad
1698 3121 1833 3176 ornatum

486 3203 586 3262 mundi
608 3203 780 3265 iacientibus
802 3202 913 3263 homini
935 3203 1013 3264 idem
1035 3204 1181 3279 videatur,
1211 3204 1291 3281 quod
1312 3205 1400 3266 Deo.¹
1432 3205 1508 3266 Nam
1528 3205 1655 3266 mundus
1676 3204 1834 3282 participat

486 3293 664 3367 quantitate,
688 3298 718 3351 et
739 3307 821 3352 mens
843 3289 969 3351 hominis
991 3289 1048 3372 (res
1070 3293 1307 3370 supramuudana
1327 3294 1359 3353 in
1379 3289 1499 3374 mundo)
1521 3294 1593 3352 nihil
1614 3293 1721 3354 rectius
1742 3290 1833 3351 iutel-

485 3377 567 3457 ligit,
597 3395 699 3455 quam¹
715 3381 795 3456 ipsas
825 3379 1017 3454 quantitates,
1049 3381 1156 3457 quibua
1178 3379 1370 3458 percipiendis
1392 3380 1486 3445 lactus
1508 3381 1600 3442 rideri
1622 3386 1727 3458 potest.
1771 3377 1833 3438 Sed

486 3473 517 3526 at
537 3465 593 3528 hic'
607 3466 679 3526 mihi
700 3466 829 3544 suppetit
851 3470 1052 3528 anctoritatem
1075 3485 1112 3528 ex
1133 3467 1270 3543 Timaeo,
1292 3469 1344 3528 ubi
1364 3470 1543 3546 sentiuntur,
1565 3475 1662 3530 metus
1684 3466 1832 3528 coelorum

487 3555 572 3615 certia
596 3556 688 3632 loyca·
708 3551 913 3614 administrari.
935 3587 937 3592 ,

520 3639 523 3644 ’
577 3639 676 3716 Leges
698 3641 853 3703 musicales
875 3646 987 3718 septem
1009 3659 1098 3702 sensu
1119 3641 1257 3720 deprendi
1276 3643 1339 3719 jam
1358 3642 1495 3719 probavi,
1511 3644 1575 3702 aive
1597 3645 1694 3720 potius
1715 3643 1832 3717 monui;

485 3733 514 3789 et
528 3729 554 3788 si
568 3727 661 3788 addas
677 3729 832 3790 rethorum
846 3731 1053 3805 geometricam
1069 3729 1315 3805 dilucidationem,
1338 3730 1462 3809 probari
1476 3731 1638 3799 rationibus
1653 3731 1830 3790 certissimis.

484 3815 543 3876 Hic
573 3832 691 3894 quoque
720 3831 850 3894 provoco
877 3814 916 3875 ad
945 3824 1033 3894 ceput
1057 3819 1106 3877 10.
1128 3816 1223 3877 libelli
1248 3817 1315 3877 mei.
1368 3817 1404 3876 In
1431 3819 1562 3894 margine
1583 3817 1691 3878 rideris
1713 3819 1830 3890 sentire,

416 3895 418 3901 ’
485 3902 608 3964 educere
635 3922 682 3965 me
708 3897 820 3985 septem
849 3902 1014 3964 harmonias
1044 3921 1081 3965 ex
1108 3911 1221 3983 septem
1248 3904 1409 3966 intervallis
1437 3907 1522 3966 unius
1545 3910 1593 3966 dra
1614 3927 1722 3976 aanor,
1752 3903 1831 3965 unde

484 3990 536 4052 illa
550 3990 783 4061 octavadicitur,
806 3997 852 4061 ut,
879 3988 920 4060 G,
943 3993 986 4066 A,
1011 3993 1042 4067 h,
1067 4009 1096 4068 c,
1119 3991 1156 4071 d,
1177 4011 1208 4068 e,
1229 3991 1260 4070 f,
1282 4011 1317 4069 93
1344 3995 1477 4069 minimc;
1501 3991 1554 4053 sed
1568 3990 1830 4054 intervallaeducu

484 4097 520 4140 ex
541 4079 699 4140 harmoniis
720 4078 808 4156 idque
826 4077 1004 4140 naturaliter.
1035 4079 1074 4139 Et
1095 4087 1164 4140 sunt
1186 4080 1330 4157 quaedam
1351 4079 1513 4150 intervalla,
1535 4099 1594 4140 non
1611 4080 1694 4160 plura
1708 4087 1829 4157 septem,

483 4169 508 4226 ai
539 4170 603 4243 quie
625 4168 662 4228 ab
686 4170 745 4228 ima
766 4165 805 4231 ad
825 4184 969 4228 summam
990 4166 1107 4228 incedat
1128 4167 1258 4230 cauendo
1280 4186 1341 4244 per·
1355 4170 1454 4228 nmnla
1481 4167 1592 4228 media:
1631 4167 1684 4228 aed
1712 4174 1831 4246 propter

483 4256 676 4315 variationem
699 4263 801 4316 cautus
823 4253 886 4312 duri
909 4263 939 4314 ct
959 4255 1056 4315 mollis
1079 4254 1234 4316 intervalla
1253 4254 1328 4314 liunt
1349 4253 1517 4326 duodecim,
1544 4257 1658 4317 termini
1680 4254 1829 4325 tredecim,

482 4339 605 4402 totidem
627 4349 700 4418 quot
720 4345 750 4402 in
772 4341 969 4402 clavichordio
992 4340 1092 4402 claves
1112 4345 1213 4420 nigrae
1236 4348 1266 4402 et
1288 4341 1382 4416 albae,
1405 4342 1458 4404 sed
1479 4361 1531 4421 pcr
1551 4361 1626 4420 quoa
1647 4360 1706 4402 uon
1729 4359 1829 4403 omnes

482 4445 542 4488 una
571 4430 636 4490 rice
664 4429 700 4486 iri
729 4427 859 4490 mnendo
887 4435 986 4506 petest
1005 4446 1041 4490 ex
1072 4430 1182 4492 ordine.
1227 4427 1287 4490 Sed
1317 4436 1382 4490 utut
1407 4430 1524 4507 babeat,
1555 4431 1630 4492 nihil
1661 4426 1728 4492 inde
1757 4447 1829 4490 eane

481 4517 614 4594 sequitur
635 4532 690 4576 uec
711 4531 829 4576 necesse
852 4523 904 4576 est.

586 4601 724 4678 Quaeris,
756 4605 781 4670 si
808 4617 975 4664 recenseam
1004 4607 1154 4678 octauam,
1185 4620 1236 4664 cur
1257 4620 1317 4663 non
1338 4610 1368 4665 ct
1390 4603 1606 4681 quadruplam?
1652 4601 1777 4664 Omnino
1799 4611 1829 4664 et

481 4689 665 4769 quadriplam
687 4690 813 4751 adhibeo
836 4696 954 4768 propter
976 4690 1039 4766 ejus
1061 4693 1172 4751 aeciam
1194 4693 1425 4768 sesquitertiam,
1448 4699 1592 4770 utsupra
1614 4691 1683 4750 diri.
1727 4689 1777 4751 Sic
1799 4698 1829 4752 et

481 4779 597 4856 triplam
626 4777 886 4859 admisisemper,
919 4786 1036 4856 propter
1066 4780 1178 4838 sociam
1205 4779 1428 4856 sesquialteram
1453 4779 1489 4865 ξ,
1520 4797 1596 4856 quae
1627 4779 1703 4840 duae
1729 4780 1828 4840 sociae

480 4883 594 4944 semper
612 4867 737 4943 junctim
758 4865 938 4926 constituunt
959 4873 1018 4926 tres
1041 4860 1129 4943 ipone
1151 4869 1236 4946 λογον
1257 4866 1360 4938 solidi,
1389 4874 1448 4928 trae
1470 4867 1636 4930 bmmonim
1659 4867 1828 4927 harmoniae

352 4949 356 4956 “
481 4953 594 5032 plenae.
626 4955 668 5014 At
690 4953 837 5032 octuplam
852 4959 881 5014 et
894 4951 1082 5031 sedecuplam
1103 4954 1169 5015 ideo
1191 4971 1250 5022 uon
1271 4957 1402 5026 admitto,
1426 4957 1577 5032 quianon
1599 4955 1709 5015 habent
1731 4957 1828 5014 socias

480 5040 555 5101 inira
573 5045 717 5114 ochram,
739 5047 773 5101 ut
795 5044 824 5100 in
846 5041 997 5102 harmonia
1018 5040 1114 5118 plena
1158 5039 1322 5104 Uniaouum
1345 5059 1413 5103 rero
1436 5043 1576 5104 admittor
1607 5041 1660 5105 aed
1681 5041 1827 5104 interdum

480 5145 540 5188 non
561 5143 710 5203 recenseo,
742 5130 811 5206 quia
832 5129 903 5189 mihi
926 5128 962 5190 de
985 5129 1216 5190 demonstrandis
1237 5147 1333 5191 sermo
1356 5136 1410 5191 est
1454 5129 1512 5190 Hic
1541 5149 1610 5192 vero
1637 5130 1827 5208 aequalitatis

479 5209 564 5294 lo‘goa
585 5233 645 5276 non
668 5215 886 5294 demonstratur,
907 5215 961 5277 sed
982 5219 1105 5278 sumitur
1127 5225 1158 5279 et
1178 5219 1278 5278 sensui
1298 5224 1388 5297 patet.
1426 5216 1484 5277 Cur
1498 5225 1597 5279 autem
1615 5219 1645 5276 in
1661 5222 1710 5279 dra
1725 5239 1828 5278 renone

480 5303 593 5367 desinat
614 5319 750 5366 numerus
771 5305 999 5384 harmoniarum,
1030 5323 1122 5369 causa
1140 5305 1214 5369 haec
1235 5311 1294 5380 sat,
1325 5306 1396 5384 quis
1423 5304 1612 5370 desumuntur
1634 5322 1671 5370 ex
1693 5306 1826 5366 sectione
