4242 6384
677 883 858 942 numanus.
892 884 1035 981 nuo-111.
1052 884 1142 957 Caput
1154 886 1201 942 tv.
1550 894 1611 959 149

271 1083 335 1125 mus
355 1075 382 1127 et
401 1067 571 1145 longissime
593 1064 711 1127 divorsa
731 1067 771 1126 sit
793 1083 883 1127 causa
903 1069 1043 1129 scientiae
1065 1066 1162 1129 solida
1176 1066 1325 1143 quantitas
1348 1065 1479 1145 aplane,
1503 1069 1612 1149 quippo

271 1154 321 1213 ilia
343 1152 453 1214 duabus
474 1155 578 1215 mediis
600 1154 869 1232 proportionalibus
890 1158 995 1229 autur,
1024 1172 1099 1233 qaas
1122 1157 1190 1215 sciri
1216 1156 1380 1231 promiscuo
1407 1162 1452 1214 εει
1474 1157 1613 1233 impossi-

270 1240 670 1318 murmurmurmur
692 1243 738 1301 ria
764 1258 830 1301 esse
852 1250 964 1320 potest,
995 1250 1140 1321 qnatenus
1170 1249 1203 1301 ut
1224 1256 1378 1301 numerans
1405 1242 1611 1318 consideratur,

272 1330 470 1404 amnestiam
492 1332 575 1405 origo
596 1328 685 1406 hujus
706 1330 846 1389 trinitatis
868 1329 1036 1391 immediate
1057 1338 1101 1390 εει
1128 1330 1167 1389 ab
1190 1333 1317 1389 amentia
1339 1327 1440 1389 dirius
1466 1346 1519 1405 per
1541 1346 1613 1411 reug
1637 1358 1640 1365 ·

271 1417 407 1477 sationem
428 1418 640 1496 exemplarem,
672 1432 739 1475 cum
760 1420 929 1494 apparuerit
948 1434 1053 1496 supra,
1082 1418 1218 1493 componi
1242 1430 1360 1476 cansam
1382 1419 1424 1475 rei
1446 1433 1483 1477 ex
1503 1420 1613 1494 princi·

271 1506 322 1580 piis
345 1503 512 1583 explicatis,
546 1520 623 1581 quse
644 1520 832 1581 nequaquam
859 1504 1014 1565 intendant
1034 1520 1187 1565 nnmerum
1217 1503 1346 1581 aliquem
1368 1519 1473 1563 vocum
1501 1520 1551 1585 per
1572 1519 1612 1579 se,

270 1590 316 1650 ard
339 1608 416 1668 qaae
437 1608 529 1651 voces
549 1593 632 1669 ipsas
659 1593 733 1651 inter
760 1608 794 1652 se
821 1590 954 1668 singalas
984 1593 1109 1669 singuiis
1136 1594 1305 1668 coaptantis
1326 1590 1492 1651 harmonice
1520 1600 1551 1652 ει
1571 1594 1614 1652 sic

274 1680 352 1753 quasi
373 1678 456 1739 aliud
477 1680 598 1755 mentia
623 1696 676 1755 per
696 1678 833 1739 accidens
861 1679 990 1740 eliciunt
1011 1679 1122 1757 aliquid
1145 1678 1240 1739 simile
1263 1679 1371 1738 diriuir
1400 1686 1517 1756 psopter
1538 1696 1613 1739 euu-

275 1764 329 1825 irm
351 1782 520 1840 namemm3
548 1766 629 1843 qaod
651 1765 729 1827 idem
749 1768 839 1826 ctiam
867 1769 897 1825 in
917 1766 1051 1845 piurimis
1073 1767 1161 1827 rebus
1183 1764 1248 1827 aitis
1276 1768 1441 1842 frequenter
1462 1768 1613 1843 contingit.

349 1852 652 1926 Bronten-uumerus
673 1852 722 1913 hic
742 1855 887 1915 ternarius
907 1871 967 1915 noa
990 1863 1035 1915 cat
1055 1854 1185 1916 efficiens
1207 1868 1297 1914 causa
1315 1852 1538 1927 harmoniarum,
1562 1852 1615 1923 aed

274 1938 385 2000 tlemus
407 1942 509 2017 ipsius,
531 1958 586 2001 seu
609 1940 729 2001 eiieotae
751 1939 921 2001 harmoniae
935 1958 1049 2017 comes3
1072 1958 1130 2000 nou
1149 1942 1284 2001 informat
1298 1939 1473 2013 harmonias,
1496 1940 1547 2001 aed
1570 1948 1616 2001 εει

273 2026 374 2087 iormsa
395 2026 679 2104 resplendesoeatis3
701 2038 760 2087 non
776 2037 823 2090 eat
844 2032 967 2089 materis
980 2044 1086 2089 rocam
1102 2028 1343 2101 harmonicorum,
1367 2026 1420 2088 aed
1436 2034 1480 2088 εει
1497 2028 1615 2088 soboles

273 2122 420 2188 nonesto
439 2132 477 2174 ax
498 2114 643 2175 materiali
664 2116 856 2191 necmsitat03
884 2134 944 2176 uon
966 2125 1012 2177 εει
1032 2116 1099 2175 finis
1122 2106 1159 2177 εὖ
1182 2113 1277 2189 ἕνεκα,
1307 2114 1360 2175 aad
1383 2122 1428 2173 εει
1449 2117 1616 2175 extremitas

272 2204 376 2277 operis3
400 2200 527 2279 denique
549 2202 621 2261 nihil
643 2210 690 2263 εει
710 2202 747 2262 de
768 2220 800 2263 re
821 2204 886 2281 ipsa
908 2204 1086 2275 hermonim,
1110 2201 1161 2264 sed
1185 2210 1231 2263 εει
1252 2219 1303 2262 arra
1325 2203 1448 2262 rationis
1470 2202 1616 2262 secutule-

272 2290 336 2347 rium
357 2297 390 2349 ct
409 2292 517 2351 mentis
539 2298 706 2366 conceptus,
727 2290 876 2353 secundae
898 2293 1076 2351 intentionis.
1121 2290 1220 2349 Nihilo
1235 2290 1330 2367 magis
1352 2290 1430 2348 enim
1454 2296 1615 2366 est·qnae·

272 2376 395 2449 rendum,
417 2394 470 2436 car
492 2375 699 2438 consauciata
721 2386 820 2435 ternae
843 2387 1005 2437 consonent
1026 2378 1206 2449 harmonice,
1230 2382 1335 2454 quarta
1357 2384 1387 2436 et
1409 2390 1510 2438 omncs
1533 2376 1612 2437 aliae

272 2479 316 2536 per
336 2462 445 2541 dupino
467 2465 664 2541 proportionis
686 2466 907 2523 consonantiam
928 2464 1049 2525 redeant
1064 2464 1281 2541 quodammodo
1300 2466 1329 2521 in
1345 2462 1431 2534 idam,
1455 2480 1543 2539 quam
1565 2480 1617 2523 cur

272 2566 316 2607 sex
345 2559 461 2611 tantum
490 2551 578 2625 bigae
608 2553 668 2609 sint
688 2553 720 2608 in
750 2550 882 2625 qualibet
910 2560 1032 2625 οειεεε,
1062 2568 1151 2612 senaa
1181 2552 1436 2611 consonantiarum
1459 2550 1617 2629 triplicium

273 2636 385 2698 iormao.
431 2635 472 2697 Ut
494 2640 571 2697 enim
592 2639 725 2697 amarias
747 2639 802 2698 iste
824 2654 883 2697 non
906 2646 953 2698 est
976 2658 995 2699 a
1017 2657 1068 2702 sex
1085 2640 1188 2698 diebus
1203 2638 1367 2710 creationis,
1390 2638 1434 2696 sic
1451 2652 1546 2715 neque
1567 2636 1618 2697 iiio

272 2728 409 2785 terramus
431 2733 478 2785 εει
498 2731 617 2803 propter
638 2725 811 2785 Trinitatem
838 2742 1028 2803 personarum
1054 2729 1085 2785 iu
1109 2727 1235 2786 Deitata.
1280 2724 1338 2785 Sed
1366 2726 1493 2783 comsit
1519 2732 1617 2785 tema-

275 2812 333 2871 rius
354 2815 518 2873 commanis
539 2812 628 2873 rebus
649 2811 758 2871 dirlnis
779 2820 811 2875 et
832 2812 995 2886 mundanis,
1019 2814 1232 2891 ubicunquois
1255 2810 1388 2886 obcurrit,
1410 2812 1618 2889 mperveaiaar

276 2915 350 2960 nens
372 2900 519 2975 humana,
542 2913 699 2961 maumam
715 2900 838 2978 ignara,
861 2903 1107 2980 conspirationem
1129 2901 1205 2962 hano
1226 2901 1355 2959 miratur.

831 3134 973 3207 CAPUT
1000 3132 1053 3206 li.

321 3276 367 3333 lie
386 3284 465 3335 ortu
483 3278 724 3337 continuorum
740 3276 1016 3349 interuallorum,
1045 3294 1132 3350 quae
1150 3278 1311 3337 consonis
1329 3276 1462 3335 minora
1479 3281 1564 3335 aaut.

350 3440 431 3499 cnm*
455 3456 560 3500 seusus
586 3448 723 3516 testetur,
751 3458 788 3501 ex
817 3438 933 3501 chordis
962 3438 1126 3517 acqualiter
1155 3442 1247 3501 tensis
1274 3440 1390 3500 iliarum
1417 3438 1531 3499 sonitus
1555 3452 1619 3500 essa

279 3528 429 3599 panorm,
450 3542 528 3603 qaae
550 3536 619 3587 sunt
639 3528 802 3607 longiores,
825 3528 940 3587 iliarum
964 3531 1128 3602 acutiores,
1152 3544 1227 3605 quaa
1249 3528 1416 3597 breviores,
1439 3526 1508 3587 hinc
1531 3542 1619 3585 voces

279 3614 340 3673 istae
358 3615 489 3690 junctae,
512 3622 638 3675 acutum
660 3624 689 3675 et
710 3632 819 3692 move,
850 3612 1029 3675 differentiae
1052 3622 1121 3674 sunt
1149 3616 1332 3675 harmonicas
1355 3616 1499 3700 propriae.
1544 3612 1619 3672 Nam

279 3700 399 3776 singulae
422 3700 540 3777 quidem
561 3705 682 3763 seorsim
705 3702 828 3762 aliarum
850 3702 1031 3778 singularam
1059 3711 1128 3775 suut
1149 3705 1351 3776 scientiarum,
1384 3704 1414 3759 iu
1438 3701 1545 3780 qdibus
1567 3714 1618 3759 co-

280 3786 403 3859 pulantur
434 3804 500 3847 cam
528 3792 672 3867 oppositis
700 3790 782 3864 aliis,
812 3797 930 3848 acutam
961 3807 1026 3848 cum
1054 3790 1161 3849 obtuso
1190 3793 1218 3848 in
1242 3792 1417 3871 geometria,
1439 3805 1529 3867 graue
1554 3802 1619 3846 cnm
1730 3810 1733 3827 ·

279 3870 326 3932 1εεί
346 3879 377 3934 ia
399 3876 532 3953 physica.
578 3878 614 3936 iit
636 3876 736 3957 aliter,
764 3886 883 3937 acutum
905 3878 935 3934 in
958 3878 1136 3937 mechanicis
1159 3884 1245 3936 sonat
1266 3876 1375 3939 subtile
1403 3880 1432 3935 et
1452 3880 1619 3952 penctrans,

281 3965 410 4032 marein
433 3964 620 4024 sensualibus
639 3956 766 4025 'sumitur
787 3964 824 4025 de
848 3962 1002 4038 odoribus,
1025 3966 1091 4041 qui,
1114 3968 1147 4022 ut
1169 3966 1273 4040 gravia
1293 3962 1433 4041 pondera,
1461 3964 1499 4023 ob
1524 3975 1620 4041 quan-

281 4046 335 4109 dam
356 4050 588 4127 magnitudinem
610 4060 680 4112 aaut
700 4054 797 4112 miuus
819 4050 998 4125 tolerabiles,
1044 4052 1085 4110 Αι
1109 4050 1230 4127 junctae
1254 4059 1373 4110 acutum
1406 4056 1436 4109 et
1456 4066 1551 4125 praue
1573 4050 1620 4107 in·

282 4144 370 4213 terque
391 4156 424 4199 se
447 4140 602 4215 oppositae
633 4141 750 4199 nonnisi
780 4140 817 4200 da
838 4138 962 4222 yoclhas
990 4140 1182 4216 accipiuntur.
1227 4136 1367 4197 Retinent
1389 4144 1486 4196 tamen
1509 4134 1620 4212 aliquid

283 4222 310 4281 do
327 4226 449 4301 pristino
472 4224 648 4302 significata.
690 4226 767 4287 liam
793 4234 827 4287 ut
856 4228 886 4285 in
908 4229 1068 4303 geometria
1094 4232 1213 4285 acutum
1235 4232 1280 4285 εει
1308 4227 1404 4285 minus
1427 4224 1546 4297 obtuso,
1578 4225 1621 4284 siu

284 4312 356 4371 uiam
378 4316 408 4371 in
431 4312 600 4373 harmonice
622 4328 682 4372 vox
703 4322 791 4374 acuta
812 4320 899 4373 sonat
912 4303 1147 4390 parram‘eoquc
1162 4319 1362 4391 penetrantem
1378 4310 1518 4384 otuitam,
1542 4308 1620 4370 idio-

284 4396 354 4459 tismo
376 4402 540 4473 teutonico,
564 4406 594 4460 ει
615 4400 790 4461 volitantem
819 4400 903 4477 qnasi
926 4404 956 4459 in
978 4400 1108 4473 sublimi,
1137 4407 1254 4479 propter
1282 4399 1429 4477 quandam
1458 4396 1619 4459 levitatum.

284 4480 411 4546 iratur
434 4487 558 4565 physica
580 4490 684 4565 grauia
704 4488 815 4549 babent
836 4505 976 4565 magnum
999 4486 1124 4566 pondus,
1148 4488 1227 4549 levia
1241 4504 1374 4565 parvum,
1398 4488 1549 4546 nicetium
1572 4484 1621 4545 iric

286 4576 368 4643 guaris
390 4590 451 4633 vox
473 4582 560 4634 sonat
580 4592 733 4651 magnam3
761 4584 851 4651 utque
874 4577 977 4652 gravia
1000 4579 1029 4634 in
1052 4576 1128 4635 libra
1150 4575 1272 4635 fundum
1299 4584 1328 4635 et
1351 4574 1486 4634 interiora
1508 4578 1620 4650 petunt,

286 4654 349 4719 leuia
367 4664 398 4719 in
421 4661 515 4721 altam
536 4662 684 4735 exsiliunt,
713 4665 759 4723 sic
778 4665 866 4723 etiam
888 4664 917 4720 in
940 4662 1108 4723 harmonice
1130 4680 1189 4723 uox
1212 4664 1311 4739 gravia
1333 4670 1451 4741 propter
1472 4660 1621 4737 magnitu-

288 4740 364 4807 dinem
384 4756 538 4825 reputatur
552 4766 604 4827 pro
618 4750 792 4828 ponderosa,
816 4766 910 4827 eoque
925 4750 1053 4809 interiori
1069 4770 1119 4811 acu
1135 4750 1278 4828 protunda
1294 4744 1426 4833 (iaaao);
1450 4764 1508 4806 vox
1523 4756 1620 4821 acuta,

289 4834 320 4888 tii
338 4833 458 4910 dictam,
480 4854 534 4914 pro
558 4840 629 4897 alta.
673 4839 748 4897 Num
772 4837 852 4915 quod
874 4838 902 4893 in
926 4837 1072 4904 testudine
1094 4840 1220 4918 hypate,
1244 4836 1274 4895 id
1297 4846 1341 4896 εει
1363 4852 1491 4908 suruma,
1516 4832 1621 4894 edebat

290 4930 389 4990 praem
412 4940 531 4997 sonum,
555 4924 586 4985 ld
609 4932 654 4985 εει
675 4932 788 4985 tantum
812 4926 850 4985 oh
872 4924 936 5001 ejus
959 4926 1046 4984 situm
1070 4929 1098 4984 in
1122 4928 1327 4997 iustrumenta,
1351 4932 1383 4982 ut
1405 4920 1502 4981 adhuc
1523 4920 1620 4995 hodie,

226 5007 230 5056 i
290 5018 334 5064 noa
354 5012 389 5071 oh
411 5011 542 5089 aliquam
565 5014 648 5072 vocis
670 5012 890 5073 similitudinem
918 5028 983 5071 cum
1006 5003 1122 5074 levibus
1152 5020 1181 5073 ει
1203 5010 1495 5089 supervolitantibus.
1540 5007 1620 5068 Situs

226 5137 230 5158 .
292 5104 369 5157 tuum
391 5099 454 5174 ejus
477 5103 507 5158 in
530 5101 723 5163 instrumento
744 5102 887 5163 rationem
910 5098 1000 5160 hahet
1021 5102 1221 5162 mechanicam
1245 5116 1280 5158 ex
1304 5116 1356 5173 eo,
1387 5094 1466 5177 qnod
1488 5104 1568 5169 nole,
1592 5094 1621 5154 ld

225 5167 230 5248 i
293 5188 327 5238 iti
347 5185 445 5247 aitima
476 5187 641 5263 etinflma,
672 5190 742 5266 qnia
763 5194 851 5249 sonat
872 5189 1056 5258 acutissime,
1089 5190 1143 5247 init
1164 5184 1310 5267 pulsanda
1337 5186 1524 5261 creberrime3
1555 5200 1620 5243 cnm

293 5272 371 5339 illlis
388 5276 547 5355 conveniat
567 5282 665 5335 motus
686 5275 791 5349 velox,
821 5281 851 5335 ει
872 5290 943 5335 vero
966 5274 1101 5335 deorsum
1124 5274 1275 5353 pulsamus
1299 5274 1462 5353 expeditius
1486 5272 1524 5333 ob
1547 5288 1620 5333 cou-

294 5348 472 5423 lunationem
493 5360 622 5445 pollicis,
643 5378 732 5443 quam
753 5379 878 5425 sumam.
925 5361 1047 5428 Accedit
1068 5364 1144 5429 iuter
1166 5380 1271 5427 eauaaa
1294 5350 1473 5443 experientia
1494 5360 1620 5439 gutturis
