4242 6384
530 788 592 848 852
1041 779 1191 838 Ptolemaei
1210 781 1367 840 Harmonia.

614 957 688 1016 liuta
705 955 751 1012 tv.
786 953 1011 1012 θοιιιιιιιιιιὶιιι
1027 955 1137 1027 quidem
1155 961 1227 1026 met,
1246 973 1325 1028 quae,
1345 973 1380 1014 er
1393 965 1510 1028 unoque
1525 905 1624 1029 gerere
1643 976 1731 1018 rerum
1747 961 1858 1036 decanta

528 1039 573 1094 laic
591 1039 664 1092 inter
687 1052 718 1092 ιι
736 1033 912 1104 comparandi
930 1051 976 1090 ree
993 1035 1068 1104 ipsae
1087 1043 1276 1106 argumentum
1299 1039 1499 1108 praebuerunt:
1528 1039 1701 1110 simplicitas,
1723 1042 1859 1110 aequalitas

527 1115 722 1178 indifferentia3
740 1114 872 1182 diapason
890 1127 952 1168 cum
969 1113 1158 1182 simplicitate,
1178 1115 1355 1184 aequalitate,
1374 1115 1570 1186 indifferentia,
1599 1118 1741 1174 facultates
1758 1121 1861 1174 intellec·

529 1197 635 1258 tuales,
658 1193 849 1266 propinquitas
868 1191 996 1262 diapente
1014 1192 1050 1248 ad
1067 1191 1198 1262 diapason
1218 1209 1277 1248 cnm
1295 1195 1499 1264 propinquitate
1518 1198 1647 1252 sennen
1664 1197 1699 1252 ad
1716 1197 1863 1253 intelleemn

529 1273 589 1329 lena
626 1273 699 1343 Quid
722 1273 746 1327 ai
768 1287 865 1340 negem
893 1271 1054 1327 dualitatem
1077 1269 1215 1325 facultatis
1243 1271 1397 1342 dicamque,
1427 1277 1543 1332 aninam
1571 1278 1683 1332 eandem
1711 1295 1758 1347 per
1784 1295 1865 1333 ιιιιιι

527 1355 637 1425 quidem
659 1354 762 1407 aeutire
786 1365 831 1406 rea
854 1349 920 1404 ioris
943 1350 1106 1417 existentes,
1130 1364 1179 1418 per
1196 1350 1249 1404 alie
1268 1352 1402 1419 quaedam
1426 1353 1556 1410 interiora
1582 1347 1636 1410 non
1663 1357 1703 1410 ite
1728 1357 1866 1424 conspicua.

527 1435 602 1490 eelnt
619 1449 730 1500 amana,
748 1440 780 1486 ut
797 1431 897 1486 docent
908 1425 1011 1485 'medici
1023 1427 1155 1496 nonnulli,
1174 1427 1217 1482 ecl
1235 1429 1317 1482 etiam
1335 1445 1385 1500 per
1402 1447 1432 1484 se
1450 1433 1537 1501 ipaam
1555 1435 1615 1488 aine
1631 1435 1752 1504 corporis
1764 1434 1866 1504 organis.

529 1525 561 1569 ιιι
577 1508 749 1583 philosophi,
776 1507 946 1577 intelligere?
981 1507 1053 1575 Quid
1077 1523 1146 1576 opus
1171 1515 1213 1562 eet
1231 1507 1380 1564 harmoniis
1403 1510 1438 1568 ad
1457 1511 1628 1568 dividendam
1653 1511 1784 1573 animam,
1810 1527 1867 1579 quse

527 1609 582 1648 una
599 1599 642 1645 est
658 1587 787 1656 ιιιιιιιίι,
805 1587 829 1642 ai
845 1602 936 1641 rerum
954 1585 1064 1640 illarum
1082 1585 1177 1640 divisio
1196 1586 1263 1641 antia
1276 1601 1374 1642 causae
1391 1587 1431 1644 illi
1442 1591 1565 1659 praebet
1585 1609 1633 1646 cnr
1645 1607 1695 1646 sua
1709 1591 1869 1660 dispertiatur

525 1671 637 1726 munia?
672 1669 774 1723 Reman
791 1665 863 1720 enim
881 1664 1016 1734 quaedam
1032 1664 1106 1718 intra
1123 1663 1292 1719 intellectum
1310 1673 1381 1732 aunt,
1400 1675 1479 1722 entra
1491 1669 1646 1740 singularia,
1665 1669 1799 1738 quaedam
1816 1667 1868 1720 ieris

527 1758 607 1809 entra
622 1746 791 1804 intellectum
808 1745 837 1799 lu
854 1742 1047 1812 singularibus,
1066 1757 1136 1811 quae
1155 1747 1186 1796 ut
1203 1741 1280 1811 ipsae
1298 1743 1333 1797 ab
1349 1746 1439 1800 anima
1451 1747 1724 1818 comprehendantur,
1743 1762 1794 1816 per
1809 1746 1868 1798 tores

527 1843 657 1884 museum
674 1825 775 1880 debent
791 1821 897 1892 ingredi
914 1820 1102 1890 specietenus:
1130 1826 1161 1874 ut
1178 1819 1217 1874 ita
1234 1821 1386 1890 intelligens
1411 1839 1465 1878 nou
1484 1825 1570 1880 altera
1596 1839 1647 1880 ana
1664 1841 1759 1896 manu,
1786 1825 1832 1879 aed
1847 1839 1868 1876 se

526 1909 588 1976 ipsa
611 1913 641 1960 et
661 1901 853 1971 intelligendo,
881 1901 936 1956 hoc
959 1907 1002 1954 eat
1026 1898 1202 1969 percipiendo
1221 1899 1382 1972 singularia,
1406 1901 1455 1958 flat
1471 1903 1610 1958 sensitiva.
1647 1905 1720 1973 Quid
1747 1905 1869 1972 mneqen

526 1983 681 2040 intellectui
704 1980 922 2050 simplicitatem,
947 1977 1153 2048 aequalitatem,
1180 1977 1388 2034 indifferentiam
1413 1990 1540 2052 respectu
1558 1983 1726 2038 sensitirae'?
1763 1985 1805 2036 An
1821 1981 1869 2032 ideo

527 2061 669 2133 multiplex
692 2071 721 2116 et
742 2060 851 2116 omnino
876 2058 1042 2128 quintuplex
1063 2057 1146 2125 haee,
1172 2059 1236 2125 quia
1260 2060 1381 2128 quinque
1404 2061 1487 2117 habet
1504 2079 1621 2132 organa,
1646 2065 1720 2119 circa
1736 2077 1809 2131 quae
1825 2077 1870 2114 rer·

527 2159 591 2200 nans
615 2143 735 2210 quinque
759 2137 864 2194 efficit?
900 2135 1052 2206 specimina
1077 2137 1222 2194 ιιιιιίιίιιι
1245 2130 1401 2196 sensitivam
1424 2141 1625 2210 multiplicant?
1665 2141 1726 2197 Erit
1750 2141 1833 2210 igitur
1851 2149 1872 2192 et

525 2218 681 2290 intelligens
702 2217 848 2287 multiplex
872 2231 906 2271 ea
930 2222 959 2270 et
982 2214 1110 2272 distincta
1132 2217 1247 2272 sortitur
1269 2219 1373 2286 munia,
1399 2233 1471 2291 qnae
1493 2221 1606 2276 iniamus
1631 2227 1727 2276 auctor
1745 2220 1807 2290 ipse
1823 2233 1872 2284 sep

526 2309 592 2356 teoa
608 2305 744 2362 recenset,
769 2304 797 2350 et
815 2293 897 2349 ranila
915 2293 1059 2366 speciebus
1076 2301 1108 2350 ιιι
1126 2294 1242 2363 obiectis
1264 2305 1402 2364 moretur3
1427 2298 1561 2366 quaedam
1584 2298 1656 2352 euim
1677 2305 1741 2354 snut
1760 2307 1871 2352 meantes

527 2379 572 2434 rel
589 2393 607 2433 a
624 2375 750 2432 aenaibna
767 2374 922 2444 proiectae,
940 2373 1076 2429 velintne
1095 2373 1129 2428 ab
1147 2375 1207 2446 ipso
1225 2375 1307 2428 animi
1325 2377 1447 2443 cogitatu
1465 2375 1662 2446 conformatae,
1685 2377 1821 2448 quaedam
1838 2391 1871 2428 ve-

526 2466 619 2514 tustae
636 2455 779 2524 utriunque
800 2453 909 2524 pmeria
929 2471 961 2506 ex
978 2453 1124 2510 memoriae
1141 2469 1228 2523 penu,
1255 2453 1451 2511 reminiscentis
1477 2455 1564 2512 conda
1586 2471 1697 2526 proma,
1722 2455 1871 2524 prudentae.

525 2541 648 2594 Annon
670 2533 833 2588 Aristotelea
856 2532 916 2602 ipae
938 2530 1036 2588 dividit
1056 2532 1226 2588 intellectum
1251 2533 1281 2587 in
1294 2542 1426 2604 agentern
1449 2541 1478 2589 ιι
1495 2536 1666 2606 patientem?
1702 2536 1740 2590 Et
1768 2537 1872 2590 sitente

527 2615 686 2688 simplicitas
703 2611 870 2680 iutellemua,
888 2627 939 2669 cur
955 2624 990 2666 ea
1006 2627 1061 2667 uon
1081 2617 1255 2683 comparatur
1272 2629 1334 2669 cum
1352 2614 1474 2670 uniaouis
1493 2616 1598 2685 potina,
1620 2629 1692 2684 qnae
1710 2613 1872 2668 intervallun

526 2694 698 2752 commum
714 2689 833 2754 nullum,
859 2705 943 2758 quana
959 2705 1021 2746 eum
1038 2689 1200 2746 identisouia
1218 2706 1267 2748 ιιιι
1286 2693 1481 2762 homoplrouis,
1506 2707 1576 2762 quae
1594 2693 1758 2762 maximum,
1786 2694 1873 2762 quippe

527 2773 679 2846 diapason?
714 2771 798 2826 Esset
814 2768 870 2824 alia
886 2769 972 2825 multo
990 2769 1140 2838 speciosior
1158 2772 1266 2826 occasio
1284 2771 1383 2826 mutis
1402 2785 1500 2840 opera,
1524 2771 1794 2839 comprehensionis,
1816 2788 1872 2826 con·

526 2851 643 2926 parandi
659 2865 722 2905 cum
739 2847 934 2904 consonantiis.
968 2847 1039 2904 Nam
1061 2849 1271 2918 comprehensio
1289 2851 1350 2918 ipsa
1372 2857 1400 2902 et
1419 2857 1509 2904 mutua
1534 2849 1642 2918 quiden
1662 2857 1706 2906 est
1732 2853 1874 2913 strettun

527 2931 659 2990 terminos
675 2929 781 2984 habena
798 2934 917 2983 mentem
934 2926 1210 2996 comprehendentem
1228 2936 1257 2983 et
1273 2926 1410 2994 objectam
1425 2929 1660 2996 comprehensum.
1696 2927 1748 2984 llic
1769 2931 1798 2984 in
1815 2945 1874 2983 meu·

526 3013 576 3071 tali
599 3007 857 3079 comprehensione,
887 3012 919 3060 ut
941 3005 1141 3076 perfectissima
1166 3013 1195 3062 et
1212 3005 1422 3075 epistemonica,
1447 3021 1591 3075 possemne
1613 3007 1716 3062 intueti
1741 3009 1875 3076 imaginem

528 3090 652 3159 cainoni,
677 3088 725 3144 ubi
741 3086 851 3140 termini
867 3085 978 3154 penitna
996 3083 1110 3153 clusiles,
1135 3093 1166 3141 ut
1184 3101 1245 3142 cnm
1264 3099 1295 3138 ae
1312 3083 1398 3153 ipsam
1416 3097 1493 3139 mens
1511 3081 1611 3140 dicitur
1628 3085 1739 3148 intuere
1768 3086 1798 3140 ln
1815 3101 1875 3140 conc

526 3165 707 3243 prehensione
724 3163 891 3220 delinitionis
910 3179 1004 3218 eornm
1021 3163 1175 3220 esaenn'alis
1198 3163 1288 3234 imago
1307 3168 1380 3216 esset
1399 3161 1540 3231 diapason.
1577 3163 1647 3218 Nam
1673 3169 1705 3219 nt
1727 3163 1814 3232 hujus
1832 3163 1875 3218 duo

527 3249 589 3306 noui
605 3244 682 3301 velut
699 3259 733 3298 en
751 3242 878 3313 opponite
897 3243 1029 3300 acuminis
1046 3249 1076 3298 et
1093 3243 1235 3315 pravitatis
1253 3251 1318 3298 aunt
1335 3241 1454 3312 identici,
1473 3241 1513 3297 uic
1530 3242 1652 3300 delinitio
1664 3244 1703 3299 rel
1722 3252 1750 3298 et
1771 3261 1815 3298 res
1826 3245 1876 3312 ipsa

526 3336 593 3385 anat
607 3325 684 3380 velut
700 3323 827 3394 opposita
843 3329 872 3378 et
889 3319 981 3377 tamen
997 3323 1079 3378 idem.
1119 3325 1157 3379 Et
1176 3323 1240 3394 quia
1259 3322 1391 3392 diapason
1413 3327 1573 3376 constater
1593 3321 1721 3391 diapente
1740 3331 1770 3376 et
1790 3323 1875 3377 diates

527 3423 617 3476 amon,
637 3401 759 3458 delinitio
776 3416 840 3455 vero
858 3400 1023 3471 syllogismis
1041 3402 1197 3471 congeritur
1214 3408 1243 3456 et
1259 3400 1337 3471 quasi
1356 3399 1550 3470 proficiscitur,
1569 3409 1664 3471 posset
1683 3419 1744 3458 cnm
1757 3403 1876 3472 diapente

527 3482 679 3554 comparari
696 3480 784 3549 major
802 3480 960 3550 propoaitio,
982 3481 1091 3536 axioma
1114 3478 1269 3537 universale
1287 3479 1480 3546 scientfficnm,
1507 3479 1606 3550 thesis,
1631 3495 1693 3535 cum
1715 3480 1875 3536 diatessaron

472 3572 474 3577 '
527 3561 678 3634 propositio
696 3559 792 3627 minor,
810 3558 971 3628 subaumtio,
989 3559 1164 3631 hypothesis,
1189 3567 1222 3616 ut
1237 3559 1308 3614 aient
1325 3558 1351 3612 in
1370 3557 1498 3626 diapente
1520 3559 1610 3612 minna
1632 3565 1675 3612 eat
1692 3559 1830 3614 mixturae
1846 3557 1876 3612 al·

527 3639 653 3709 ueritatis,
671 3654 753 3709 quarn
771 3638 799 3693 in
817 3636 997 3706 diatessaron,
1015 3638 1056 3692 aio
1073 3637 1101 3692 in
1119 3639 1256 3694 axiomata
1273 3637 1419 3692 universali
1437 3637 1526 3691 minus
1540 3637 1576 3692 sit
1588 3637 1788 3706 singularitatis
1808 3640 1876 3706 (quse

527 3719 658 3776 amentiae
678 3716 847 3786 adrumatur)
865 3730 946 3786 quam
961 3717 993 3770 t’n
1010 3718 1161 3776 subaumto.
1198 3715 1276 3770 Tunc
1294 3716 1556 3786 conciuusdlssona
1573 3725 1666 3770 essem
1683 3719 1877 3788 propositiones

526 3795 644 3853 aeuasses
661 3794 784 3864 ringulae
807 3795 985 3863 smpuanuu
1003 3795 1071 3850 locis
1089 3803 1117 3849 ιι
1133 3793 1301 3864 temporibus
1327 3794 1603 3864 cicumscriptorum,
1631 3811 1747 3865 quarum
1765 3796 1877 3850 inductio

527 3877 568 3930 aie
585 3874 726 3930 conatitait
738 3873 888 3942 amatque
910 3873 1112 3944 propositiones
1131 3871 1361 3942 syllogismorum,
1387 3874 1457 3928 aient
1474 3875 1623 3929 intervallis
1646 3875 1788 3929 concinnis
1808 3875 1877 3928 mini·

526 3952 577 4006 mis
596 3959 818 4010 consummantur
835 3951 1041 4016 consonantiae.
1078 3951 1168 4006 Melta
1184 3951 1250 4005 talia
1264 3951 1386 4019 jncuude
1404 3955 1442 4018 tat
1461 3969 1513 4008 nou
1533 3955 1753 4022 demonstrative)
1773 3945 1892 4024 possent

526 4032 676 4102 excogitari
693 4047 728 4087 ex
746 4031 868 4087 doctriua
885 4031 1061 4087 Aristotelica
1079 4039 1107 4084 ct
1125 4029 1349 4085 scholasticorum
1368 4037 1432 4100 post
1450 4046 1510 4084 enm
1536 4031 1570 4086 de
1597 4033 1695 4088 mentis
1721 4033 1876 4102 operationi·

526 4110 586 4179 aaa,
604 4110 692 4166 multo
709 4109 884 4166 concinniora
900 4109 948 4180 iia,
966 4125 1038 4178 quae
1055 4109 1100 4163 hic
1119 4107 1246 4164 dicuutur
1264 4111 1298 4164 ab
1317 4109 1435 4178 incerto,
1454 4117 1485 4164 ut
1503 4110 1623 4180 ridetur,
1643 4119 1763 4167 suumne.

583 4181 588 4192 ’
614 4189 688 4245 Nota
704 4188 737 4246 V.
773 4188 913 4258 Diapaaou
939 4189 1096 4244 continetur
1119 4185 1229 4244 modis
1252 4189 1369 4258 partiam
1393 4189 1423 4258 2,
1450 4195 1477 4258 13
1505 4189 1656 4246 differentia
1680 4205 1729 4245 seu
1754 4203 1875 4245 excessus

525 4267 649 4337 ipalua2
672 4269 788 4337 euprat
811 4276 856 4322 ιιι
875 4271 902 4335 1,
929 4268 1050 4337 aequalis
1075 4267 1251 4324 terminorum
1276 4267 1361 4322 altem
1398 4269 1460 4322 Non
1485 4269 1524 4324 sic
1547 4269 1687 4338 diapente,
1713 4270 1785 4324 inter
1802 4272 1831 4338 2,
1857 4271 1875 4320 i.

526 4347 597 4402 iiam
615 4359 746 4401 eremana
763 4344 851 4415 ipsius
868 4347 885 4400 3
903 4361 987 4415 capra
1004 4347 1022 4400 2
1039 4351 1083 4400 est
1102 4349 1124 4400 t.
1161 4346 1224 4400 Nou
1243 4345 1325 4400 ιιιιιι
1341 4345 1518 4410 damnamur,
1536 4347 1608 4401 inter
1626 4349 1650 4412 ιι
1668 4347 1693 4412 l,
1712 4348 1758 4402 ubi
1777 4361 1876 4402 rumen

526 4439 656 4481 caumana
673 4431 717 4481 eat
734 4426 758 4480 1.
795 4424 828 4478 ln
846 4424 974 4494 mapente
991 4431 1083 4480 ιιιιιιι
1101 4437 1232 4480 camaena
1251 4424 1401 4493 proximior
1423 4434 1466 4480 est
1484 4427 1654 4496 aequantem,
1681 4443 1764 4496 quam
1781 4429 1809 4482 in
1828 4429 1876 4481 dia·

525 4513 660 4562 ιιιιιιιι,
695 4505 766 4561 liam
783 4502 839 4558 illic
857 4506 871 4556 t
891 4504 1041 4560 atermiuo
1059 4507 1076 4561 2
1095 4504 1179 4560 disne
1197 4503 1256 4558 nola
1275 4504 1386 4571 unitate,
1404 4503 1449 4562 hic
1466 4506 1538 4562 idem
1560 4511 1570 4562 t
1596 4507 1780 4564 atermiuod
1799 4506 1877 4560 distat

526 4581 809 4639 immensitatibus.

612 4663 687 4719 Nota
703 4662 750 4716 vt.
785 4661 856 4717 Nam
880 4659 953 4731 quod
971 4677 1080 4718 ιιιιιιιιιι
1108 4670 1154 4718 ιιι
1175 4661 1321 4732 insipidum
1340 4664 1552 4733 comparationis
1575 4671 1780 4734 argumentum,
1808 4661 1874 4732 quod

525 4743 636 4799 habitas
654 4755 773 4810 aeneum,
791 4755 888 4795 aenaea
906 4750 1028 4794 mentem·
1041 4757 1097 4796 noa
1115 4741 1270 4796 nomenante
1287 4749 1379 4811 ponat,
1398 4751 1427 4803 ut
1444 4759 1520 4802 mens
1538 4759 1661 4812 sensnm,
1690 4759 1786 4799 aenam
1804 4743 1874 4797 habi·

525 4829 591 4881 turn.
609 4830 639 4877 et
655 4821 730 4890 quod
748 4819 788 4874 sic
806 4819 888 4874 ιιιιιιι
907 4819 1085 4890 (ιιιιιιιιιιιι,
1105 4827 1135 4876 ut
1152 4821 1249 4888 miuus,
1268 4837 1322 4874 non
1340 4829 1426 4888 ponat
1444 4820 1580 4890 diapente,
1599 4829 1630 4876 ut
1649 4823 1751 4892 majam
1770 4837 1873 4892 genera·

526 4899 660 4955 dammum
677 4897 788 4968 quidem
806 4899 860 4954 hoe
877 4906 920 4954 eat
937 4913 988 4954 nee
1006 4899 1041 4954 ad
1059 4897 1134 4954 aliud
1152 4898 1227 4967 utile,
1245 4913 1327 4966 quatu
1346 4905 1377 4953 ut
1392 4899 1472 4966 scies,
1491 4898 1559 4952 nihil
1572 4901 1768 4969 comparationi
1780 4899 1873 4970 opponi

526 4993 610 5050 potae
627 4994 662 5034 en
680 4976 791 5046 weris
808 4985 839 5032 et
855 4977 966 5032 minoris
984 4977 1214 5046 consideratione,
1234 4977 1367 5046 siqnidem
1385 4977 1571 5034 modenensis
1588 4977 1649 5033 aliis
1665 4979 1820 5037 melioribus
1838 4978 1872 5031 ni·

526 5065 609 5114 tatur.
645 5056 728 5112 Reno
744 5057 854 5128 qpldem
872 5073 983 5113 nonaum
1004 5057 1034 5112 in
1051 5056 1171 5112 humana
1188 5065 1269 5128 pente
1287 5057 1363 5126 pouit
1380 5065 1458 5124 actu,
1484 5057 1616 5127 diapason
1638 5071 1703 5113 cero
1729 5059 1804 5129 ponit
1821 5057 1871 5111 dia·

525 5144 610 5208 pente
625 5136 687 5192 aula
702 5141 848 5206 mute,
866 5137 1002 5208 positione
1018 5149 1076 5193 non
1093 5137 1262 5206 hamonica,
1281 5137 1331 5193 aed
1348 5137 1477 5206 generali,
1495 5137 1687 5206 quantitau'ra,
1706 5134 1870 5194 montemnis

527 5214 614 5286 maior
630 5213 770 5284 quantitas
787 5214 865 5285 ponit
881 5214 1020 5272 minorem
