<?xml version="1.0" encoding="UTF-8"?>
<!DOCTYPE html PUBLIC "-//W3C//DTD XHTML 1.0 Transitional//EN"
    "http://www.w3.org/TR/xhtml1/DTD/xhtml1-transitional.dtd">
<html xmlns="http://www.w3.org/1999/xhtml" xml:lang="en" lang="en">
 <head>
  <title>
</title>
<meta http-equiv="Content-Type" content="text/html;charset=utf-8" />
  <meta name='ocr-system' content='tesseract 3.04.00' />
  <meta name='ocr-capabilities' content='ocr_page ocr_carea ocr_par ocr_line ocrx_word'/>
</head>
<body>
  <div class='ocr_page' id='page_1' title='image "./joanniskepleria20frisgoog/joanniskepleria20frisgoog_0144.png"; bbox 0 0 4242 6384; ppageno 0'>
   <div class='ocr_carea' id='block_1_1' title="bbox 499 842 1317 922">
    <p class='ocr_par' dir='ltr' id='par_1_1' title="bbox 499 842 1317 922">
     <span class='ocr_line' id='line_1_1' title="bbox 499 842 1317 922; baseline -0.012 -13"><span class='ocrx_word' id='word_1_1' title='bbox 499 850 562 911; x_wconf 78' lang='grc'><strong>130</strong></span> <span class='ocrx_word' id='word_1_2' title='bbox 619 918 622 922; x_wconf 20' lang='lat'><em>7</em></span> <span class='ocrx_word' id='word_1_3' title='bbox 891 896 896 911; x_wconf 85' lang='lat'>‚</span> <span class='ocrx_word' id='word_1_4' title='bbox 1029 845 1073 901; x_wconf 86' lang='lat' dir='ltr'><strong>lle</strong></span> <span class='ocrx_word' id='word_1_5' title='bbox 1090 842 1317 915; x_wconf 79' lang='lat' dir='ltr'><strong>Propertionibus</strong></span> 
     </span>
    </p>
   </div>
   <div class='ocr_carea' id='block_1_2' title="bbox 494 1018 1858 3719">
    <p class='ocr_par' dir='ltr' id='par_1_2' title="bbox 494 1018 1858 3087">
     <span class='ocr_line' id='line_1_2' title="bbox 498 1018 1851 1101; baseline -0.005 -19"><span class='ocrx_word' id='word_1_6' title='bbox 498 1025 527 1097; x_wconf 91' lang='grc'><strong>1,</strong></span> <span class='ocrx_word' id='word_1_7' title='bbox 549 1024 580 1096; x_wconf 92' lang='grc'><strong>2,</strong></span> <span class='ocrx_word' id='word_1_8' title='bbox 602 1024 696 1081; x_wconf 88' lang='lat' dir='ltr'><strong>minor</strong></span> <span class='ocrx_word' id='word_1_9' title='bbox 712 1038 789 1083; x_wconf 72' lang='lat' dir='ltr'><strong>uera</strong></span> <span class='ocrx_word' id='word_1_10' title='bbox 811 1024 886 1083; x_wconf 88' lang='lat' dir='ltr'><strong>inter</strong></span> <span class='ocrx_word' id='word_1_11' title='bbox 908 1026 939 1096; x_wconf 91' lang='grc'><strong>3,</strong></span> <span class='ocrx_word' id='word_1_12' title='bbox 962 1025 992 1097; x_wconf 83' lang='grc'><strong>4,</strong></span> <span class='ocrx_word' id='word_1_13' title='bbox 1016 1024 1118 1085; x_wconf 84' lang='lat' dir='ltr'><strong>ablata</strong></span> <span class='ocrx_word' id='word_1_14' title='bbox 1139 1042 1159 1083; x_wconf 92' lang='lat' dir='ltr'><strong>a</strong></span> <span class='ocrx_word' id='word_1_15' title='bbox 1179 1023 1283 1100; x_wconf 88' lang='lat' dir='ltr'><strong>majori</strong></span> <span class='ocrx_word' id='word_1_16' title='bbox 1306 1024 1335 1095; x_wconf 90' lang='grc'><strong>2,</strong></span> <span class='ocrx_word' id='word_1_17' title='bbox 1361 1022 1390 1094; x_wconf 82' lang='grc'><strong>8,</strong></span> <span class='ocrx_word' id='word_1_18' title='bbox 1413 1018 1599 1101; x_wconf 70' lang='lat' dir='ltr'><strong>relinquebat</strong></span> <span class='ocrx_word' id='word_1_19' title='bbox 1620 1020 1851 1095; x_wconf 73' lang='lat' dir='ltr'><strong>sesquioctavam</strong></span> 
     </span>
     <span class='ocr_line' id='line_1_3' title="bbox 495 1107 1851 1188; baseline -0.004 -21"><span class='ocrx_word' id='word_1_20' title='bbox 495 1113 570 1169; x_wconf 92' lang='lat' dir='ltr'><strong>inter</strong></span> <span class='ocrx_word' id='word_1_21' title='bbox 593 1110 623 1183; x_wconf 84' lang='lat'><strong>8,</strong></span> <span class='ocrx_word' id='word_1_22' title='bbox 647 1110 676 1169; x_wconf 88' lang='grc'><strong>9.</strong></span> <span class='ocrx_word' id='word_1_23' title='bbox 719 1108 758 1170; x_wconf 85' lang='lat' dir='ltr'><strong>Et</strong></span> <span class='ocrx_word' id='word_1_24' title='bbox 779 1118 893 1169; x_wconf 87' lang='lat' dir='ltr'><strong>tantum</strong></span> <span class='ocrx_word' id='word_1_25' title='bbox 915 1110 1167 1188; x_wconf 88' lang='lat' dir='ltr'><strong>deprehenderunt</strong></span> <span class='ocrx_word' id='word_1_26' title='bbox 1188 1128 1252 1171; x_wconf 88' lang='lat' dir='ltr'><strong>esse</strong></span> <span class='ocrx_word' id='word_1_27' title='bbox 1274 1107 1461 1169; x_wconf 85' lang='lat' dir='ltr'><strong>intervallum</strong></span> <span class='ocrx_word' id='word_1_28' title='bbox 1481 1110 1558 1180; x_wconf 91' lang='lat' dir='ltr'><strong>toni,</strong></span> <span class='ocrx_word' id='word_1_29' title='bbox 1582 1108 1806 1166; x_wconf 90' lang='lat' dir='ltr'><strong>usitatissimum</strong></span> <span class='ocrx_word' id='word_1_30' title='bbox 1826 1107 1851 1161; x_wconf 89' lang='grc'><strong>11</strong></span> 
     </span>
     <span class='ocr_line' id='line_1_4' title="bbox 497 1192 1852 1273; baseline -0.004 -18"><span class='ocrx_word' id='word_1_31' title='bbox 497 1198 577 1255; x_wconf 90' lang='lat' dir='ltr'><strong>omni</strong></span> <span class='ocrx_word' id='word_1_32' title='bbox 599 1205 695 1255; x_wconf 88' lang='lat' dir='ltr'><strong>cantu.</strong></span> <span class='ocrx_word' id='word_1_33' title='bbox 740 1195 834 1273; x_wconf 79' lang='lat' dir='ltr'><strong>Atqui</strong></span> <span class='ocrx_word' id='word_1_34' title='bbox 862 1213 1000 1257; x_wconf 87' lang='lat' dir='ltr'><strong>numerus</strong></span> <span class='ocrx_word' id='word_1_35' title='bbox 1023 1200 1042 1257; x_wconf 87' lang='grc'>8</span> <span class='ocrx_word' id='word_1_36' title='bbox 1066 1208 1112 1258; x_wconf 88' lang='grc'><strong>111</strong></span> <span class='ocrx_word' id='word_1_37' title='bbox 1134 1198 1228 1257; x_wconf 88' lang='lat' dir='ltr'><strong>cubus</strong></span> <span class='ocrx_word' id='word_1_38' title='bbox 1248 1196 1284 1256; x_wconf 90' lang='lat' dir='ltr'><strong>de</strong></span> <span class='ocrx_word' id='word_1_39' title='bbox 1308 1199 1338 1271; x_wconf 88' lang='grc'><strong>2,</strong></span> <span class='ocrx_word' id='word_1_40' title='bbox 1361 1204 1391 1257; x_wconf 92' lang='grc'><strong>11</strong></span> <span class='ocrx_word' id='word_1_41' title='bbox 1411 1212 1549 1256; x_wconf 89' lang='lat' dir='ltr'><strong>numerus</strong></span> <span class='ocrx_word' id='word_1_42' title='bbox 1573 1195 1592 1252; x_wconf 83' lang='lat'><strong>9</strong></span> <span class='ocrx_word' id='word_1_43' title='bbox 1615 1202 1660 1253; x_wconf 88' lang='lat' dir='ltr'><strong>est</strong></span> <span class='ocrx_word' id='word_1_44' title='bbox 1683 1192 1852 1269; x_wconf 90' lang='lat' dir='ltr'><strong>quadratum</strong></span> 
     </span>
     <span class='ocr_line' id='line_1_5' title="bbox 496 1279 1852 1364; baseline -0.004 -23"><span class='ocrx_word' id='word_1_45' title='bbox 496 1282 585 1343; x_wconf 86' lang='grc'>(113.</span> <span class='ocrx_word' id='word_1_46' title='bbox 630 1280 701 1343; x_wconf 86' lang='lat' dir='ltr'><strong>Jam</strong></span> <span class='ocrx_word' id='word_1_47' title='bbox 723 1284 811 1361; x_wconf 89' lang='lat' dir='ltr'><strong>igitur</strong></span> <span class='ocrx_word' id='word_1_48' title='bbox 832 1284 863 1342; x_wconf 87' lang='lat' dir='ltr'><strong>hi</strong></span> <span class='ocrx_word' id='word_1_49' title='bbox 887 1292 969 1344; x_wconf 90' lang='lat' dir='ltr'><strong>erant</strong></span> <span class='ocrx_word' id='word_1_50' title='bbox 989 1287 1019 1343; x_wconf 93' lang='lat' dir='ltr'><strong>iu</strong></span> <span class='ocrx_word' id='word_1_51' title='bbox 1048 1294 1165 1364; x_wconf 87' lang='lat' dir='ltr'><strong>promtu</strong></span> <span class='ocrx_word' id='word_1_52' title='bbox 1187 1286 1298 1345; x_wconf 90' lang='lat' dir='ltr'><strong>numeri</strong></span> <span class='ocrx_word' id='word_1_53' title='bbox 1323 1287 1350 1351; x_wconf 91' lang='lat'><strong>1,</strong></span> <span class='ocrx_word' id='word_1_54' title='bbox 1375 1286 1405 1357; x_wconf 91' lang='grc'><strong>2,</strong></span> <span class='ocrx_word' id='word_1_55' title='bbox 1429 1284 1457 1357; x_wconf 87' lang='grc'><strong>3,</strong></span> <span class='ocrx_word' id='word_1_56' title='bbox 1478 1286 1512 1357; x_wconf 93' lang='lat'><strong>4,</strong></span> <span class='ocrx_word' id='word_1_57' title='bbox 1536 1282 1564 1355; x_wconf 84' lang='grc'><strong>8,</strong></span> <span class='ocrx_word' id='word_1_58' title='bbox 1590 1284 1618 1341; x_wconf 89' lang='grc'><strong>9.</strong></span> <span class='ocrx_word' id='word_1_59' title='bbox 1663 1279 1741 1339; x_wconf 85' lang='lat' dir='ltr'><strong>Cum</strong></span> <span class='ocrx_word' id='word_1_60' title='bbox 1764 1288 1852 1338; x_wconf 88' lang='lat' dir='ltr'><strong>autem</strong></span> 
     </span>
     <span class='ocr_line' id='line_1_6' title="bbox 495 1366 1854 1448; baseline -0.006 -18"><span class='ocrx_word' id='word_1_61' title='bbox 495 1368 599 1430; x_wconf 91' lang='lat' dir='ltr'><strong>eadem</strong></span> <span class='ocrx_word' id='word_1_62' title='bbox 618 1372 715 1429; x_wconf 88' lang='lat' dir='ltr'><strong>unitas</strong></span> <span class='ocrx_word' id='word_1_63' title='bbox 738 1373 777 1429; x_wconf 93' lang='lat' dir='ltr'><strong>sit</strong></span> <span class='ocrx_word' id='word_1_64' title='bbox 799 1379 829 1431; x_wconf 89' lang='lat' dir='ltr'><strong>et</strong></span> <span class='ocrx_word' id='word_1_65' title='bbox 850 1371 1031 1448; x_wconf 75' lang='lat' dir='ltr'><strong>quadratam·</strong></span> <span class='ocrx_word' id='word_1_66' title='bbox 1047 1391 1133 1433; x_wconf 88' lang='lat' dir='ltr'><strong>suurn</strong></span> <span class='ocrx_word' id='word_1_67' title='bbox 1154 1380 1185 1431; x_wconf 91' lang='lat' dir='ltr'><strong>et</strong></span> <span class='ocrx_word' id='word_1_68' title='bbox 1206 1372 1316 1447; x_wconf 90' lang='lat' dir='ltr'><strong>cubus,</strong></span> <span class='ocrx_word' id='word_1_69' title='bbox 1339 1370 1468 1430; x_wconf 80' lang='lat' dir='ltr'><strong>binarius</strong></span> <span class='ocrx_word' id='word_1_70' title='bbox 1491 1386 1561 1429; x_wconf 85' lang='lat' dir='ltr'><strong>vero</strong></span> <span class='ocrx_word' id='word_1_71' title='bbox 1576 1366 1754 1444; x_wconf 84' lang='lat' dir='ltr'><strong>quadratum</strong></span> <span class='ocrx_word' id='word_1_72' title='bbox 1777 1382 1854 1425; x_wconf 86' lang='lat' dir='ltr'><strong>suurn</strong></span> 
     </span>
     <span class='ocr_line' id='line_1_7' title="bbox 495 1454 1854 1537; baseline -0.005 -21"><span class='ocrx_word' id='word_1_73' title='bbox 495 1458 615 1517; x_wconf 89' lang='lat' dir='ltr'><strong>haberet</strong></span> <span class='ocrx_word' id='word_1_74' title='bbox 639 1460 659 1515; x_wconf 99' lang='lat'>4</span> <span class='ocrx_word' id='word_1_75' title='bbox 682 1466 712 1517; x_wconf 89' lang='grc'><strong>11</strong></span> <span class='ocrx_word' id='word_1_76' title='bbox 734 1459 841 1517; x_wconf 90' lang='lat' dir='ltr'><strong>cabum</strong></span> <span class='ocrx_word' id='word_1_77' title='bbox 864 1460 893 1531; x_wconf 86' lang='grc'><strong>8,</strong></span> <span class='ocrx_word' id='word_1_78' title='bbox 915 1462 1043 1521; x_wconf 88' lang='lat' dir='ltr'><strong>ternario</strong></span> <span class='ocrx_word' id='word_1_79' title='bbox 1066 1463 1154 1525; x_wconf 88' lang='lat' dir='ltr'><strong>etiam</strong></span> <span class='ocrx_word' id='word_1_80' title='bbox 1176 1468 1289 1537; x_wconf 85' lang='lat' dir='ltr'><strong>praeter</strong></span> <span class='ocrx_word' id='word_1_81' title='bbox 1305 1456 1513 1535; x_wconf 81' lang='lat' dir='ltr'><strong>quadratnmii</strong></span> <span class='ocrx_word' id='word_1_82' title='bbox 1534 1456 1733 1533; x_wconf 81' lang='lat' dir='ltr'><strong>adjunxerunt</strong></span> <span class='ocrx_word' id='word_1_83' title='bbox 1755 1454 1854 1513; x_wconf 89' lang='lat' dir='ltr'><strong>cubum</strong></span> 
     </span>
     <span class='ocr_line' id='line_1_8' title="bbox 496 1542 1854 1625; baseline -0.003 -22"><span class='ocrx_word' id='word_1_84' title='bbox 496 1546 657 1617; x_wconf 82' lang='grc'>1111121,</span> <span class='ocrx_word' id='word_1_85' title='bbox 689 1545 769 1621; x_wconf 90' lang='lat' dir='ltr'><strong>quod</strong></span> <span class='ocrx_word' id='word_1_86' title='bbox 792 1548 1005 1621; x_wconf 79' lang='lat' dir='ltr'><strong>existimarent,</strong></span> <span class='ocrx_word' id='word_1_87' title='bbox 1036 1546 1190 1607; x_wconf 87' lang='lat' dir='ltr'><strong>adcubes</strong></span> <span class='ocrx_word' id='word_1_88' title='bbox 1219 1562 1311 1621; x_wconf 88' lang='lat' dir='ltr'><strong>usque</strong></span> <span class='ocrx_word' id='word_1_89' title='bbox 1343 1542 1586 1622; x_wconf 89' lang='lat' dir='ltr'><strong>progrediendum</strong></span> <span class='ocrx_word' id='word_1_90' title='bbox 1608 1560 1672 1602; x_wconf 91' lang='lat' dir='ltr'><strong>csse</strong></span> <span class='ocrx_word' id='word_1_91' title='bbox 1697 1550 1854 1625; x_wconf 82' lang='lat' dir='ltr'><strong>propterea,</strong></span> 
     </span>
     <span class='ocr_line' id='line_1_9' title="bbox 495 1626 1855 1715; baseline -0.004 -26"><span class='ocrx_word' id='word_1_92' title='bbox 495 1630 575 1715; x_wconf 88' lang='lat' dir='ltr'><strong>quod</strong></span> <span class='ocrx_word' id='word_1_93' title='bbox 597 1630 724 1691; x_wconf 89' lang='lat' dir='ltr'><strong>muudus</strong></span> <span class='ocrx_word' id='word_1_94' title='bbox 747 1638 827 1691; x_wconf 91' lang='lat' dir='ltr'><strong>totus</strong></span> <span class='ocrx_word' id='word_1_95' title='bbox 851 1642 881 1693; x_wconf 91' lang='lat' dir='ltr'><strong>et</strong></span> <span class='ocrx_word' id='word_1_96' title='bbox 896 1634 1012 1693; x_wconf 85' lang='lat' dir='ltr'><strong>vocalia</strong></span> <span class='ocrx_word' id='word_1_97' title='bbox 1027 1636 1126 1694; x_wconf 91' lang='lat' dir='ltr'><strong>omnis</strong></span> <span class='ocrx_word' id='word_1_98' title='bbox 1147 1652 1205 1693; x_wconf 93' lang='lat' dir='ltr'><strong>non</strong></span> <span class='ocrx_word' id='word_1_99' title='bbox 1220 1632 1428 1712; x_wconf 87' lang='lat' dir='ltr'><strong>superficiebus</strong></span> <span class='ocrx_word' id='word_1_100' title='bbox 1451 1638 1619 1693; x_wconf 75' lang='lat' dir='ltr'><strong>constarent</strong></span> <span class='ocrx_word' id='word_1_101' title='bbox 1637 1631 1787 1700; x_wconf 87' lang='lat' dir='ltr'><strong>inanibus,</strong></span> <span class='ocrx_word' id='word_1_102' title='bbox 1809 1626 1855 1685; x_wconf 87' lang='lat' dir='ltr'><strong>sed</strong></span> 
     </span>
     <span class='ocr_line' id='line_1_10' title="bbox 495 1714 1856 1797; baseline -0.005 -19"><span class='ocrx_word' id='word_1_103' title='bbox 495 1718 599 1779; x_wconf 89' lang='lat' dir='ltr'><strong>solidis</strong></span> <span class='ocrx_word' id='word_1_104' title='bbox 622 1719 801 1797; x_wconf 84' lang='lat' dir='ltr'><strong>corporibus.</strong></span> <span class='ocrx_word' id='word_1_105' title='bbox 835 1720 971 1797; x_wconf 88' lang='lat' dir='ltr'><strong>Denique</strong></span> <span class='ocrx_word' id='word_1_106' title='bbox 994 1740 1030 1782; x_wconf 84' lang='lat' dir='ltr'><strong>ex</strong></span> <span class='ocrx_word' id='word_1_107' title='bbox 1050 1721 1109 1781; x_wconf 92' lang='lat' dir='ltr'><strong>hoc</strong></span> <span class='ocrx_word' id='word_1_108' title='bbox 1130 1724 1214 1780; x_wconf 90' lang='lat' dir='ltr'><strong>initio</strong></span> <span class='ocrx_word' id='word_1_109' title='bbox 1237 1727 1319 1780; x_wconf 86' lang='lat' dir='ltr'><strong>tanta</strong></span> <span class='ocrx_word' id='word_1_110' title='bbox 1341 1719 1451 1780; x_wconf 89' lang='lat' dir='ltr'><strong>coaluit</strong></span> <span class='ocrx_word' id='word_1_111' title='bbox 1473 1720 1573 1797; x_wconf 89' lang='lat' dir='ltr'><strong>opinio</strong></span> <span class='ocrx_word' id='word_1_112' title='bbox 1595 1732 1785 1775; x_wconf 86' lang='lat' dir='ltr'><strong>numerorum</strong></span> <span class='ocrx_word' id='word_1_113' title='bbox 1806 1714 1856 1771; x_wconf 91' lang='lat' dir='ltr'><strong>ho·</strong></span> 
     </span>
     <span class='ocr_line' id='line_1_11' title="bbox 494 1802 1855 1887; baseline -0.005 -23"><span class='ocrx_word' id='word_1_114' title='bbox 494 1824 568 1879; x_wconf 91' lang='lat' dir='ltr'><strong>ram,</strong></span> <span class='ocrx_word' id='word_1_115' title='bbox 590 1814 743 1884; x_wconf 88' lang='lat' dir='ltr'><strong>propterea</strong></span> <span class='ocrx_word' id='word_1_116' title='bbox 765 1806 844 1883; x_wconf 88' lang='lat' dir='ltr'><strong>quod</strong></span> <span class='ocrx_word' id='word_1_117' title='bbox 868 1818 966 1868; x_wconf 86' lang='lat' dir='ltr'><strong>essent</strong></span> <span class='ocrx_word' id='word_1_118' title='bbox 987 1812 1086 1887; x_wconf 90' lang='lat' dir='ltr'><strong>primi,</strong></span> <span class='ocrx_word' id='word_1_119' title='bbox 1117 1825 1275 1885; x_wconf 86' lang='lat' dir='ltr'><strong>eorumque</strong></span> <span class='ocrx_word' id='word_1_120' title='bbox 1298 1806 1433 1883; x_wconf 87' lang='lat' dir='ltr'><strong>quadrati</strong></span> <span class='ocrx_word' id='word_1_121' title='bbox 1456 1816 1486 1867; x_wconf 89' lang='lat' dir='ltr'><strong>et</strong></span> <span class='ocrx_word' id='word_1_122' title='bbox 1507 1808 1585 1873; x_wconf 89' lang='lat' dir='ltr'><strong>cubi,</strong></span> <span class='ocrx_word' id='word_1_123' title='bbox 1608 1813 1642 1864; x_wconf 90' lang='lat' dir='ltr'><strong>ut</strong></span> <span class='ocrx_word' id='word_1_124' title='bbox 1662 1802 1855 1881; x_wconf 84' lang='lat' dir='ltr'><strong>Pythagorsei</strong></span> 
     </span>
     <span class='ocr_line' id='line_1_12' title="bbox 494 1892 1857 1971; baseline -0.005 -20"><span class='ocrx_word' id='word_1_125' title='bbox 494 1902 589 1951; x_wconf 88' lang='lat' dir='ltr'><strong>totam</strong></span> <span class='ocrx_word' id='word_1_126' title='bbox 616 1892 834 1971; x_wconf 79' lang='lat' dir='ltr'><strong>philosophiam</strong></span> <span class='ocrx_word' id='word_1_127' title='bbox 864 1914 900 1954; x_wconf 86' lang='lat' dir='ltr'><strong>ax</strong></span> <span class='ocrx_word' id='word_1_128' title='bbox 928 1897 965 1954; x_wconf 90' lang='lat' dir='ltr'><strong>iis</strong></span> <span class='ocrx_word' id='word_1_129' title='bbox 994 1899 1158 1957; x_wconf 87' lang='lat' dir='ltr'><strong>censuerint</strong></span> <span class='ocrx_word' id='word_1_130' title='bbox 1186 1894 1426 1955; x_wconf 86' lang='lat' dir='ltr'><strong>concinnandam.</strong></span> <span class='ocrx_word' id='word_1_131' title='bbox 1470 1893 1546 1952; x_wconf 84' lang='lat' dir='ltr'><strong>Nam</strong></span> <span class='ocrx_word' id='word_1_132' title='bbox 1568 1894 1666 1951; x_wconf 90' lang='lat' dir='ltr'><strong>unitas</strong></span> <span class='ocrx_word' id='word_1_133' title='bbox 1688 1906 1857 1968; x_wconf 86' lang='lat' dir='ltr'><strong>repraesen-</strong></span> 
     </span>
     <span class='ocr_line' id='line_1_13' title="bbox 495 1975 1856 2059; baseline -0.004 -21"><span class='ocrx_word' id='word_1_134' title='bbox 495 1980 580 2039; x_wconf 85' lang='lat' dir='ltr'><strong>tabat</strong></span> <span class='ocrx_word' id='word_1_135' title='bbox 601 1981 673 2057; x_wconf 91' lang='lat' dir='ltr'><strong>ipsis</strong></span> <span class='ocrx_word' id='word_1_136' title='bbox 694 1980 792 2040; x_wconf 92' lang='lat' dir='ltr'><strong>ideam</strong></span> <span class='ocrx_word' id='word_1_137' title='bbox 815 1989 845 2040; x_wconf 90' lang='lat' dir='ltr'><strong>et</strong></span> <span class='ocrx_word' id='word_1_138' title='bbox 865 1990 993 2043; x_wconf 90' lang='lat' dir='ltr'><strong>mentem</strong></span> <span class='ocrx_word' id='word_1_139' title='bbox 1013 1993 1044 2043; x_wconf 91' lang='lat' dir='ltr'><strong>et</strong></span> <span class='ocrx_word' id='word_1_140' title='bbox 1065 1985 1201 2058; x_wconf 79' lang='lat' dir='ltr'><strong>sormam,</strong></span> <span class='ocrx_word' id='word_1_141' title='bbox 1233 1984 1304 2059; x_wconf 88' lang='lat' dir='ltr'><strong>quia</strong></span> <span class='ocrx_word' id='word_1_142' title='bbox 1324 1990 1358 2043; x_wconf 88' lang='lat' dir='ltr'><strong>ut</strong></span> <span class='ocrx_word' id='word_1_143' title='bbox 1378 1984 1477 2039; x_wconf 90' lang='lat' dir='ltr'><strong>unitae</strong></span> <span class='ocrx_word' id='word_1_144' title='bbox 1498 1978 1652 2039; x_wconf 84' lang='lat' dir='ltr'><strong>individua</strong></span> <span class='ocrx_word' id='word_1_145' title='bbox 1675 1986 1722 2037; x_wconf 89' lang='lat' dir='ltr'><strong>est</strong></span> <span class='ocrx_word' id='word_1_146' title='bbox 1745 1975 1856 2036; x_wconf 89' lang='lat' dir='ltr'><strong>eadem·</strong></span> 
     </span>
     <span class='ocr_line' id='line_1_14' title="bbox 496 2065 1857 2149; baseline -0.005 -25"><span class='ocrx_word' id='word_1_147' title='bbox 496 2083 555 2142; x_wconf 89' lang='lat' dir='ltr'><strong>que</strong></span> <span class='ocrx_word' id='word_1_148' title='bbox 577 2076 677 2127; x_wconf 88' lang='lat' dir='ltr'><strong>manet</strong></span> <span class='ocrx_word' id='word_1_149' title='bbox 699 2075 729 2125; x_wconf 92' lang='lat' dir='ltr'><strong>et</strong></span> <span class='ocrx_word' id='word_1_150' title='bbox 750 2068 893 2143; x_wconf 86' lang='lat' dir='ltr'><strong>quadrato</strong></span> <span class='ocrx_word' id='word_1_151' title='bbox 915 2070 1110 2149; x_wconf 86' lang='lat' dir='ltr'><strong>multiplicata</strong></span> <span class='ocrx_word' id='word_1_152' title='bbox 1131 2080 1161 2131; x_wconf 90' lang='grc'><strong>11</strong></span> <span class='ocrx_word' id='word_1_153' title='bbox 1182 2070 1293 2142; x_wconf 87' lang='lat' dir='ltr'><strong>cubica,</strong></span> <span class='ocrx_word' id='word_1_154' title='bbox 1316 2070 1359 2128; x_wconf 88' lang='lat' dir='ltr'><strong>sio</strong></span> <span class='ocrx_word' id='word_1_155' title='bbox 1380 2068 1464 2129; x_wconf 88' lang='lat' dir='ltr'><strong>ideae</strong></span> <span class='ocrx_word' id='word_1_156' title='bbox 1480 2082 1598 2143; x_wconf 90' lang='lat' dir='ltr'><strong>quoque</strong></span> <span class='ocrx_word' id='word_1_157' title='bbox 1613 2065 1812 2125; x_wconf 83' lang='lat' dir='ltr'><strong>indivisibiles</strong></span> <span class='ocrx_word' id='word_1_158' title='bbox 1833 2069 1857 2119; x_wconf 88' lang='lat' dir='ltr'><strong>et</strong></span> 
     </span>
     <span class='ocr_line' id='line_1_15' title="bbox 494 2152 1857 2236; baseline -0.004 -24"><span class='ocrx_word' id='word_1_159' title='bbox 494 2152 676 2236; x_wconf 86' lang='lat' dir='ltr'><strong>universales</strong></span> <span class='ocrx_word' id='word_1_160' title='bbox 699 2163 798 2215; x_wconf 91' lang='lat' dir='ltr'><strong>essent</strong></span> <span class='ocrx_word' id='word_1_161' title='bbox 818 2164 848 2215; x_wconf 89' lang='lat' dir='ltr'><strong>et</strong></span> <span class='ocrx_word' id='word_1_162' title='bbox 869 2174 983 2235; x_wconf 84' lang='lat' dir='ltr'><strong>semper</strong></span> <span class='ocrx_word' id='word_1_163' title='bbox 1004 2158 1092 2219; x_wconf 89' lang='lat' dir='ltr'><strong>idem.</strong></span> <span class='ocrx_word' id='word_1_164' title='bbox 1122 2158 1225 2235; x_wconf 85' lang='lat' dir='ltr'><strong>Itaque</strong></span> <span class='ocrx_word' id='word_1_165' title='bbox 1241 2159 1383 2217; x_wconf 90' lang='lat' dir='ltr'><strong>unitatem</strong></span> <span class='ocrx_word' id='word_1_166' title='bbox 1404 2156 1536 2215; x_wconf 87' lang='lat' dir='ltr'><strong>lecerunt</strong></span> <span class='ocrx_word' id='word_1_167' title='bbox 1549 2152 1719 2233; x_wconf 76' lang='lat' dir='ltr'><strong>symbolum</strong></span> <span class='ocrx_word' id='word_1_168' title='bbox 1742 2160 1857 2211; x_wconf 88' lang='lat' dir='ltr'><strong>naturae</strong></span> 
     </span>
     <span class='ocr_line' id='line_1_16' title="bbox 495 2240 1857 2324; baseline -0.004 -26"><span class='ocrx_word' id='word_1_169' title='bbox 495 2240 665 2311; x_wconf 85' lang='lat' dir='ltr'><strong>identitatis,</strong></span> <span class='ocrx_word' id='word_1_170' title='bbox 686 2258 822 2301; x_wconf 89' lang='lat' dir='ltr'><strong>numeros</strong></span> <span class='ocrx_word' id='word_1_171' title='bbox 844 2262 914 2305; x_wconf 82' lang='lat' dir='ltr'><strong>uero</strong></span> <span class='ocrx_word' id='word_1_172' title='bbox 938 2254 1050 2305; x_wconf 88' lang='lat' dir='ltr'><strong>ceteros</strong></span> <span class='ocrx_word' id='word_1_173' title='bbox 1077 2246 1214 2324; x_wconf 84' lang='lat' dir='ltr'><strong>symbola</strong></span> <span class='ocrx_word' id='word_1_174' title='bbox 1244 2254 1365 2303; x_wconf 89' lang='lat' dir='ltr'><strong>naturae</strong></span> <span class='ocrx_word' id='word_1_175' title='bbox 1395 2242 1559 2303; x_wconf 87' lang='lat' dir='ltr'><strong>alteritatis.</strong></span> <span class='ocrx_word' id='word_1_176' title='bbox 1605 2240 1746 2299; x_wconf 89' lang='lat' dir='ltr'><strong>Binarius</strong></span> <span class='ocrx_word' id='word_1_177' title='bbox 1776 2241 1857 2315; x_wconf 89' lang='lat' dir='ltr'><strong>igitur</strong></span> 
     </span>
     <span class='ocr_line' id='line_1_17' title="bbox 496 2326 1857 2409; baseline -0.004 -22"><span class='ocrx_word' id='word_1_178' title='bbox 496 2326 673 2388; x_wconf 88' lang='lat' dir='ltr'><strong>alteritatem</strong></span> <span class='ocrx_word' id='word_1_179' title='bbox 694 2330 832 2405; x_wconf 86' lang='lat' dir='ltr'><strong>signabat</strong></span> <span class='ocrx_word' id='word_1_180' title='bbox 853 2339 883 2391; x_wconf 90' lang='lat' dir='ltr'><strong>et</strong></span> <span class='ocrx_word' id='word_1_181' title='bbox 905 2336 1071 2407; x_wconf 88' lang='lat' dir='ltr'><strong>materiam,</strong></span> <span class='ocrx_word' id='word_1_182' title='bbox 1094 2335 1165 2409; x_wconf 82' lang='lat' dir='ltr'><strong>quia</strong></span> <span class='ocrx_word' id='word_1_183' title='bbox 1187 2331 1362 2391; x_wconf 87' lang='lat' dir='ltr'><strong>divisionem</strong></span> <span class='ocrx_word' id='word_1_184' title='bbox 1381 2330 1435 2390; x_wconf 90' lang='lat' dir='ltr'><strong>ille</strong></span> <span class='ocrx_word' id='word_1_185' title='bbox 1458 2328 1600 2403; x_wconf 89' lang='lat' dir='ltr'><strong>admittit,</strong></span> <span class='ocrx_word' id='word_1_186' title='bbox 1625 2336 1657 2386; x_wconf 92' lang='lat' dir='ltr'><strong>ut</strong></span> <span class='ocrx_word' id='word_1_187' title='bbox 1680 2338 1713 2387; x_wconf 91' lang='lat' dir='ltr'><strong>et</strong></span> <span class='ocrx_word' id='word_1_188' title='bbox 1735 2330 1811 2399; x_wconf 78' lang='lat' dir='ltr'><strong>ista3</strong></span> <span class='ocrx_word' id='word_1_189' title='bbox 1833 2330 1857 2381; x_wconf 87' lang='lat' dir='ltr'><strong>et</strong></span> 
     </span>
     <span class='ocr_line' id='line_1_18' title="bbox 496 2412 1857 2498; baseline -0.004 -25"><span class='ocrx_word' id='word_1_190' title='bbox 496 2422 530 2474; x_wconf 92' lang='grc'><strong>11</strong></span> <span class='ocrx_word' id='word_1_191' title='bbox 552 2414 602 2474; x_wconf 88' lang='grc'>1111</span> <span class='ocrx_word' id='word_1_192' title='bbox 625 2413 768 2491; x_wconf 84' lang='lat' dir='ltr'><strong>quadrata</strong></span> <span class='ocrx_word' id='word_1_193' title='bbox 789 2417 1001 2498; x_wconf 89' lang='lat' dir='ltr'><strong>multiplicatus</strong></span> <span class='ocrx_word' id='word_1_194' title='bbox 1022 2421 1056 2481; x_wconf 87' lang='lat' dir='ltr'><strong>lit</strong></span> <span class='ocrx_word' id='word_1_195' title='bbox 1079 2422 1113 2493; x_wconf 94' lang='lat'><strong>4,</strong></span> <span class='ocrx_word' id='word_1_196' title='bbox 1142 2421 1244 2483; x_wconf 87' lang='lat' dir='ltr'><strong>cubica</strong></span> <span class='ocrx_word' id='word_1_197' title='bbox 1268 2422 1304 2493; x_wconf 85' lang='lat'><strong>8,</strong></span> <span class='ocrx_word' id='word_1_198' title='bbox 1336 2421 1387 2495; x_wconf 86' lang='lat' dir='ltr'><strong>qui</strong></span> <span class='ocrx_word' id='word_1_199' title='bbox 1410 2424 1478 2477; x_wconf 90' lang='lat' dir='ltr'><strong>sunt</strong></span> <span class='ocrx_word' id='word_1_200' title='bbox 1500 2418 1612 2475; x_wconf 90' lang='lat' dir='ltr'><strong>numeri</strong></span> <span class='ocrx_word' id='word_1_201' title='bbox 1634 2414 1771 2475; x_wconf 89' lang='lat' dir='ltr'><strong>distincti</strong></span> <span class='ocrx_word' id='word_1_202' title='bbox 1793 2430 1810 2471; x_wconf 90' lang='lat' dir='ltr'><strong>a</strong></span> <span class='ocrx_word' id='word_1_203' title='bbox 1832 2412 1857 2481; x_wconf 95' lang='grc'><strong>2,</strong></span> 
     </span>
     <span class='ocr_line' id='line_1_19' title="bbox 496 2502 1857 2587; baseline -0.004 -26"><span class='ocrx_word' id='word_1_204' title='bbox 496 2504 540 2561; x_wconf 86' lang='grc'><strong>111</strong></span> <span class='ocrx_word' id='word_1_205' title='bbox 562 2504 686 2562; x_wconf 89' lang='lat' dir='ltr'><strong>materis</strong></span> <span class='ocrx_word' id='word_1_206' title='bbox 707 2504 855 2570; x_wconf 85' lang='lat' dir='ltr'><strong>instabilis</strong></span> <span class='ocrx_word' id='word_1_207' title='bbox 874 2514 904 2565; x_wconf 91' lang='lat' dir='ltr'><strong>et</strong></span> <span class='ocrx_word' id='word_1_208' title='bbox 926 2506 1111 2567; x_wconf 78' lang='lat' dir='ltr'><strong>multiformis</strong></span> <span class='ocrx_word' id='word_1_209' title='bbox 1126 2524 1191 2567; x_wconf 89' lang='lat' dir='ltr'><strong>esse</strong></span> <span class='ocrx_word' id='word_1_210' title='bbox 1206 2514 1312 2587; x_wconf 91' lang='lat' dir='ltr'><strong>potest.</strong></span> <span class='ocrx_word' id='word_1_211' title='bbox 1344 2504 1450 2564; x_wconf 79' lang='lat' dir='ltr'><strong>Aliter:</strong></span> <span class='ocrx_word' id='word_1_212' title='bbox 1468 2504 1599 2565; x_wconf 89' lang='lat' dir='ltr'><strong>binarius</strong></span> <span class='ocrx_word' id='word_1_213' title='bbox 1622 2505 1713 2563; x_wconf 86' lang='lat' dir='ltr'><strong>etiam</strong></span> <span class='ocrx_word' id='word_1_214' title='bbox 1737 2502 1857 2560; x_wconf 85' lang='lat' dir='ltr'><strong>animam</strong></span> 
     </span>
     <span class='ocr_line' id='line_1_20' title="bbox 495 2588 1858 2670; baseline -0.004 -21"><span class='ocrx_word' id='word_1_215' title='bbox 495 2590 650 2670; x_wconf 86' lang='lat' dir='ltr'><strong>signabat,</strong></span> <span class='ocrx_word' id='word_1_216' title='bbox 685 2590 855 2666; x_wconf 86' lang='lat' dir='ltr'><strong>quodcum</strong></span> <span class='ocrx_word' id='word_1_217' title='bbox 875 2611 957 2657; x_wconf 86' lang='lat' dir='ltr'><strong>mens</strong></span> <span class='ocrx_word' id='word_1_218' title='bbox 980 2594 1138 2655; x_wconf 89' lang='lat' dir='ltr'><strong>immobilis</strong></span> <span class='ocrx_word' id='word_1_219' title='bbox 1165 2598 1203 2654; x_wconf 90' lang='lat' dir='ltr'><strong>sit</strong></span> <span class='ocrx_word' id='word_1_220' title='bbox 1226 2602 1278 2653; x_wconf 92' lang='lat' dir='ltr'><strong>aut</strong></span> <span class='ocrx_word' id='word_1_221' title='bbox 1298 2602 1381 2653; x_wconf 91' lang='lat' dir='ltr'><strong>motu</strong></span> <span class='ocrx_word' id='word_1_222' title='bbox 1403 2592 1540 2651; x_wconf 80' lang='lat' dir='ltr'><strong>uniformi</strong></span> <span class='ocrx_word' id='word_1_223' title='bbox 1567 2608 1607 2650; x_wconf 89' lang='lat' dir='ltr'><strong>se.</strong></span> <span class='ocrx_word' id='word_1_224' title='bbox 1631 2588 1767 2649; x_wconf 85' lang='lat' dir='ltr'><strong>circulari</strong></span> <span class='ocrx_word' id='word_1_225' title='bbox 1790 2602 1858 2663; x_wconf 91' lang='lat' dir='ltr'><strong>gau·</strong></span> 
     </span>
     <span class='ocr_line' id='line_1_21' title="bbox 497 2674 1858 2761; baseline -0.007 -25"><span class='ocrx_word' id='word_1_226' title='bbox 497 2675 582 2752; x_wconf 90' lang='lat' dir='ltr'><strong>deat,</strong></span> <span class='ocrx_word' id='word_1_227' title='bbox 614 2678 714 2736; x_wconf 91' lang='lat' dir='ltr'><strong>anima</strong></span> <span class='ocrx_word' id='word_1_228' title='bbox 735 2686 837 2740; x_wconf 84' lang='lat' dir='ltr'><strong>contra</strong></span> <span class='ocrx_word' id='word_1_229' title='bbox 856 2679 1033 2761; x_wconf 88' lang='lat' dir='ltr'><strong>multiplices</strong></span> <span class='ocrx_word' id='word_1_230' title='bbox 1055 2690 1153 2742; x_wconf 89' lang='lat' dir='ltr'><strong>motus</strong></span> <span class='ocrx_word' id='word_1_231' title='bbox 1183 2700 1201 2741; x_wconf 90' lang='lat' dir='ltr'><strong>a</strong></span> <span class='ocrx_word' id='word_1_232' title='bbox 1230 2698 1349 2759; x_wconf 88' lang='lat' dir='ltr'><strong>corpore</strong></span> <span class='ocrx_word' id='word_1_233' title='bbox 1377 2680 1504 2757; x_wconf 86' lang='lat' dir='ltr'><strong>excipiat</strong></span> <span class='ocrx_word' id='word_1_234' title='bbox 1534 2676 1631 2754; x_wconf 87' lang='lat' dir='ltr'><strong>adque</strong></span> <span class='ocrx_word' id='word_1_235' title='bbox 1653 2685 1755 2736; x_wconf 90' lang='lat' dir='ltr'><strong>motus</strong></span> <span class='ocrx_word' id='word_1_236' title='bbox 1778 2674 1858 2733; x_wconf 86' lang='lat' dir='ltr'><strong>recti-</strong></span> 
     </span>
     <span class='ocr_line' id='line_1_22' title="bbox 495 2764 1856 2847; baseline -0.006 -24"><span class='ocrx_word' id='word_1_237' title='bbox 495 2764 600 2842; x_wconf 89' lang='lat' dir='ltr'><strong>lineos,</strong></span> <span class='ocrx_word' id='word_1_238' title='bbox 623 2766 674 2841; x_wconf 84' lang='lat' dir='ltr'><strong>qui</strong></span> <span class='ocrx_word' id='word_1_239' title='bbox 696 2774 765 2825; x_wconf 91' lang='lat' dir='ltr'><strong>aunt</strong></span> <span class='ocrx_word' id='word_1_240' title='bbox 787 2768 817 2824; x_wconf 90' lang='lat' dir='ltr'><strong>in</strong></span> <span class='ocrx_word' id='word_1_241' title='bbox 839 2768 995 2847; x_wconf 84' lang='lat' dir='ltr'><strong>sextuplici</strong></span> <span class='ocrx_word' id='word_1_242' title='bbox 1016 2768 1187 2844; x_wconf 81' lang='lat' dir='ltr'><strong>differentia,</strong></span> <span class='ocrx_word' id='word_1_243' title='bbox 1209 2770 1304 2845; x_wconf 84' lang='lat' dir='ltr'><strong>magis</strong></span> <span class='ocrx_word' id='word_1_244' title='bbox 1327 2766 1508 2827; x_wconf 81' lang='lat' dir='ltr'><strong>familiariter</strong></span> <span class='ocrx_word' id='word_1_245' title='bbox 1530 2782 1562 2825; x_wconf 92' lang='lat' dir='ltr'><strong>se</strong></span> <span class='ocrx_word' id='word_1_246' title='bbox 1584 2764 1703 2826; x_wconf 87' lang='lat' dir='ltr'><strong>habeat.</strong></span> <span class='ocrx_word' id='word_1_247' title='bbox 1726 2764 1856 2837; x_wconf 88' lang='lat' dir='ltr'><strong>Denique</strong></span> 
     </span>
     <span class='ocr_line' id='line_1_23' title="bbox 498 2853 1857 2935; baseline -0.004 -24"><span class='ocrx_word' id='word_1_248' title='bbox 498 2854 643 2912; x_wconf 86' lang='lat' dir='ltr'><strong>ternarius</strong></span> <span class='ocrx_word' id='word_1_249' title='bbox 665 2853 788 2913; x_wconf 86' lang='lat' dir='ltr'><strong>notabat</strong></span> <span class='ocrx_word' id='word_1_250' title='bbox 809 2854 868 2915; x_wconf 90' lang='lat' dir='ltr'><strong>illis</strong></span> <span class='ocrx_word' id='word_1_251' title='bbox 890 2872 1011 2933; x_wconf 87' lang='lat' dir='ltr'><strong>corpus,</strong></span> <span class='ocrx_word' id='word_1_252' title='bbox 1035 2860 1230 2935; x_wconf 89' lang='lat' dir='ltr'><strong>compositum</strong></span> <span class='ocrx_word' id='word_1_253' title='bbox 1252 2874 1289 2916; x_wconf 85' lang='lat' dir='ltr'><strong>er</strong></span> <span class='ocrx_word' id='word_1_254' title='bbox 1310 2855 1404 2915; x_wconf 88' lang='lat' dir='ltr'><strong>lorma</strong></span> <span class='ocrx_word' id='word_1_255' title='bbox 1426 2862 1456 2913; x_wconf 89' lang='lat' dir='ltr'><strong>et</strong></span> <span class='ocrx_word' id='word_1_256' title='bbox 1476 2854 1614 2925; x_wconf 85' lang='lat' dir='ltr'><strong>materis,</strong></span> <span class='ocrx_word' id='word_1_257' title='bbox 1636 2854 1715 2911; x_wconf 89' lang='lat' dir='ltr'><strong>sicut</strong></span> <span class='ocrx_word' id='word_1_258' title='bbox 1739 2853 1759 2910; x_wconf 96' lang='grc'><strong>3</strong></span> <span class='ocrx_word' id='word_1_259' title='bbox 1785 2864 1857 2907; x_wconf 89' lang='lat' dir='ltr'><strong>com·</strong></span> 
     </span>
     <span class='ocr_line' id='line_1_24' title="bbox 494 2938 1857 3025; baseline -0.004 -26"><span class='ocrx_word' id='word_1_260' title='bbox 494 2942 609 3017; x_wconf 92' lang='lat' dir='ltr'><strong>positus</strong></span> <span class='ocrx_word' id='word_1_261' title='bbox 631 2948 733 2999; x_wconf 86' lang='lat' dir='ltr'><strong>estex</strong></span> <span class='ocrx_word' id='word_1_262' title='bbox 755 2942 774 2999; x_wconf 90' lang='grc'><strong>2</strong></span> <span class='ocrx_word' id='word_1_263' title='bbox 798 2948 828 3001; x_wconf 87' lang='grc'><strong>11</strong></span> <span class='ocrx_word' id='word_1_264' title='bbox 844 2946 872 3017; x_wconf 94' lang='grc'><strong>1,</strong></span> <span class='ocrx_word' id='word_1_265' title='bbox 894 2947 1016 3025; x_wconf 75' lang='lat' dir='ltr'><strong>etquis</strong></span> <span class='ocrx_word' id='word_1_266' title='bbox 1037 2962 1161 3023; x_wconf 89' lang='lat' dir='ltr'><strong>corpora</strong></span> <span class='ocrx_word' id='word_1_267' title='bbox 1181 2944 1330 3003; x_wconf 90' lang='lat' dir='ltr'><strong>mundana</strong></span> <span class='ocrx_word' id='word_1_268' title='bbox 1351 2942 1528 3003; x_wconf 81' lang='lat' dir='ltr'><strong>tot-habeat</strong></span> <span class='ocrx_word' id='word_1_269' title='bbox 1550 2938 1765 3012; x_wconf 87' lang='lat' dir='ltr'><strong>dimensiones,</strong></span> <span class='ocrx_word' id='word_1_270' title='bbox 1794 2940 1857 3011; x_wconf 90' lang='lat' dir='ltr'><strong>quot</strong></span> 
     </span>
     <span class='ocr_line' id='line_1_25' title="bbox 495 3029 800 3087; baseline 0.007 -2"><span class='ocrx_word' id='word_1_271' title='bbox 495 3029 639 3086; x_wconf 88' lang='lat' dir='ltr'><strong>ternarius</strong></span> <span class='ocrx_word' id='word_1_272' title='bbox 661 3030 800 3087; x_wconf 83' lang='grc'>11111111.</span> 
     </span>
    </p>

    <p class='ocr_par' dir='ltr' id='par_1_3' title="bbox 494 3112 1858 3719">
     <span class='ocr_line' id='line_1_26' title="bbox 581 3112 1857 3194; baseline -0.006 -21"><span class='ocrx_word' id='word_1_273' title='bbox 581 3114 685 3189; x_wconf 84' lang='lat' dir='ltr'><strong>Neque</strong></span> <span class='ocrx_word' id='word_1_274' title='bbox 714 3120 829 3174; x_wconf 91' lang='lat' dir='ltr'><strong>tantum</strong></span> <span class='ocrx_word' id='word_1_275' title='bbox 855 3116 992 3193; x_wconf 77' lang='lat' dir='ltr'><strong>symbola</strong></span> <span class='ocrx_word' id='word_1_276' title='bbox 1020 3125 1103 3179; x_wconf 90' lang='lat' dir='ltr'><strong>erant</strong></span> <span class='ocrx_word' id='word_1_277' title='bbox 1129 3121 1243 3178; x_wconf 88' lang='lat' dir='ltr'><strong>numeri</strong></span> <span class='ocrx_word' id='word_1_278' title='bbox 1264 3119 1355 3177; x_wconf 88' lang='lat' dir='ltr'><strong>trium</strong></span> <span class='ocrx_word' id='word_1_279' title='bbox 1386 3116 1607 3194; x_wconf 84' lang='lat' dir='ltr'><strong>principiorum,</strong></span> <span class='ocrx_word' id='word_1_280' title='bbox 1637 3112 1689 3173; x_wconf 90' lang='lat' dir='ltr'><strong>sed</strong></span> <span class='ocrx_word' id='word_1_281' title='bbox 1714 3113 1780 3191; x_wconf 89' lang='lat' dir='ltr'><strong>jam</strong></span> <span class='ocrx_word' id='word_1_282' title='bbox 1802 3112 1857 3186; x_wconf 90' lang='lat' dir='ltr'><strong>ipsa</strong></span> 
     </span>
     <span class='ocr_line' id='line_1_27' title="bbox 496 3198 1857 3282; baseline -0.006 -23"><span class='ocrx_word' id='word_1_283' title='bbox 496 3200 596 3281; x_wconf 84' lang='lat' dir='ltr'><strong>anima</strong></span> <span class='ocrx_word' id='word_1_284' title='bbox 618 3202 849 3277; x_wconf 88' lang='lat' dir='ltr'><strong>componebatur</strong></span> <span class='ocrx_word' id='word_1_285' title='bbox 871 3204 943 3281; x_wconf 91' lang='lat' dir='ltr'><strong>ipsis</strong></span> <span class='ocrx_word' id='word_1_286' title='bbox 973 3222 1010 3264; x_wconf 84' lang='lat' dir='ltr'><strong>er</strong></span> <span class='ocrx_word' id='word_1_287' title='bbox 1030 3205 1113 3265; x_wconf 91' lang='lat' dir='ltr'><strong>hisce</strong></span> <span class='ocrx_word' id='word_1_288' title='bbox 1135 3208 1263 3265; x_wconf 90' lang='lat' dir='ltr'><strong>numeris</strong></span> <span class='ocrx_word' id='word_1_289' title='bbox 1286 3220 1444 3279; x_wconf 89' lang='lat' dir='ltr'><strong>eorumque</strong></span> <span class='ocrx_word' id='word_1_290' title='bbox 1467 3202 1705 3282; x_wconf 89' lang='lat' dir='ltr'><strong>proportionibus</strong></span> <span class='ocrx_word' id='word_1_291' title='bbox 1729 3198 1857 3260; x_wconf 88' lang='lat' dir='ltr'><strong>omnihus</strong></span> 
     </span>
     <span class='ocr_line' id='line_1_28' title="bbox 497 3285 1856 3369; baseline -0.005 -21"><span class='ocrx_word' id='word_1_292' title='bbox 497 3295 528 3348; x_wconf 89' lang='lat' dir='ltr'><strong>et</strong></span> <span class='ocrx_word' id='word_1_293' title='bbox 548 3285 1041 3367; x_wconf 80' lang='lat' dir='ltr'><strong>subdivisionibuaproportionum</strong></span> <span class='ocrx_word' id='word_1_294' title='bbox 1064 3296 1095 3350; x_wconf 93' lang='lat' dir='ltr'><strong>in</strong></span> <span class='ocrx_word' id='word_1_295' title='bbox 1109 3292 1327 3369; x_wconf 87' lang='lat' dir='ltr'><strong>sesquialteras,</strong></span> <span class='ocrx_word' id='word_1_296' title='bbox 1350 3292 1552 3367; x_wconf 89' lang='lat' dir='ltr'><strong>sesquitertias</strong></span> <span class='ocrx_word' id='word_1_297' title='bbox 1574 3298 1604 3349; x_wconf 92' lang='lat' dir='ltr'><strong>et</strong></span> <span class='ocrx_word' id='word_1_298' title='bbox 1620 3291 1856 3364; x_wconf 87' lang='lat' dir='ltr'><strong>sesquioctavas:</strong></span> 
     </span>
     <span class='ocr_line' id='line_1_29' title="bbox 494 3372 1857 3458; baseline -0.007 -24"><span class='ocrx_word' id='word_1_299' title='bbox 494 3382 528 3434; x_wconf 91' lang='lat' dir='ltr'><strong>ut</strong></span> <span class='ocrx_word' id='word_1_300' title='bbox 550 3376 662 3448; x_wconf 90' lang='lat' dir='ltr'><strong>anima,</strong></span> <span class='ocrx_word' id='word_1_301' title='bbox 691 3374 843 3435; x_wconf 83' lang='lat' dir='ltr'><strong>vinculum</strong></span> <span class='ocrx_word' id='word_1_302' title='bbox 864 3381 969 3437; x_wconf 88' lang='lat' dir='ltr'><strong>mentis</strong></span> <span class='ocrx_word' id='word_1_303' title='bbox 999 3388 1029 3438; x_wconf 92' lang='lat' dir='ltr'><strong>et</strong></span> <span class='ocrx_word' id='word_1_304' title='bbox 1051 3382 1195 3458; x_wconf 89' lang='lat' dir='ltr'><strong>corporis,</strong></span> <span class='ocrx_word' id='word_1_305' title='bbox 1229 3388 1307 3439; x_wconf 89' lang='lat' dir='ltr'><strong>esset</strong></span> <span class='ocrx_word' id='word_1_306' title='bbox 1337 3380 1366 3436; x_wconf 93' lang='lat' dir='ltr'><strong>in</strong></span> <span class='ocrx_word' id='word_1_307' title='bbox 1389 3394 1445 3437; x_wconf 91' lang='lat' dir='ltr'><strong>sua</strong></span> <span class='ocrx_word' id='word_1_308' title='bbox 1467 3378 1595 3437; x_wconf 86' lang='lat' dir='ltr'><strong>essentis</strong></span> <span class='ocrx_word' id='word_1_309' title='bbox 1616 3376 1690 3434; x_wconf 88' lang='lat' dir='ltr'><strong>nihil</strong></span> <span class='ocrx_word' id='word_1_310' title='bbox 1714 3377 1773 3434; x_wconf 89' lang='lat' dir='ltr'><strong>nisi</strong></span> <span class='ocrx_word' id='word_1_311' title='bbox 1795 3372 1857 3431; x_wconf 91' lang='lat' dir='ltr'><strong>har·</strong></span> 
     </span>
     <span class='ocr_line' id='line_1_30' title="bbox 496 3458 1858 3543; baseline -0.005 -23"><span class='ocrx_word' id='word_1_312' title='bbox 496 3463 597 3520; x_wconf 90' lang='lat' dir='ltr'><strong>monia</strong></span> <span class='ocrx_word' id='word_1_313' title='bbox 625 3478 719 3538; x_wconf 87' lang='lat' dir='ltr'><strong>exque</strong></span> <span class='ocrx_word' id='word_1_314' title='bbox 740 3462 901 3524; x_wconf 88' lang='lat' dir='ltr'><strong>harmoniis</strong></span> <span class='ocrx_word' id='word_1_315' title='bbox 915 3468 1087 3543; x_wconf 80' lang='lat' dir='ltr'><strong>composita</strong></span> <span class='ocrx_word' id='word_1_316' title='bbox 1139 3466 1187 3526; x_wconf 84' lang='lat' dir='ltr'><strong>Ad</strong></span> <span class='ocrx_word' id='word_1_317' title='bbox 1214 3466 1272 3527; x_wconf 94' lang='lat' dir='ltr'><strong>hoc</strong></span> <span class='ocrx_word' id='word_1_318' title='bbox 1299 3466 1408 3543; x_wconf 80' lang='lat' dir='ltr'><strong>dogma</strong></span> <span class='ocrx_word' id='word_1_319' title='bbox 1434 3464 1517 3523; x_wconf 81' lang='lat' dir='ltr'><strong>duxit</strong></span> <span class='ocrx_word' id='word_1_320' title='bbox 1544 3463 1611 3523; x_wconf 89' lang='lat' dir='ltr'><strong>illos</strong></span> <span class='ocrx_word' id='word_1_321' title='bbox 1639 3462 1745 3541; x_wconf 91' lang='lat' dir='ltr'><strong>procul</strong></span> <span class='ocrx_word' id='word_1_322' title='bbox 1776 3458 1858 3519; x_wconf 90' lang='lat' dir='ltr'><strong>dubio</strong></span> 
     </span>
     <span class='ocr_line' id='line_1_31' title="bbox 497 3544 1858 3631; baseline -0.003 -22"><span class='ocrx_word' id='word_1_323' title='bbox 497 3547 692 3627; x_wconf 87' lang='lat' dir='ltr'><strong>consideratio</strong></span> <span class='ocrx_word' id='word_1_324' title='bbox 715 3550 787 3625; x_wconf 90' lang='lat' dir='ltr'><strong>ista,</strong></span> <span class='ocrx_word' id='word_1_325' title='bbox 811 3550 891 3628; x_wconf 86' lang='lat' dir='ltr'><strong>quod</strong></span> <span class='ocrx_word' id='word_1_326' title='bbox 913 3556 1012 3613; x_wconf 91' lang='lat' dir='ltr'><strong>anima</strong></span> <span class='ocrx_word' id='word_1_327' title='bbox 1033 3554 1164 3613; x_wconf 86' lang='lat' dir='ltr'><strong>hnmana</strong></span> <span class='ocrx_word' id='word_1_328' title='bbox 1186 3553 1345 3615; x_wconf 88' lang='lat' dir='ltr'><strong>delectetur</strong></span> <span class='ocrx_word' id='word_1_329' title='bbox 1366 3560 1518 3631; x_wconf 86' lang='lat' dir='ltr'><strong>tantopere</strong></span> <span class='ocrx_word' id='word_1_330' title='bbox 1542 3552 1680 3624; x_wconf 83' lang='lat' dir='ltr'><strong>vocibus,</strong></span> <span class='ocrx_word' id='word_1_331' title='bbox 1709 3565 1787 3627; x_wconf 88' lang='lat' dir='ltr'><strong>quae</strong></span> <span class='ocrx_word' id='word_1_332' title='bbox 1808 3544 1858 3605; x_wconf 87' lang='lat' dir='ltr'><strong>ali·</strong></span> 
     </span>
     <span class='ocr_line' id='line_1_32' title="bbox 497 3638 1689 3719; baseline 0.002 -24"><span class='ocrx_word' id='word_1_333' title='bbox 497 3653 573 3715; x_wconf 82' lang='lat' dir='ltr'><strong>quas</strong></span> <span class='ocrx_word' id='word_1_334' title='bbox 596 3638 799 3716; x_wconf 89' lang='lat' dir='ltr'><strong>proportiones</strong></span> <span class='ocrx_word' id='word_1_335' title='bbox 820 3638 1005 3701; x_wconf 89' lang='lat' dir='ltr'><strong>harmonicas</strong></span> <span class='ocrx_word' id='word_1_336' title='bbox 1027 3640 1230 3719; x_wconf 75' lang='lat' dir='ltr'><strong>magnitudine</strong></span> <span class='ocrx_word' id='word_1_337' title='bbox 1251 3660 1307 3702; x_wconf 90' lang='lat' dir='ltr'><strong>sua</strong></span> <span class='ocrx_word' id='word_1_338' title='bbox 1328 3642 1455 3701; x_wconf 80' lang='lat' dir='ltr'><strong>formant</strong></span> <span class='ocrx_word' id='word_1_339' title='bbox 1477 3649 1507 3700; x_wconf 89' lang='grc'><strong>11</strong></span> <span class='ocrx_word' id='word_1_340' title='bbox 1529 3641 1689 3699; x_wconf 89' lang='lat' dir='ltr'><strong>continent.</strong></span> 
     </span>
    </p>
   </div>
   <div class='ocr_carea' id='block_1_3' title="bbox 826 3818 1546 3913">
    <p class='ocr_par' dir='ltr' id='par_1_4' title="bbox 826 3818 1546 3913">
     <span class='ocr_line' id='line_1_33' title="bbox 826 3818 1546 3913; baseline 0 -22"><span class='ocrx_word' id='word_1_341' title='bbox 826 3818 1006 3893; x_wconf 84' lang='lat' dir='ltr'><strong>Excursus</strong></span> <span class='ocrx_word' id='word_1_342' title='bbox 1033 3823 1079 3894; x_wconf 89' lang='lat' dir='ltr'><strong>de</strong></span> <span class='ocrx_word' id='word_1_343' title='bbox 1106 3822 1271 3913; x_wconf 86' lang='lat' dir='ltr'><strong>Tetracty</strong></span> <span class='ocrx_word' id='word_1_344' title='bbox 1300 3822 1546 3913; x_wconf 82' lang='lat' dir='ltr'><strong>Pythagorica.</strong></span> 
     </span>
    </p>
   </div>
   <div class='ocr_carea' id='block_1_4' title="bbox 498 3982 1863 5383">
    <p class='ocr_par' dir='ltr' id='par_1_5' title="bbox 498 3982 1859 4589">
     <span class='ocr_line' id='line_1_34' title="bbox 584 3982 1859 4071; baseline 0.004 -26"><span class='ocrx_word' id='word_1_345' title='bbox 584 3982 631 4045; x_wconf 79' lang='lat' dir='ltr'><strong>Ex</strong></span> <span class='ocrx_word' id='word_1_346' title='bbox 659 3988 808 4066; x_wconf 90' lang='lat' dir='ltr'><strong>principiis</strong></span> <span class='ocrx_word' id='word_1_347' title='bbox 835 3989 925 4067; x_wconf 92' lang='lat' dir='ltr'><strong>paulo</strong></span> <span class='ocrx_word' id='word_1_348' title='bbox 948 3998 1037 4052; x_wconf 90' lang='lat' dir='ltr'><strong>antea</strong></span> <span class='ocrx_word' id='word_1_349' title='bbox 1067 3993 1207 4071; x_wconf 85' lang='lat' dir='ltr'><strong>expositis</strong></span> <span class='ocrx_word' id='word_1_350' title='bbox 1236 3992 1353 4059; x_wconf 86' lang='lat' dir='ltr'><strong>ridetur</strong></span> <span class='ocrx_word' id='word_1_351' title='bbox 1383 3989 1513 4052; x_wconf 88' lang='lat' dir='ltr'><strong>eruenda</strong></span> <span class='ocrx_word' id='word_1_352' title='bbox 1540 4004 1605 4048; x_wconf 88' lang='lat' dir='ltr'><strong>esso</strong></span> <span class='ocrx_word' id='word_1_353' title='bbox 1635 3986 1687 4047; x_wconf 91' lang='lat' dir='ltr'><strong>illa</strong></span> <span class='ocrx_word' id='word_1_354' title='bbox 1714 3990 1859 4057; x_wconf 67' lang='lat' dir='ltr'><strong>muscus,</strong></span> 
     </span>
     <span class='ocr_line' id='line_1_35' title="bbox 498 4072 1858 4159; baseline -0.004 -27"><span class='ocrx_word' id='word_1_355' title='bbox 498 4074 563 4133; x_wconf 87' lang='lat' dir='ltr'><strong>lons</strong></span> <span class='ocrx_word' id='word_1_356' title='bbox 587 4077 722 4151; x_wconf 76' lang='grc'>11111111</span> <span class='ocrx_word' id='word_1_357' title='bbox 745 4078 860 4137; x_wconf 90' lang='lat' dir='ltr'><strong>animae</strong></span> <span class='ocrx_word' id='word_1_358' title='bbox 883 4077 1038 4149; x_wconf 89' lang='lat' dir='ltr'><strong>humanae,</strong></span> <span class='ocrx_word' id='word_1_359' title='bbox 1065 4096 1117 4157; x_wconf 90' lang='lat' dir='ltr'><strong>per</strong></span> <span class='ocrx_word' id='word_1_360' title='bbox 1139 4097 1228 4157; x_wconf 88' lang='lat' dir='ltr'><strong>quam</strong></span> <span class='ocrx_word' id='word_1_361' title='bbox 1241 4080 1440 4159; x_wconf 82' lang='lat' dir='ltr'><strong>Pythagoraei</strong></span> <span class='ocrx_word' id='word_1_362' title='bbox 1459 4076 1609 4158; x_wconf 87' lang='lat' dir='ltr'><strong>jurabant,</strong></span> <span class='ocrx_word' id='word_1_363' title='bbox 1637 4092 1705 4134; x_wconf 88' lang='lat' dir='ltr'><strong>mea</strong></span> <span class='ocrx_word' id='word_1_364' title='bbox 1727 4072 1858 4151; x_wconf 82' lang='lat' dir='ltr'><strong>opinione</strong></span> 
     </span>
     <span class='ocr_line' id='line_1_36' title="bbox 498 4152 1857 4241; baseline -0.002 -22"><span class='ocrx_word' id='word_1_365' title='bbox 498 4166 549 4233; x_wconf 91' lang='grc'>111,</span> <span class='ocrx_word' id='word_1_366' title='bbox 573 4160 653 4237; x_wconf 90' lang='lat' dir='ltr'><strong>quod</strong></span> <span class='ocrx_word' id='word_1_367' title='bbox 684 4164 761 4223; x_wconf 87' lang='lat' dir='ltr'><strong>inter</strong></span> <span class='ocrx_word' id='word_1_368' title='bbox 787 4167 875 4223; x_wconf 88' lang='lat' dir='ltr'><strong>triam</strong></span> <span class='ocrx_word' id='word_1_369' title='bbox 903 4167 1044 4226; x_wconf 89' lang='lat' dir='ltr'><strong>cuborum</strong></span> <span class='ocrx_word' id='word_1_370' title='bbox 1071 4170 1101 4241; x_wconf 94' lang='lat' dir='ltr'><strong>l,</strong></span> <span class='ocrx_word' id='word_1_371' title='bbox 1127 4168 1385 4241; x_wconf 80' lang='grc'>8112711111,</span> <span class='ocrx_word' id='word_1_372' title='bbox 1416 4166 1499 4226; x_wconf 83' lang='lat' dir='ltr'><strong>verbi</strong></span> <span class='ocrx_word' id='word_1_373' title='bbox 1528 4180 1619 4223; x_wconf 89' lang='lat' dir='ltr'><strong>eausa</strong></span> <span class='ocrx_word' id='word_1_374' title='bbox 1651 4164 1727 4221; x_wconf 89' lang='lat' dir='ltr'><strong>inter</strong></span> <span class='ocrx_word' id='word_1_375' title='bbox 1754 4166 1765 4219; x_wconf 93' lang='lat' dir='ltr'><strong>l</strong></span> <span class='ocrx_word' id='word_1_376' title='bbox 1793 4152 1857 4215; x_wconf 81' lang='grc'><strong>118</strong></span> 
     </span>
     <span class='ocr_line' id='line_1_37' title="bbox 499 4240 1856 4330; baseline 0.001 -23"><span class='ocrx_word' id='word_1_377' title='bbox 499 4246 558 4307; x_wconf 94' lang='lat' dir='ltr'><strong>duo</strong></span> <span class='ocrx_word' id='word_1_378' title='bbox 588 4247 678 4308; x_wconf 89' lang='lat' dir='ltr'><strong>medii</strong></span> <span class='ocrx_word' id='word_1_379' title='bbox 706 4251 939 4328; x_wconf 89' lang='lat' dir='ltr'><strong>proportionales</strong></span> <span class='ocrx_word' id='word_1_380' title='bbox 966 4262 1035 4313; x_wconf 91' lang='lat' dir='ltr'><strong>sunt</strong></span> <span class='ocrx_word' id='word_1_381' title='bbox 1065 4256 1189 4313; x_wconf 83' lang='grc'>2114.</span> <span class='ocrx_word' id='word_1_382' title='bbox 1240 4254 1345 4330; x_wconf 82' lang='lat' dir='ltr'><strong>Itaque</strong></span> <span class='ocrx_word' id='word_1_383' title='bbox 1374 4254 1487 4313; x_wconf 91' lang='lat' dir='ltr'><strong>numeri</strong></span> <span class='ocrx_word' id='word_1_384' title='bbox 1516 4258 1643 4328; x_wconf 87' lang='lat' dir='ltr'><strong>quatuor</strong></span> <span class='ocrx_word' id='word_1_385' title='bbox 1677 4252 1702 4323; x_wconf 98' lang='lat' dir='ltr'><strong>l,</strong></span> <span class='ocrx_word' id='word_1_386' title='bbox 1728 4252 1757 4323; x_wconf 90' lang='grc'><strong>2,</strong></span> <span class='ocrx_word' id='word_1_387' title='bbox 1782 4247 1809 4315; x_wconf 80' lang='grc'><strong>4,</strong></span> <span class='ocrx_word' id='word_1_388' title='bbox 1833 4240 1856 4309; x_wconf 66' lang='grc'><strong>8,</strong></span> 
     </span>
     <span class='ocr_line' id='line_1_38' title="bbox 498 4336 1857 4417; baseline -0.001 -24"><span class='ocrx_word' id='word_1_389' title='bbox 498 4351 759 4411; x_wconf 78' lang='lat' dir='ltr'><strong>quorumsumma</strong></span> <span class='ocrx_word' id='word_1_390' title='bbox 776 4338 825 4411; x_wconf 85' lang='lat'><strong>15,</strong></span> <span class='ocrx_word' id='word_1_391' title='bbox 848 4338 897 4399; x_wconf 86' lang='lat' dir='ltr'><strong>vel</strong></span> <span class='ocrx_word' id='word_1_392' title='bbox 914 4342 943 4417; x_wconf 92' lang='lat'><strong>1,</strong></span> <span class='ocrx_word' id='word_1_393' title='bbox 958 4342 988 4415; x_wconf 90' lang='grc'><strong>3,</strong></span> <span class='ocrx_word' id='word_1_394' title='bbox 1005 4343 1033 4413; x_wconf 84' lang='grc'><strong>9,</strong></span> <span class='ocrx_word' id='word_1_395' title='bbox 1051 4344 1104 4413; x_wconf 81' lang='grc'><strong>27,</strong></span> <span class='ocrx_word' id='word_1_396' title='bbox 1127 4358 1251 4416; x_wconf 88' lang='lat' dir='ltr'><strong>quorum</strong></span> <span class='ocrx_word' id='word_1_397' title='bbox 1266 4358 1380 4401; x_wconf 89' lang='lat' dir='ltr'><strong>summa</strong></span> <span class='ocrx_word' id='word_1_398' title='bbox 1396 4342 1448 4415; x_wconf 92' lang='lat'><strong>40,</strong></span> <span class='ocrx_word' id='word_1_399' title='bbox 1472 4340 1583 4398; x_wconf 87' lang='lat' dir='ltr'><strong>iaciunt</strong></span> <span class='ocrx_word' id='word_1_400' title='bbox 1605 4336 1687 4397; x_wconf 92' lang='lat' dir='ltr'><strong>illam</strong></span> <span class='ocrx_word' id='word_1_401' title='bbox 1709 4340 1857 4405; x_wconf 84' lang='lat' dir='ltr'><strong>tetractyn·</strong></span> 
     </span>
     <span class='ocr_line' id='line_1_39' title="bbox 498 4422 1858 4504; baseline 0 -23"><span class='ocrx_word' id='word_1_402' title='bbox 498 4422 583 4481; x_wconf 92' lang='lat' dir='ltr'><strong>Duos</strong></span> <span class='ocrx_word' id='word_1_403' title='bbox 604 4428 704 4481; x_wconf 92' lang='lat' dir='ltr'><strong>autem</strong></span> <span class='ocrx_word' id='word_1_404' title='bbox 726 4425 958 4501; x_wconf 89' lang='lat' dir='ltr'><strong>proportionales</strong></span> <span class='ocrx_word' id='word_1_405' title='bbox 981 4426 1093 4487; x_wconf 88' lang='lat' dir='ltr'><strong>habant</strong></span> <span class='ocrx_word' id='word_1_406' title='bbox 1115 4428 1177 4487; x_wconf 93' lang='lat' dir='ltr'><strong>hini</strong></span> <span class='ocrx_word' id='word_1_407' title='bbox 1199 4429 1311 4503; x_wconf 92' lang='lat' dir='ltr'><strong>cubici,</strong></span> <span class='ocrx_word' id='word_1_408' title='bbox 1342 4430 1419 4489; x_wconf 89' lang='lat' dir='ltr'><strong>sicut</strong></span> <span class='ocrx_word' id='word_1_409' title='bbox 1440 4428 1503 4487; x_wconf 92' lang='lat' dir='ltr'><strong>bini</strong></span> <span class='ocrx_word' id='word_1_410' title='bbox 1526 4425 1606 4504; x_wconf 91' lang='lat' dir='ltr'><strong>plani</strong></span> <span class='ocrx_word' id='word_1_411' title='bbox 1629 4442 1720 4483; x_wconf 91' lang='lat' dir='ltr'><strong>unum</strong></span> <span class='ocrx_word' id='word_1_412' title='bbox 1742 4430 1858 4501; x_wconf 79' lang='lat' dir='ltr'><strong>propor-</strong></span> 
     </span>
     <span class='ocr_line' id='line_1_40' title="bbox 499 4508 1106 4589; baseline 0.012 -21"><span class='ocrx_word' id='word_1_413' title='bbox 499 4508 650 4589; x_wconf 85' lang='lat' dir='ltr'><strong>tionalem,</strong></span> <span class='ocrx_word' id='word_1_414' title='bbox 674 4517 708 4569; x_wconf 92' lang='lat' dir='ltr'><strong>ut</strong></span> <span class='ocrx_word' id='word_1_415' title='bbox 728 4520 831 4569; x_wconf 91' lang='lat' dir='ltr'><strong>notum</strong></span> <span class='ocrx_word' id='word_1_416' title='bbox 852 4528 889 4571; x_wconf 85' lang='lat' dir='ltr'><strong>er</strong></span> <span class='ocrx_word' id='word_1_417' title='bbox 910 4516 1106 4589; x_wconf 80' lang='lat' dir='ltr'><strong>geometricis.</strong></span> 
     </span>
    </p>

    <p class='ocr_par' dir='ltr' id='par_1_6' title="bbox 498 4595 1863 5293">
     <span class='ocr_line' id='line_1_41' title="bbox 586 4595 1863 4681; baseline 0.002 -25"><span class='ocrx_word' id='word_1_418' title='bbox 586 4595 644 4657; x_wconf 87' lang='lat' dir='ltr'><strong>Vel</strong></span> <span class='ocrx_word' id='word_1_419' title='bbox 672 4596 760 4657; x_wconf 83' lang='lat' dir='ltr'><strong>fuerit</strong></span> <span class='ocrx_word' id='word_1_420' title='bbox 790 4604 930 4678; x_wconf 82' lang='lat' dir='ltr'><strong>teuaotys</strong></span> <span class='ocrx_word' id='word_1_421' title='bbox 961 4602 1019 4660; x_wconf 89' lang='lat' dir='ltr'><strong>ista</strong></span> <span class='ocrx_word' id='word_1_422' title='bbox 1043 4602 1079 4671; x_wconf 90' lang='grc'><strong>1,</strong></span> <span class='ocrx_word' id='word_1_423' title='bbox 1113 4603 1149 4675; x_wconf 93' lang='grc'><strong>2,</strong></span> <span class='ocrx_word' id='word_1_424' title='bbox 1173 4602 1209 4676; x_wconf 83' lang='grc'><strong>3,</strong></span> <span class='ocrx_word' id='word_1_425' title='bbox 1233 4604 1262 4661; x_wconf 86' lang='grc'><strong>4.</strong></span> <span class='ocrx_word' id='word_1_426' title='bbox 1311 4604 1326 4662; x_wconf 89' lang='grc'><strong>1</strong></span> <span class='ocrx_word' id='word_1_427' title='bbox 1357 4601 1431 4663; x_wconf 91' lang='lat' dir='ltr'><strong>illud</strong></span> <span class='ocrx_word' id='word_1_428' title='bbox 1459 4602 1631 4681; x_wconf 89' lang='lat' dir='ltr'><strong>principium</strong></span> <span class='ocrx_word' id='word_1_429' title='bbox 1661 4607 1863 4658; x_wconf 61' lang='lat' dir='ltr'><strong>numerorum?</strong></span> 
     </span>
     <span class='ocr_line' id='line_1_42' title="bbox 500 4680 1855 4767; baseline 0.004 -26"><span class='ocrx_word' id='word_1_430' title='bbox 500 4686 519 4742; x_wconf 90' lang='grc'><strong>2</strong></span> <span class='ocrx_word' id='word_1_431' title='bbox 549 4701 736 4744; x_wconf 91' lang='lat' dir='ltr'><strong>numerorum</strong></span> <span class='ocrx_word' id='word_1_432' title='bbox 769 4685 883 4764; x_wconf 87' lang='lat' dir='ltr'><strong>parium</strong></span> <span class='ocrx_word' id='word_1_433' title='bbox 911 4688 1035 4765; x_wconf 91' lang='lat' dir='ltr'><strong>primus,</strong></span> <span class='ocrx_word' id='word_1_434' title='bbox 1069 4690 1088 4749; x_wconf 91' lang='grc'><strong>3</strong></span> <span class='ocrx_word' id='word_1_435' title='bbox 1120 4692 1347 4767; x_wconf 88' lang='lat' dir='ltr'><strong>compositorum</strong></span> <span class='ocrx_word' id='word_1_436' title='bbox 1377 4698 1407 4751; x_wconf 89' lang='lat' dir='ltr'><strong>et</strong></span> <span class='ocrx_word' id='word_1_437' title='bbox 1436 4691 1590 4767; x_wconf 89' lang='lat' dir='ltr'><strong>imparium</strong></span> <span class='ocrx_word' id='word_1_438' title='bbox 1622 4688 1746 4764; x_wconf 71' lang='lat' dir='ltr'><strong>primns,</strong></span> <span class='ocrx_word' id='word_1_439' title='bbox 1776 4680 1855 4739; x_wconf 74' lang='grc'>111110</span> 
     </span>
     <span class='ocr_line' id='line_1_43' title="bbox 498 4764 1856 4855; baseline 0.001 -26"><span class='ocrx_word' id='word_1_440' title='bbox 498 4770 559 4847; x_wconf 92' lang='lat' dir='ltr'><strong>jam</strong></span> <span class='ocrx_word' id='word_1_441' title='bbox 583 4774 599 4830; x_wconf 89' lang='lat'>1</span> <span class='ocrx_word' id='word_1_442' title='bbox 623 4773 654 4829; x_wconf 89' lang='lat' dir='ltr'><strong>iu</strong></span> <span class='ocrx_word' id='word_1_443' title='bbox 677 4774 714 4845; x_wconf 84' lang='lat'><strong>3,</strong></span> <span class='ocrx_word' id='word_1_444' title='bbox 738 4770 1053 4851; x_wconf 81' lang='lat' dir='ltr'><strong>firrecrangutums,</strong></span> <span class='ocrx_word' id='word_1_445' title='bbox 1076 4782 1109 4833; x_wconf 85' lang='grc'><strong>11</strong></span> <span class='ocrx_word' id='word_1_446' title='bbox 1132 4778 1310 4855; x_wconf 87' lang='lat' dir='ltr'><strong>erimpari;</strong></span> <span class='ocrx_word' id='word_1_447' title='bbox 1340 4776 1428 4837; x_wconf 89' lang='lat' dir='ltr'><strong>ducto</strong></span> <span class='ocrx_word' id='word_1_448' title='bbox 1452 4794 1521 4836; x_wconf 86' lang='lat' dir='ltr'><strong>vero</strong></span> <span class='ocrx_word' id='word_1_449' title='bbox 1547 4778 1564 4833; x_wconf 91' lang='grc'><strong>2</strong></span> <span class='ocrx_word' id='word_1_450' title='bbox 1589 4777 1617 4832; x_wconf 89' lang='grc'><strong>11</strong></span> <span class='ocrx_word' id='word_1_451' title='bbox 1642 4792 1673 4833; x_wconf 86' lang='grc'><strong>11</strong></span> <span class='ocrx_word' id='word_1_452' title='bbox 1697 4777 1808 4851; x_wconf 90' lang='lat' dir='ltr'><strong>ipsum,</strong></span> <span class='ocrx_word' id='word_1_453' title='bbox 1829 4764 1856 4820; x_wconf 85' lang='lat' dir='ltr'><strong>fit</strong></span> 
     </span>
     <span class='ocr_line' id='line_1_44' title="bbox 501 4858 1855 4942; baseline -0.001 -26"><span class='ocrx_word' id='word_1_454' title='bbox 501 4858 679 4934; x_wconf 85' lang='lat' dir='ltr'><strong>quadratum</strong></span> <span class='ocrx_word' id='word_1_455' title='bbox 701 4860 734 4933; x_wconf 93' lang='lat'><strong>4,</strong></span> <span class='ocrx_word' id='word_1_456' title='bbox 765 4867 798 4918; x_wconf 94' lang='lat' dir='ltr'><strong>ut</strong></span> <span class='ocrx_word' id='word_1_457' title='bbox 820 4878 857 4919; x_wconf 87' lang='lat' dir='ltr'><strong>er</strong></span> <span class='ocrx_word' id='word_1_458' title='bbox 879 4864 959 4942; x_wconf 85' lang='lat' dir='ltr'><strong>pari,</strong></span> <span class='ocrx_word' id='word_1_459' title='bbox 989 4862 1073 4938; x_wconf 86' lang='lat' dir='ltr'><strong>cnjus</strong></span> <span class='ocrx_word' id='word_1_460' title='bbox 1097 4865 1184 4922; x_wconf 92' lang='lat' dir='ltr'><strong>etiam</strong></span> <span class='ocrx_word' id='word_1_461' title='bbox 1208 4868 1238 4922; x_wconf 93' lang='lat' dir='ltr'><strong>in</strong></span> <span class='ocrx_word' id='word_1_462' title='bbox 1260 4866 1373 4925; x_wconf 87' lang='lat' dir='ltr'><strong>lactura</strong></span> <span class='ocrx_word' id='word_1_463' title='bbox 1394 4862 1608 4941; x_wconf 89' lang='lat' dir='ltr'><strong>longitudinem</strong></span> <span class='ocrx_word' id='word_1_464' title='bbox 1629 4870 1660 4921; x_wconf 92' lang='lat' dir='ltr'><strong>et</strong></span> <span class='ocrx_word' id='word_1_465' title='bbox 1682 4858 1855 4919; x_wconf 82' lang='lat' dir='ltr'><strong>latitudinem</strong></span> 
     </span>
     <span class='ocr_line' id='line_1_45' title="bbox 501 4938 1855 5029; baseline 0 -25"><span class='ocrx_word' id='word_1_466' title='bbox 501 4943 585 5005; x_wconf 90' lang='lat' dir='ltr'><strong>decet</strong></span> <span class='ocrx_word' id='word_1_467' title='bbox 606 4963 671 5006; x_wconf 90' lang='lat' dir='ltr'><strong>esse</strong></span> <span class='ocrx_word' id='word_1_468' title='bbox 693 4963 788 5024; x_wconf 91' lang='lat' dir='ltr'><strong>pares,</strong></span> <span class='ocrx_word' id='word_1_469' title='bbox 809 4948 886 5007; x_wconf 91' lang='lat' dir='ltr'><strong>sicut</strong></span> <span class='ocrx_word' id='word_1_470' title='bbox 908 4950 938 5007; x_wconf 92' lang='lat' dir='ltr'><strong>in</strong></span> <span class='ocrx_word' id='word_1_471' title='bbox 961 4948 1041 5009; x_wconf 88' lang='lat' dir='ltr'><strong>illius</strong></span> <span class='ocrx_word' id='word_1_472' title='bbox 1064 4952 1232 5029; x_wconf 88' lang='lat' dir='ltr'><strong>rectangulo</strong></span> <span class='ocrx_word' id='word_1_473' title='bbox 1255 4951 1437 5029; x_wconf 86' lang='lat' dir='ltr'><strong>inaequales.</strong></span> <span class='ocrx_word' id='word_1_474' title='bbox 1473 4950 1595 5011; x_wconf 86' lang='lat' dir='ltr'><strong>Summa</strong></span> <span class='ocrx_word' id='word_1_475' title='bbox 1617 4948 1706 5025; x_wconf 89' lang='lat' dir='ltr'><strong>igitur</strong></span> <span class='ocrx_word' id='word_1_476' title='bbox 1728 4964 1764 5007; x_wconf 87' lang='lat' dir='ltr'><strong>ex</strong></span> <span class='ocrx_word' id='word_1_477' title='bbox 1789 4946 1813 5013; x_wconf 89' lang='lat' dir='ltr'><strong>l,</strong></span> <span class='ocrx_word' id='word_1_478' title='bbox 1830 4938 1855 5004; x_wconf 64' lang='lat'><strong>2,</strong></span> 
     </span>
     <span class='ocr_line' id='line_1_46' title="bbox 500 5032 1854 5109; baseline -0.001 -18"><span class='ocrx_word' id='word_1_479' title='bbox 500 5032 537 5105; x_wconf 89' lang='grc'><strong>3,</strong></span> <span class='ocrx_word' id='word_1_480' title='bbox 561 5034 581 5089; x_wconf 89' lang='lat'>4</span> <span class='ocrx_word' id='word_1_481' title='bbox 610 5040 655 5092; x_wconf 89' lang='lat' dir='ltr'><strong>est</strong></span> <span class='ocrx_word' id='word_1_482' title='bbox 679 5034 731 5109; x_wconf 54' lang='lat'><strong>10,</strong></span> <span class='ocrx_word' id='word_1_483' title='bbox 746 5042 776 5095; x_wconf 90' lang='grc'><strong>11</strong></span> <span class='ocrx_word' id='word_1_484' title='bbox 807 5036 906 5094; x_wconf 92' lang='lat' dir='ltr'><strong>anima</strong></span> <span class='ocrx_word' id='word_1_485' title='bbox 933 5036 1062 5097; x_wconf 87' lang='lat' dir='ltr'><strong>humana</strong></span> <span class='ocrx_word' id='word_1_486' title='bbox 1092 5037 1168 5097; x_wconf 91' lang='lat' dir='ltr'><strong>solet</strong></span> <span class='ocrx_word' id='word_1_487' title='bbox 1190 5039 1228 5099; x_wconf 87' lang='lat' dir='ltr'><strong>ad</strong></span> <span class='ocrx_word' id='word_1_488' title='bbox 1254 5042 1293 5100; x_wconf 92' lang='lat'><strong>10</strong></span> <span class='ocrx_word' id='word_1_489' title='bbox 1316 5055 1476 5100; x_wconf 87' lang='lat' dir='ltr'><strong>numerare.</strong></span> <span class='ocrx_word' id='word_1_490' title='bbox 1522 5033 1854 5096; x_wconf 80' lang='lat' dir='ltr'><strong>Etsieutsunt4n11·</strong></span> 
     </span>
     <span class='ocr_line' id='line_1_47' title="bbox 499 5119 1854 5202; baseline 0.001 -23"><span class='ocrx_word' id='word_1_491' title='bbox 499 5120 581 5192; x_wconf 91' lang='lat' dir='ltr'><strong>meri,</strong></span> <span class='ocrx_word' id='word_1_492' title='bbox 603 5119 724 5179; x_wconf 88' lang='lat' dir='ltr'><strong>totidem</strong></span> <span class='ocrx_word' id='word_1_493' title='bbox 746 5138 787 5181; x_wconf 90' lang='lat' dir='ltr'><strong>sc.</strong></span> <span class='ocrx_word' id='word_1_494' title='bbox 810 5130 884 5199; x_wconf 87' lang='lat' dir='ltr'><strong>quot</strong></span> <span class='ocrx_word' id='word_1_495' title='bbox 905 5132 987 5184; x_wconf 90' lang='lat' dir='ltr'><strong>arant</strong></span> <span class='ocrx_word' id='word_1_496' title='bbox 1016 5126 1047 5183; x_wconf 91' lang='lat' dir='ltr'><strong>in</strong></span> <span class='ocrx_word' id='word_1_497' title='bbox 1071 5134 1175 5201; x_wconf 86' lang='lat' dir='ltr'><strong>quarto</strong></span> <span class='ocrx_word' id='word_1_498' title='bbox 1203 5129 1350 5201; x_wconf 89' lang='lat' dir='ltr'><strong>unitates,</strong></span> <span class='ocrx_word' id='word_1_499' title='bbox 1380 5130 1423 5186; x_wconf 90' lang='lat' dir='ltr'><strong>eie</strong></span> <span class='ocrx_word' id='word_1_500' title='bbox 1454 5126 1542 5185; x_wconf 87' lang='lat' dir='ltr'><strong>etiam</strong></span> <span class='ocrx_word' id='word_1_501' title='bbox 1571 5140 1623 5202; x_wconf 88' lang='lat' dir='ltr'><strong>per</strong></span> <span class='ocrx_word' id='word_1_502' title='bbox 1653 5138 1705 5182; x_wconf 90' lang='lat' dir='ltr'><strong>eos</strong></span> <span class='ocrx_word' id='word_1_503' title='bbox 1737 5122 1854 5196; x_wconf 64' lang='lat' dir='ltr'><strong>(quatuor</strong></span> 
     </span>
     <span class='ocr_line' id='line_1_48' title="bbox 500 5205 1855 5293; baseline -0.008 -27"><span class='ocrx_word' id='word_1_504' title='bbox 500 5207 615 5286; x_wconf 87' lang='lat' dir='ltr'><strong>species</strong></span> <span class='ocrx_word' id='word_1_505' title='bbox 636 5206 853 5269; x_wconf 88' lang='lat' dir='ltr'><strong>harmoniarum</strong></span> <span class='ocrx_word' id='word_1_506' title='bbox 875 5213 1019 5273; x_wconf 80' lang='lat' dir='ltr'><strong>existunt:</strong></span> <span class='ocrx_word' id='word_1_507' title='bbox 1048 5214 1124 5272; x_wconf 88' lang='lat' dir='ltr'><strong>iuter</strong></span> <span class='ocrx_word' id='word_1_508' title='bbox 1148 5216 1181 5287; x_wconf 91' lang='lat'><strong>1,</strong></span> <span class='ocrx_word' id='word_1_509' title='bbox 1206 5216 1225 5273; x_wconf 91' lang='grc'><strong>2</strong></span> <span class='ocrx_word' id='word_1_510' title='bbox 1249 5213 1406 5293; x_wconf 89' lang='lat' dir='ltr'><strong>diapason,</strong></span> <span class='ocrx_word' id='word_1_511' title='bbox 1429 5220 1462 5273; x_wconf 92' lang='lat' dir='ltr'><strong>nt</strong></span> <span class='ocrx_word' id='word_1_512' title='bbox 1484 5220 1515 5271; x_wconf 92' lang='lat' dir='ltr'><strong>et</strong></span> <span class='ocrx_word' id='word_1_513' title='bbox 1536 5214 1610 5271; x_wconf 92' lang='lat' dir='ltr'><strong>inter</strong></span> <span class='ocrx_word' id='word_1_514' title='bbox 1633 5211 1662 5285; x_wconf 86' lang='grc'><strong>2,</strong></span> <span class='ocrx_word' id='word_1_515' title='bbox 1686 5212 1716 5283; x_wconf 86' lang='lat'><strong>4,</strong></span> <span class='ocrx_word' id='word_1_516' title='bbox 1739 5218 1768 5267; x_wconf 92' lang='lat' dir='ltr'><strong>et</strong></span> <span class='ocrx_word' id='word_1_517' title='bbox 1788 5205 1855 5260; x_wconf 88' lang='lat' dir='ltr'><strong>inter</strong></span> 
     </span>
    </p>

    <p class='ocr_par' dir='ltr' id='par_1_7' title="bbox 504 5292 1853 5383">
     <span class='ocr_line' id='line_1_49' title="bbox 504 5292 1853 5383; baseline 0.004 -30"><span class='ocrx_word' id='word_1_518' title='bbox 504 5296 532 5372; x_wconf 90' lang='lat' dir='ltr'><strong>i,</strong></span> <span class='ocrx_word' id='word_1_519' title='bbox 555 5295 576 5355; x_wconf 92' lang='lat'>4</span> <span class='ocrx_word' id='word_1_520' title='bbox 598 5292 804 5375; x_wconf 88' lang='lat' dir='ltr'><strong>disdiapason,</strong></span> <span class='ocrx_word' id='word_1_521' title='bbox 827 5314 905 5377; x_wconf 85' lang='lat' dir='ltr'><strong>qaae</strong></span> <span class='ocrx_word' id='word_1_522' title='bbox 926 5308 996 5363; x_wconf 90' lang='lat' dir='ltr'><strong>sunt</strong></span> <span class='ocrx_word' id='word_1_523' title='bbox 1016 5314 1072 5380; x_wconf 90' lang='lat' dir='ltr'><strong>pro</strong></span> <span class='ocrx_word' id='word_1_524' title='bbox 1094 5316 1168 5378; x_wconf 74' lang='lat' dir='ltr'><strong>una,</strong></span> <span class='ocrx_word' id='word_1_525' title='bbox 1191 5302 1265 5363; x_wconf 90' lang='lat' dir='ltr'><strong>inter</strong></span> <span class='ocrx_word' id='word_1_526' title='bbox 1290 5306 1318 5381; x_wconf 91' lang='lat'><strong>1,</strong></span> <span class='ocrx_word' id='word_1_527' title='bbox 1341 5304 1360 5363; x_wconf 96' lang='grc'><strong>3</strong></span> <span class='ocrx_word' id='word_1_528' title='bbox 1384 5302 1527 5383; x_wconf 85' lang='lat' dir='ltr'><strong>diapason</strong></span> <span class='ocrx_word' id='word_1_529' title='bbox 1549 5296 1751 5378; x_wconf 89' lang='lat' dir='ltr'><strong>epidiapente,</strong></span> <span class='ocrx_word' id='word_1_530' title='bbox 1773 5298 1853 5370; x_wconf 83' lang='lat' dir='ltr'><strong>quau</strong></span> 
     </span>
    </p>
   </div>
   <div class='ocr_carea' id='block_1_5' title="bbox 0 0 2133 6384">
    <p class='ocr_par' dir='ltr' id='par_1_8' title="bbox 0 0 2133 6384">
     <span class='ocr_line' id='line_1_50' title="bbox 0 0 2133 6384; baseline 0 0"><span class='ocrx_word' id='word_1_531' title='bbox 0 0 2133 6384; x_wconf 95' lang='lat' dir='ltr'><strong> </strong></span> 
     </span>
    </p>
   </div>
  </div>
 </body>
</html>
