4242 6384
384 857 392 875 ⁴
470 742 473 747 Ι
526 790 590 852 tte
938 786 980 843 De
998 784 1261 856 configurationibus
1279 786 1459 843 Harmonicis.

525 965 586 1025 lara
609 980 774 1043 possumus,
796 972 938 1041 quantum
961 966 1081 1042 quidem
1102 966 1188 1025 noble
1210 964 1246 1026 de
1267 966 1303 1024 iis
1325 967 1497 1029 coemiterit.
1541 962 1640 1027 Unum
1656 972 1764 1025 tantum
1781 983 1848 1043 prae·

526 1053 699 1112 mittendum
721 1070 845 1126 censeo,
869 1052 1106 1129 distinguendum
1129 1070 1193 1113 esse
1215 1056 1291 1112 inter
1313 1055 1425 1131 speeies
1449 1056 1528 1133 ipsas
1549 1052 1781 1124 mathematicas,
1807 1058 1849 1111 ctr-

527 1140 624 1200 eulum
648 1150 677 1199 et
699 1156 798 1199 arcem
821 1140 899 1217 ejus,
932 1143 1064 1218 interque
1089 1144 1336 1217 comparationem
1366 1158 1483 1215 eorum,
1514 1147 1544 1201 et
1571 1140 1627 1200 hoc
1649 1140 1729 1213 ideo,
1759 1142 1818 1215 qnia
1834 1142 1852 1197 si

525 1230 641 1305 species
670 1230 751 1305 ipsae
781 1245 835 1288 ceu
863 1231 977 1289 termini
1008 1228 1198 1289 collocandae
1227 1236 1295 1287 sunt
1323 1232 1401 1287 intus
1431 1232 1460 1286 in
1490 1232 1588 1288 areima
1619 1230 1681 1287 alna
1704 1228 1853 1305 receptione,

526 1315 619 1374 multo
642 1318 736 1390 magis
759 1315 926 1390 harmonia,
956 1332 1032 1393 quse
1056 1324 1101 1375 est
1124 1318 1197 1375 inter
1220 1315 1286 1374 illas
1309 1324 1421 1393 partes,
1450 1318 1480 1374 in
1503 1322 1600 1375 mente
1623 1314 1789 1375 collocanda
1807 1316 1854 1387 erit,

526 1411 639 1462 utnon
669 1402 779 1463 habeat
801 1406 958 1463 cosentiam
990 1420 1074 1463 suam
1098 1412 1179 1463 extra
1203 1402 1300 1475 illam,
1334 1406 1443 1481 quippe
1467 1420 1530 1463 cnm
1561 1403 1626 1479 ejus
1653 1406 1776 1464 essentia
1801 1418 1857 1461 con-

527 1493 612 1551 sistat
642 1493 671 1547 in
695 1495 811 1551 actione
834 1490 935 1567 aliqua
962 1495 1069 1551 mentis
1098 1494 1174 1551 circa
1197 1492 1309 1567 species
1332 1490 1406 1549 illae.
1452 1490 1490 1551 Et
1518 1490 1643 1550 drculus
1666 1490 1781 1567 quidem
1808 1504 1859 1548 cum

526 1579 653 1638 menbns
675 1580 718 1637 sic
741 1588 810 1637 sunt
831 1580 860 1634 in
883 1580 997 1651 anima,
1030 1587 1060 1638 ut
1089 1582 1160 1638 citra
1183 1580 1412 1637 controversiam
1440 1581 1499 1637 siut
1529 1580 1619 1637 etiam
1648 1580 1678 1637 in
1707 1576 1859 1651 sensilibns3

527 1674 559 1725 at
580 1666 749 1738 harmonia,
781 1682 857 1742 quae
880 1673 926 1725 est
953 1669 1028 1724 inter
1050 1666 1189 1726 circulum
1219 1666 1341 1743 ejusque
1364 1670 1492 1746 partem,
1525 1664 1623 1743 quoad
1653 1664 1773 1725 lorruale
1793 1681 1861 1721 sonu

526 1753 608 1812 nullo
632 1752 719 1811 modo
743 1762 788 1813 est
811 1761 893 1812 extra
916 1756 1056 1826 animam,
1085 1762 1228 1831 utsupra
1256 1756 1352 1831 patuit
1380 1754 1513 1829 exemplo
1536 1754 1659 1812 numeri.
1705 1752 1774 1813 Jam
1794 1760 1862 1809 eete-

526 1858 592 1900 rnm
614 1848 786 1917 argumenta
814 1849 881 1899 sunt
911 1842 1068 1917 praecipue
1097 1840 1133 1900 de
1164 1841 1319 1919 speciebus
1345 1842 1432 1917 ipsis,
1463 1858 1494 1900 re
1517 1840 1703 1917 simpliciori;
1731 1840 1864 1899 harmonia

528 1944 600 1988 vero
622 1944 668 1987 rea
691 1934 736 1987 eat
756 1930 852 2004 magis
876 1930 1047 2005 composita
1442 1924 1444 1931 ’
1494 1952 1497 1959 ’

615 2016 653 2073 Et
682 2013 739 2074 hoc
765 2023 811 2075 eat
840 2014 1014 2075 discriminis
1042 2018 1117 2075 mter
1146 2014 1353 2086 Aristotelem,
1389 2012 1557 2085 Platonem,
1588 2012 1726 2074 Proclum
1761 2030 1801 2073 er·
1821 2030 1867 2071 una

529 2110 622 2181 parte,
645 2104 778 2179 interque
800 2102 1002 2163 Ptolemaeum
1024 2120 1060 2163 ex
1084 2104 1184 2163 altera.
1231 2101 1279 2160 lili
1303 2104 1380 2163 enim
1403 2101 1439 2183 de
1462 2118 1521 2160 esee
1535 2104 1702 2179 speciemve
1725 2094 1867 2178 disputant

528 2188 718 2251 Ptolemaeus
746 2189 783 2250 de
810 2208 869 2249 esee
895 2192 1085 2252 barmoniae.
1130 2188 1189 2250 Sed
1211 2188 1374 2249 Ptolemaei
1403 2194 1515 2251 textum
1546 2206 1600 2249 nos
1631 2192 1661 2248 in
1691 2188 1868 2267 appendicem

530 2280 621 2337 totius
644 2280 739 2354 operia
761 2278 937 2354 rejiciamus,
960 2296 997 2339 ne
1019 2280 1114 2348 nobis,
1139 2276 1217 2354 quod
1240 2279 1323 2336 initio
1346 2276 1451 2352 capitis
1474 2276 1662 2351 verebamur,
1686 2279 1788 2336 turbas
1811 2292 1870 2335 con·

529 2366 613 2441 citct3
644 2364 711 2425 illos
742 2382 839 2438 atero,⁴
858 2369 909 2443 qui
938 2367 1155 2453 appositissime
1184 2364 1221 2423 ad
1251 2372 1434 2443 praesentem
1461 2362 1692 2443 speculationem
1716 2364 1870 2441 loquuntur,

525 2452 588 2530 jam
611 2453 774 2514 audiemus.
1609 2470 1612 2477 ·
1796 2476 1799 2479 ·

615 2540 653 2599 Et
675 2540 809 2600 Platonis
832 2538 950 2616 quidem
974 2538 1010 2621 de
1033 2540 1121 2599 rebus
1143 2537 1357 2598 mathematicis
1385 2540 1530 2599 sententia
1552 2538 1627 2598 haec
1650 2546 1726 2599 erat:
1759 2546 1872 2597 mentem

529 2627 689 2687 humanam
711 2645 811 2688 omnes
834 2635 864 2687 et
885 2630 999 2705 species
1019 2644 1075 2687 seu
1098 2626 1206 2703 figuras
1234 2634 1263 2685 et
1285 2628 1435 2686 axiomata
1449 2632 1489 2685 ‘st
1511 2626 1714 2686 conclusiones
1740 2626 1777 2687 de
1799 2622 1873 2685 'rebus

529 2732 561 2775 ee
583 2718 649 2792 ipsa
672 2714 806 2775 edoctam
830 2732 911 2789 οπεος
941 2734 1007 2792 cnm
1030 2730 1101 2775 vero
1127 2713 1262 2773 videatur
1284 2712 1407 2787 erudiri,
1439 2714 1470 2773 ld
1492 2712 1565 2771 nihil
1588 2712 1669 2772 alind
1693 2730 1775 2787 esse,
1799 2730 1874 2790 quan

528 2802 677 2863 admoneri
700 2820 752 2879 per
775 2802 987 2880 diagrammata
1009 2786 1129 2861 s'ensilia
1151 2816 1246 2861 rerum
1270 2818 1385 2875 earum,
1416 2818 1490 2878 quas
1513 2818 1613 2860 aecum
1636 2802 1702 2879 ipsa
1724 2805 1807 2861 sciat.
1849 2798 1875 2855 ld

529 2892 671 2968 singulari
700 2890 823 2951 artifieio
853 2898 1054 2967 repraesentat
1079 2892 1109 2947 ln
1134 2886 1275 2965 dialogis,
1298 2888 1463 2949 introducto
1486 2904 1595 2965 puero,
1627 2892 1692 2965 qni,
1725 2896 1876 2965 rogatnaa

530 2982 686 3055 magistro,
710 2976 867 3055 respondet
890 2976 988 3039 omnia
1010 2978 1048 3037 ad
1073 2984 1183 3037 vntum.

621 3065 797 3126 Aristoteles
819 3074 922 3126 contra
942 3068 973 3124 in
997 3064 1211 3143 Metaphysiois
1234 3070 1429 3123 commentum
1452 3062 1510 3123 hoc
1533 3062 1663 3141 appellat
1687 3066 1774 3143 lopas
1789 3066 1878 3123 ‘alno-

529 3158 660 3229 percep,
683 3174 758 3229 προς
778 3175 830 3229 sps
852 3148 994 3214 duodenas
1014 3155 1217 3227 peditemtim
1245 3168 1298 3210 nec
1322 3152 1399 3211 enim
1426 3150 1500 3211 haec
1528 3148 1737 3211 mathematica
1768 3152 1879 3211 seorsim

515 3258 549 3299 'a
571 3239 730 3299 sensilibus
753 3256 878 3316 usquam
900 3242 1076 3312 subsistere,
1099 3254 1154 3298 nee
1175 3237 1264 3299 allam
1287 3256 1351 3298 esse
1375 3238 1490 3297 illomm
1514 3238 1745 3311 subsistentiam,
1769 3256 1807 3298 ne
1823 3240 1880 3313 qui·

530 3327 596 3387 dem
618 3329 648 3384 in
670 3334 784 3399 mente,
812 3329 869 3386 nisi
898 3331 1085 3399 sanatione,
1116 3344 1175 3402 qua
1202 3332 1299 3385 cetera
1321 3326 1500 3386 universalia
1528 3328 1653 3405 suntin
1677 3334 1794 3397 mente,
1824 3342 1881 3384 cum

532 3416 678 3475 montiae
700 3415 808 3491 ipsius,
836 3432 932 3475 rerum
954 3415 1107 3475 sensilium
1130 3412 1320 3490 singularium
1343 3415 1457 3489 species
1479 3428 1531 3491 per
1554 3412 1752 3473 definitionem
1779 3414 1881 3472 forma-

531 3512 579 3561 tur
603 3504 631 3559 in
653 3510 768 3572 mente,
800 3505 899 3579 itaque
930 3507 1028 3581 priora
1051 3500 1170 3578 quidem
1199 3518 1263 3560 esse
1286 3500 1446 3560 sensilibus
1470 3509 1500 3559 et
1522 3498 1651 3559 abstrahi
1674 3520 1698 3560 a
1720 3500 1882 3571 sensilibus,

532 3596 564 3647 at
585 3605 645 3647 non
668 3606 715 3662 re,
738 3588 789 3648 sed
821 3598 964 3667 conceptu
986 3590 1101 3650 mentis.
1147 3586 1204 3649 Ubi
1234 3587 1411 3663 notandum,
1446 3586 1524 3665 qnod
1547 3588 1736 3673 Aristoteles,
1770 3590 1882 3673 quoties

531 3677 591 3735 lere
620 3692 675 3735 usu
704 3679 786 3736 venit
815 3686 848 3736 ut
869 3680 1000 3737 nominet
1028 3690 1168 3755 generum
1191 3676 1462 3736 mathematicorum
1492 3692 1581 3733 unum
1601 3674 1736 3753 aliquod.
1760 3675 1882 3751 exempli

504 3765 636 3841 gratia,
660 3782 775 3840 semper
797 3774 848 3824 aut
870 3774 1011 3843 punctum
1033 3766 1173 3837 nominet,
1197 3764 1248 3821 ant
1270 3762 1387 3838 lineam,
1411 3771 1463 3821 aut
1481 3763 1672 3839 superficiem,
1696 3770 1747 3822 ant
1772 3780 1883 3840 corpus,

532 3858 585 3911 aut
606 3868 776 3927 numerum,
799 3870 877 3929 qnae
899 3856 1019 3913 suntin
1041 3850 1278 3931 praedicamento
1303 3852 1475 3927 quantitatis
1498 3868 1612 3909 summa
1633 3868 1757 3927 genera3
1786 3856 1884 3927 quau·

531 3941 648 3998 titatum
671 3957 752 4012 vero,
775 3942 804 3997 in
828 3950 970 4017 qnantum
993 3940 1061 4001 anni
1084 3940 1193 4014 figurae
1217 3946 1247 3997 et
1269 3940 1297 3995 in
1315 3946 1421 4015 quarta
1434 3940 1531 4014 speeie
1548 3938 1698 4013 qualitatis
1721 3934 1791 4019 (ubl
1809 3936 1884 3998 alind

532 4035 578 4087 est
600 4029 728 4103 ipsarum
751 4028 919 4104 materiale,
943 4032 1109 4105 quantitas,
1134 4026 1213 4085 alind
1237 4026 1371 4095 termole,
1397 4022 1505 4106 ligura)
1533 4024 1659 4103 pathas
1682 4025 1804 4101 quidem
1828 4025 1885 4083 dis·

530 4117 700 4192 putationes
731 4115 764 4173 tlt
786 4120 895 4176 mentio
923 4119 1084 4187 rarissima,
1116 4116 1310 4189 inquantum
1343 4113 1515 4184 relationes,
1547 4112 1633 4189 plane
1662 4112 1754 4171 nulla„
1804 4114 1885 4172 Adeo

533 4200 651 4277 quidem
674 4204 762 4261 ctiam
785 4204 983 4264 harmonicam
1005 4204 1158 4264 scientiam
1180 4202 1263 4277 ponit
1285 4198 1430 4277 speculari
1455 4201 1491 4260 de
1513 4200 1595 4258 nulla
1617 4216 1661 4272 re,
1690 4198 1747 4258 nisi
1770 4200 1810 4259 de
1832 4218 1885 4258 vo·

532 4290 616 4349 cibus
638 4287 734 4365 deque
755 4292 793 4349 iis
815 4308 873 4349 uon
897 4290 990 4364 aliter,
1013 4292 1071 4349 nisi
1093 4291 1122 4347 in
1147 4295 1287 4363 quantum
1306 4288 1378 4347 'illae
1401 4294 1469 4347 eunt
1491 4288 1595 4353 lineae.
1618 4288 1706 4364 plane
1728 4294 1762 4346 ut
1778 4286 1886 4365 o'ptica

533 4376 580 4447 De
601 4376 765 4435 intervallis
789 4394 859 4437 vero
881 4376 1032 4451 linearum,
1057 4392 1133 4453 quae
1156 4382 1224 4433 sunt
1244 4378 1394 4452 proportio
1415 4374 1534 4455 (relatio
1547 4376 1691 4447 nimirum,
1716 4382 1745 4434 et
1760 4379 1800 4433 ea'
1822 4376 1887 4451 qni·

534 4462 600 4523 dem
624 4462 802 4539 qualitativa
826 4472 855 4523 et
876 4462 1021 4544 figurata),
1044 4482 1082 4524 ne
1105 4462 1232 4521 somniet
1253 4462 1371 4538 quidem
1394 4466 1522 4539 unq'nam
1541 4461 1722 4521 Aristoteles.
1766 4460 1887 4521 Nullum

533 4554 634 4627 itaque
657 4548 778 4609 dubium
803 4558 864 4624 est,
893 4542 1109 4627 qnin‘ulterius
1132 4560 1338 4626 progressurus
1365 4548 1503 4613 fueritin
1527 4550 1583 4609 hac
1613 4550 1834 4627 speculatione,
1865 4549 1887 4606 si

533 4638 748 4698 mathematicis
770 4636 1007 4715 profundioribus
1029 4635 1077 4719 (de
1100 4635 1289 4696 intellectuali
1318 4637 1473 4713 figurarum
1503 4636 1686 4714 possibilium
1718 4644 1748 4701 et
1774 4639 1887 4713 impos-

533 4726 663 4786 sibilium
686 4725 857 4800 differentia,
880 4726 999 4802 quade
1022 4744 1075 4786 nos
1099 4725 1211 4801 egimus
1236 4725 1312 4784 libro
1327 4724 1364 4805 1.)
1387 4724 1489 4785 luisset
1504 4726 1642 4785 imbutus.
1688 4724 1722 4782 lu
1745 4734 1888 4801 quantum

534 4815 623 4890 igitar
644 4813 682 4873 de
703 4816 825 4873 sommis
847 4816 1020 4891 quantitatis
1042 4813 1198 4889 genetibus
1223 4812 1367 4889 disputat,
1400 4812 1615 4884 tacitevtnctt,
1639 4814 1754 4873 nemine
1777 4828 1886 4888 repug-

536 4908 642 4976 nante;
666 4900 745 4978 quod
767 4916 837 4961 vero
859 4903 889 4958 in
912 4903 1081 4960 universum
1105 4903 1195 4969 (etiam
1214 4903 1247 4958 de
1268 4902 1411 4972 speciebus
1429 4903 1576 4958 individuis
1595 4901 1771 4967 [formalitert
1791 4908 1822 4955 ut
1841 4901 1888 4955 cir·

536 4990 611 5055 culo,
637 4993 743 5060 trigono
771 4997 833 5062 ete.)
852 4988 1001 5048 concludit
1025 4996 1054 5047 et
1077 4988 1231 5047 Platonem
1260 4986 1402 5047 stultitiae
1430 4986 1534 5065 hujus,
1564 5004 1652 5061 quant
1674 4986 1737 5061 ipse
1765 4984 1822 5041 eibi
1848 4990 1888 5041 eet

536 5074 723 5148 imaginatus,
742 5082 832 5136 neum·
850 5079 980 5154 peragit,
1013 5075 1140 5150 deniqne
1166 5074 1245 5150 quod
1273 5077 1405 5151 picturae
1428 5072 1600 5133 Platonicae
1631 5073 1667 5131 de
1689 5084 1784 5149 pnero‘
1805 5070 1888 5131 reiran-

540 5166 665 5237 etoaaep
688 5164 749 5238 ipse
773 5165 895 5241 opponit
915 5166 1060 5241 picturam
1084 5162 1276 5235 contrariam,
1304 5152 1430 5220 mentem
1453 5178 1587 5221 asserens
1613 5178 1644 5219 se
1668 5160 1732 5237 ipsa
1754 5174 1888 5227 vacuam,

536 5264 596 5307 non
617 5254 731 5308 tantum
755 5253 931 5329 cognitionis
954 5260 1070 5313 ceterae
1101 5258 1131 5309 et
1153 5248 1422 5310 matbematicorum
1444 5262 1599 5327 generum,
1632 5246 1684 5308 sed
1710 5248 1888 5323 etiam'ape·
