4242 6384
476 722 538 783 166
917 741 923 753 ·
1008 728 1050 783 De
1067 702 1293 799 Propertiouibua

476 913 545 957 vem
568 906 776 960 ooecmveutnr
797 904 972 981 principales
995 907 1122 969 chordae
1146 906 1254 977 decem,
1278 915 1329 981 per
1354 920 1417 981 cap.
1436 904 1463 976 i,
1489 898 1668 959 omnifariae
1692 906 1771 949 vero
1795 894 1853 945 tre-

477 982 588 1059 flwimr
616 1003 669 1062 per
691 1004 756 1066 cep-
780 990 818 1065 8,
844 992 878 1051 lit
899 1000 932 1052 nt
954 994 1013 1055 duo
1035 1000 1119 1069 soni,
1149 993 1221 1053 diesi
1245 991 1293 1051 vel
1321 990 1458 1051 lemmate
1487 986 1648 1057 distantes,
1688 982 1854 1057 pingantur
1897 1040 1898 1049 ,

478 1070 582 1133 eodem
604 1072 823 1150 diagrammata
844 1079 927 1155 loco,
958 1100 1011 1142 sen
1034 1086 1060 1142 is
1084 1084 1162 1143 linea
1184 1083 1222 1139 sit
1244 1096 1297 1138 eeu
1319 1078 1502 1138 interlineare
1531 1068 1754 1139 intervallum,
1789 1064 1857 1137 quia

480 1158 577 1221 dieses
599 1168 630 1220 et
651 1160 792 1223 lemmate
812 1160 872 1225 aon
887 1177 1031 1229 canuntur
1052 1170 1201 1247 deinceps,
1224 1174 1257 1226 nt
1280 1168 1341 1225 toni
1365 1174 1394 1225 et
1408 1165 1578 1237 semitonisq
1603 1175 1671 1237 qua
1698 1154 1742 1213 de
1768 1167 1859 1209 eausa

429 1284 436 1293 -
479 1248 569 1307 etiam
588 1247 672 1309 uolui
694 1250 761 1311 illas
783 1269 850 1311 cum
872 1254 1021 1332 aliquibus
1043 1261 1199 1318 semitonia
1220 1256 1333 1314 minora
1357 1253 1461 1313 dicere.
1507 1250 1574 1309 Hac
1587 1250 1685 1323 igitur
1709 1241 1752 1299 de
1770 1254 1861 1296 causa

479 1334 686 1413 praefigendas
707 1339 788 1399 icere
810 1339 896 1401 lineis
918 1351 949 1403 et
971 1347 1142 1420 intervallis,
1165 1344 1338 1405 chordarum
1354 1340 1539 1415 imaginihus,
1564 1342 1669 1394 certae
1689 1334 1801 1397 nome,
1827 1341 1862 1381 er

480 1422 587 1498 quibus
609 1431 713 1484 cautus
736 1426 826 1487 durus
848 1448 866 1489 a
888 1430 970 1490 molli
993 1435 1235 1495 internosceretur
1257 1436 1461 1503 constaretque
1483 1426 1565 1485 locus
1588 1418 1773 1485 semitonii,
1800 1413 1863 1509 sire
1897 1444 1898 1483 1

481 1508 629 1584 ordinarii,
652 1529 706 1573 seu
729 1516 818 1573 etiam
841 1525 1022 1589 ceterorum,
1052 1538 1089 1581 er
1112 1523 1189 1580 tonis
1212 1518 1372 1593 maioribus
1400 1514 1605 1573 abscissorum.
1652 1504 1720 1563 Est
1747 1508 1781 1561 et
1805 1496 1865 1556 aha
1897 1508 1898 1525 ¹

480 1599 642 1657 necessitas
665 1600 822 1675 occultior,
853 1622 911 1664 non
935 1624 971 1665 ex
994 1605 1163 1668 diuersitate
1186 1622 1342 1683 generum,
1373 1602 1425 1663 sed
1455 1604 1485 1659 in
1509 1596 1642 1675 qudllhet
1669 1596 1797 1657 mutu,
1831 1602 1865 1641 er

481 1683 692 1761 inaequalitate
722 1696 858 1751 tonorum
885 1695 1006 1769 majoris
1034 1704 1065 1755 et
1087 1686 1219 1765 minoris,
1251 1702 1283 1751 ut
1305 1695 1325 1751 ii
1350 1693 1377 1748 in
1402 1684 1665 1765 diagrammutlhus
1697 1680 1768 1737 sint
1793 1688 1866 1732 con-

482 1778 529 1831 tre
549 1789 583 1833 se
605 1771 744 1835 distincti.
788 1777 864 1837 Nam
886 1780 1018 1858 syllabas
1046 1782 1092 1857 Ut,
1117 1784 1170 1858 ite,
1195 1780 1240 1840 dit
1261 1796 1380 1840 necesse
1404 1786 1534 1837 estesse
1557 1768 1725 1849 generales
1753 1772 1788 1823 et
1812 1778 1866 1835 sp-

482 1858 637 1936 plicabdes
664 1868 725 1922 tam
755 1866 861 1941 maiori
891 1886 979 1944 qnam
1008 1872 1111 1929 minori
1143 1879 1229 1942 tono,
1269 1884 1359 1944 quare
1390 1872 1537 1939 utcunque
1569 1856 1775 1919 satisfaciant
1811 1848 1866 1905 hae

483 1945 736 2011 denominationes
759 1967 862 2013 canere
885 1955 1065 2016 discentibus
1088 1967 1118 2019 et
1141 1958 1286 2031 organicis
1308 1955 1455 2032 practicis,
1479 1960 1510 2009 ut
1530 1946 1711 2009 theoreticis
1739 1938 1866 1997 minime

482 2033 676 2095 satisfaciunt.
719 2036 764 2097 Ex
786 2038 844 2099 hoc
865 2045 954 2119 igitur
976 2045 1073 2105 cilicio
1096 2046 1153 2105 hae
1175 2045 1295 2117 literae,
1330 2039 1447 2117 quando
1471 2035 1672 2114 praefiguntur
1702 2029 1868 2101 diagram·
1897 2086 1898 2091 η

483 2122 578 2194 metis,
602 2122 703 2182 claves
724 2126 866 2202 appellari
889 2121 1001 2205 soient,
1035 2132 1114 2209 quod
1138 2135 1201 2193 sine
1224 2133 1261 2188 iis
1285 2130 1394 2188 cantori
1425 2132 1482 2184 n'on
1505 2129 1608 2200 pateat
1637 2112 1866 2211 ingressuris
1897 2168 1898 2179 ,

484 2206 674 2284 diffamare.
718 2211 848 2274 Eaedem
879 2235 949 2278 vcro
977 2218 1080 2279 literae
1112 2214 1209 2280 etiam'
1230 2217 1405 2277 adhibemur
1435 2216 1463 2271 in
1487 2210 1604 2286 organis
1627 2206 1784 2273 musicis,
1820 2214 1867 2298 ru·

484 2296 651 2357 scribuntur
673 2300 749 2357 enirn
772 2306 933 2365 manubriis
954 2306 1130 2383 plectrorum
1155 2306 1313 2377 intensis,
1343 2310 1395 2361 eut
1423 2300 1642 2379 epistomJorum
1673 2290 1710 2349 in
1741 2287 1865 2353 inflatis,

485 2400 587 2459 aque
608 2386 796 2463 inscriptione
823 2395 977 2454 manubria
999 2394 1052 2453 ille
1081 2399 1198 2471 privato
1219 2394 1285 2469 jore
1315 2390 1413 2449 claves
1439 2388 1588 2457 dicuntur,
1623 2388 1652 2441 et
1676 2376 1764 2439 ordo
1791 2376 1865 2469 iper,

485 2486 538 2529 ⁸⁰¹¹
560 2480 691 2548 tyetema
719 2492 755 2535 ex
786 2482 947 2541 manubriis
970 2484 1106 2542 omnibus
1136 2482 1327 2551 clariarlum,
1357 2478 1413 2538 hub
1440 2470 1571 2551 Gluuitt,
1603 2478 1631 2529 et
1660 2467 1863 2525 instrumenti

486 2574 580 2633 genus
602 2559 850 2639 elarichordinm,
874 2568 953 2644 quod
977 2551 1104 2631 chordae
1127 2570 1277 2640 clavibus,
1302 2566 1358 2623 hoc
1382 2570 1426 2624 est
1448 2560 1607 2620 manubriis
1629 2557 1705 2615 ioris
1734 2551 1864 2625 d'epree-

472 2647 528 2721 ‚eie
551 2645 728 2724 plectrisque
751 2652 831 2713 intus
852 2656 1071 2731 exsilientibus,
1095 2658 1257 2735 pulsentur.

574 2731 651 2808 Quin
674 2737 764 2796 etiem
785 2751 854 2800 sunt
876 2743 1099 2820 diagrammata,
1122 2762 1175 2823 pro
1198 2741 1354 2819 organistis
1377 2738 1463 2797 scribi
1486 2734 1583 2805 solita,
1609 2727 1785 2807 inquibus
1810 2736 1862 2795 pro

488 2818 573 2879 lineis
595 2824 687 2899 nigris
709 2834 777 2885 sunt
792 2832 883 2889 series
906 2832 1064 2906 literarum,
1088 2833 1289 2898 indicantium,
1314 2842 1459 2903 quaenam
1482 2824 1580 2882 claves
1603 2818 1687 2893 tangi
1715 2813 1862 2873 debeant,

489 2908 542 2966 ubl
563 2906 667 2969 literae
690 2919 758 2970 eunt
781 2932 833 2990 pro
856 2921 951 2997 nutis,
983 2937 1057 2996 quas
1081 2920 1262 2981 adhibebant
1285 2914 1498 2990 diagrammata
1526 2908 1665 2975 cantoria,
1701 2904 1738 2959 in
1766 2898 1862 2954 linens

490 3000 543 3053 ent
574 2996 730 3056 intervalla
759 3005 883 3077 positas.
938 3007 1022 3065 Circa
1050 3008 1151 3069 literas
1181 3006 1235 3065 has
1264 3004 1364 3077 aliqua
1394 3001 1479 3059 nubis
1512 2998 1633 3054 veniunt
1664 2979 1866 3050 observanda

386 3082 391 3099 ⁰
488 3081 628 3157 jucunde.
674 3083 804 3145 Primum
826 3108 884 3148 non
910 3110 1010 3152 omnes
1034 3098 1136 3155 literae
1159 3096 1220 3153 suis
1244 3094 1431 3167 imponuntur
1448 3086 1533 3145 lineis
1557 3092 1586 3141 et
1603 3074 1789 3145 intervallis,
1815 3064 1864 3126 sed

493 3166 591 3226 ”lum
613 3171 698 3241 ima
725 3170 763 3247 F>
790 3172 826 3243 G.
853 3176 884 3245 Ο,
909 3183 1025 3257 quoties
1049 3183 1132 3242 locus
1157 3184 1213 3240 uni·
1230 3195 1329 3239 earum
1351 3182 1395 3235 est
1410 3191 1497 3249 super
1512 3171 1598 3240 linea,
1622 3166 1745 3243 Bvcro
1775 3160 1865 3218 etiarn

381 3298 385 3305 ¹
493 3262 576 3327 ΝΜ,
601 3272 666 3315 cum
696 3257 792 3319 locum
815 3263 906 3325 habet
933 3270 964 3325 in
988 3268 1151 3330 intervallo.
1199 3264 1312 3326 Deinde
1343 3262 1426 3321 litere
1454 3258 1479 3320 C
1505 3258 1593 3316 habet
1614 3250 1739 3329 ¹signnm
1776 3246 1862 3317 longe

494 3340 659 3417 diversum,
683 3346 770 3421 quale
792 3366 832 3409 se
855 3352 904 3413 hic
926 3356 964 3413 nd
995 3355 1072 3416 latus
1094 3360 1220 3435 piotum3
1252 3360 1323 3431 puto
1345 3352 1468 3428 ,signnm
1500 3346 1556 3403 hoc
1583 3350 1685 3401 uatum
1715 3356 1758 3397 ex

495 3427 661 3491 detorsione
683 3436 844 3510 scripturae
867 3444 973 3502 veteris
995 3442 1097 3505 literae
1124 3444 1154 3505 0.
1201 3444 1276 3503 Nam
1300 3441 1370 3515 quia
1389 3437 1458 3509 latis
1482 3430 1660 3492 calamorum
1682 3444 1757 3487 mu·
1796 3410 1834 3497 Ξ

496 3516 634 3577 menibus
663 3520 822 3581 utebantur
852 3531 1021 3605 scriptores,
1056 3516 1147 3601 notae
1177 3530 1334 3607 pleraeque
1367 3520 1576 3601 compendiosa
1608 3517 1757 3591 scriptura
1795 3516 1833 3582 i:

495 3603 606 3663 achare
628 3606 807 3685 quadratae,
831 3630 885 3674 nec
907 3624 1024 3691 poterat
1046 3622 1082 3679 iia
1105 3620 1225 3680 calamis
1248 3612 1403 3674 rotundum
1427 3610 1452 3670 0
1472 3608 1569 3687 pingi3
1600 3607 1699 3678 itaque
1729 3598 1759 3659 0
1821 3684 1828 3697 Ι

496 3690 629 3750 tacerent
648 3710 686 3752 ex
708 3696 799 3757 trihus
822 3698 954 3776 lineolis,
986 3722 1045 3764 una
1068 3710 1157 3779 tenid,
1183 3708 1247 3764 vice
1270 3702 1420 3772 caritatis,
1450 3708 1479 3757 ct
1501 3694 1615 3753 duabus
1640 3690 1766 3758 crassis,
1798 3696 1862 3741 vnce

497 3793 652 3852 cornuum,
684 3778 774 3842 ducto
796 3788 826 3843 in
849 3789 1033 3851 latitudinem
1071 3795 1185 3855 calamo
1215 3792 1258 3851 'sic
1280 3806 1328 3863 ς.
1374 3780 1444 3845 Jem
1474 3780 1584 3843 lineola
1606 3778 1715 3849 tonnis,
1750 3786 1862 3853 prope·

497 3872 582 3925 rante
604 3866 729 3944 calaum,
754 3874 963 3949 utplurimum
986 3880 1064 3941 lacta
1085 3882 1140 3942 suit
1161 3877 1277 3957 longior
1301 3884 1329 3935 et
1351 3880 1469 3933 exstans
1485 3870 1621 3943 utrinque
1644 3864 1722 3924 ultra
1739 3876 1860 3926 cornua,

498 3954 543 4011 eia
567 3968 614 4030 ε.
659 3952 821 4019 litantem
849 3980 958 4026 cornua
979 3971 1215 4041 terminarentur,
1242 3962 1366 4025 lineolae
1388 3963 1499 4037 primae
1521 3952 1678 4033 parallelas
1702 3950 1860 4043 duxerunt.

501 4040 545 4098 sic
571 4055 623 4119 m,
652 4051 684 4102 et
713 4047 757 4105 eie
783 4050 902 4112 taudem
933 4071 969 4113 ex
1001 4054 1117 4117 duabus
1140 4056 1251 4117 talibus
1273 4048 1389 4111 lineolis
1412 4064 1471 4105 una
1493 4045 1572 4104 iacta
1594 4038 1653 4113 est,
1681 4040 1797 4117 primae
1820 4048 1859 4089 si·

501 4126 580 4187 milis
603 4135 633 4188 et
654 4132 805 4207 parallelae,
829 4145 982 4217 totamque
1005 4146 1121 4220 signum
1144 4145 1205 4204 tale
1235 4143 1287 4215 Ξ,
1319 4134 1414 4213 quod,
1439 4142 1470 4192 nt
1493 4140 1580 4190 notae
1603 4130 1685 4206 ipsae
1700 4128 1739 4183 ¹in
1764 4121 1858 4185 lineis,

501 4214 586 4297 hictu
608 4216 714 4275 calami
736 4220 770 4279 tit
792 4238 913 4300 carum,
937 4231 980 4288 alc
1000 4229 1057 4312 ‘53'
1859 4272 1863 4283 ,

590 4300 723 4363 Occurrit
746 4314 842 4369 nmen
865 4322 895 4371 et
916 4314 986 4389 hoc,
1011 4334 1048 4375 au
1072 4334 1131 4377 non
1155 4319 1270 4392 signum
1293 4312 1349 4371 hoo
1372 4328 1406 4368 en
1430 4324 1484 4367 usu
1509 4306 1603 4375 vocis,
1635 4294 1715 4359 scula
1738 4296 1858 4359 musica,

503 4390 588 4448 inerit
610 4397 726 4465 netum,
750 4411 815 4453 cum
838 4399 960 4475 figurem
982 4420 1052 4479 prae
1075 4422 1107 4465 se
1131 4406 1203 4465 leret
1225 4400 1339 4479 scalae,
1370 4398 1453 4473 qnasi
1475 4392 1649 4469 principium
1672 4386 1772 4445 scalae
1795 4396 1856 4439 ruu-

505 4476 585 4535 sicue
607 4481 771 4553 notaverit,
796 4484 846 4543 nbi
868 4490 1040 4561 ponebatur.
1088 4493 1132 4549 An
1157 4490 1267 4563 verius,
1294 4478 1434 4563 prius'ex
1457 4480 1542 4539 litura
1569 4474 1711 4536 Cscnlae
1734 4470 1856 4567 effigiati

504 4564 622 4638 lamam,
644 4574 749 4642 postea
771 4586 807 4628 ex
829 4571 918 4649 hujus
941 4574 1046 4653 effigiei
1070 4580 1170 4639 crebro
1193 4574 1248 4635 usu'
1269 4574 1379 4634 scalam
1403 4570 1459 4628 dici
1475 4572 1618 4643 coeptam,
1643 4560 1722 4639 quod
1744 4568 1856 4637 prophe

507 4650 687 4727 diagramma
710 4656 794 4715 erat?
838 4659 911 4719 Cum
935 4680 1004 4722 vero
1033 4665 1116 4725 locus
1147 4683 1204 4724 non
1228 4670 1272 4723 est
1294 4662 1396 4720 literae
1423 4656 1447 4717 0
1473 4658 1501 4713 in
1530 4654 1609 4721 linea
1630 4646 1711 4725 (quia
1735 4646 1805 4706 olim
1829 4644 1856 4695 ui

506 4736 663 4819 plurinnr'm
685 4740 780 4802 lineae
802 4756 885 4806 erant
907 4756 1021 4811 tantum
1044 4752 1193 4833 quatuor),
1225 4760 1294 4809 tunc
1317 4750 1399 4807 iocus
1423 4750 1466 4803 est
1488 4740 1591 4801 literae
1616 4736 1694 4795 F'in
1718 4734 1855 4794 linearum

507 4842 583 4896 uae,
611 4844 689 4903 quae
712 4832 848 4891 scribitur
869 4838 900 4895 in
922 4836 1024 4897 ceteris
1047 4843 1169 4900 vocibus
1192 4838 1344 4899 altioribus
1375 4833 1503 4909 genuina
1525 4845 1579 4888 sua
1606 4808 1692 4897 noia,
1722 4827 1750 4881 in
1774 4822 1853 4879 basso

394 4958 399 4971 ,
509 4912 692 4974 semicirculo
712 4934 835 4980 recurvo
858 4940 923 4983 cnm
946 4925 1059 4985 duobus
1079 4928 1166 5004 juxta
1187 4922 1317 5003 punctis,
1342 4919 1421 4997 qnod
1443 4919 1557 4994 signum
1576 4902 1745 4991 pateinter
1768 4904 1853 4969 initia

422 5077 428 5089 ,
510 5000 680 5076 priusquam
703 5003 940 5086 detorqueretur,
963 5012 1053 5073 luisse
1076 5032 1212 5091 graecum
1236 5038 1249 5093 y
1272 5006 1420 5093 (gamma)
1443 5002 1668 5085 minusculum,⁸
1683 5000 1725 5057 sic
1749 5006 1780 5055 ut
1802 4992 1853 5049 d1¹⁰

511 5094 623 5162 puncta
643 5089 746 5151 addita
768 5098 933 5171 significent
956 5101 1112 5178 digamma,
1137 5106 1206 5179 qnia
1228 5108 1359 5159 nostrum
1384 5092 1417 5157 F
1436 5099 1480 5152 est
1504 5090 1680 5151 Graecorum
1706 5085 1809 5163 duplex
1827 5074 1849 5135 Γ
1848 5117 1853 5128 ·

512 5172 589 5240 dan
611 5192 631 5241 e
652 5175 773 5243 Graecis
796 5184 952 5250 deduxisse
974 5189 1050 5253 benc
1072 5192 1212 5255 rationem
1236 5184 1372 5269 signandi
1393 5176 1482 5245 sonos'
1503 5170 1669 5261 systematis
1692 5189 1744 5253 per
1765 5174 1852 5233 literae
