4242 6384
861 777 896 838 de
913 778 1071 838 ilumeris.
1206 787 1210 800 ·
1341 867 1346 874 ,
1601 783 1642 848 ss

288 952 422 1020 dispositio
439 957 490 1006 ista
508 955 653 1008 immonioa
671 955 722 1008 diei
738 958 843 1024 poterit,
866 957 967 1008 etiamsi
984 953 1070 1008 nulius
1087 960 1154 1025 meat
1169 956 1235 1006 inira
1251 957 1371 1025 spiritus,
1392 957 1440 1022 qui
1456 955 1642 1006 hermeriarum

287 1029 390 1077 laurum
407 1031 498 1090 typum
516 1027 618 1076 haberet
636 1031 661 1076 et
676 1041 721 1090 per
739 1041 900 1093 consequens,
919 1027 965 1092 qul
982 1027 1043 1076 istas
1055 1027 1195 1091 superiores
1208 1027 1351 1076 harmonias
1363 1027 1564 1090 persentisceret;
1578 1029 1644 1076 uest

288 1103 370 1146 unm
387 1096 556 1146 nihilominus
574 1099 687 1160 superior
704 1097 815 1164 spiritus,
833 1099 879 1164 qui
898 1097 992 1163 dirigit,
1011 1097 1110 1148 ordinat
1127 1101 1153 1146 et
1170 1098 1218 1147 seit
1235 1097 1391 1146 harmoniam
1407 1097 1484 1147 iatam
1501 1097 1643 1157 configura·

288 1168 364 1216 tionis
381 1168 543 1230 superiorum
560 1179 700 1229 corporum.
736 1167 813 1218 Vides
831 1177 896 1228 ergo,
915 1181 991 1232 quam
1009 1181 1026 1216 a
1043 1181 1119 1230 acopo
1136 1168 1245 1232 aherree,
1263 1166 1322 1216 dnm
1339 1165 1414 1230 dicis¹
1426 1167 1644 1227 ‘coniguratiouea

288 1238 432 1300 superiores
450 1235 613 1298 planetarum
638 1251 690 1289 non
714 1251 768 1288 esse
791 1238 948 1290 harmonicas
967 1236 1086 1299 dicendas'
1110 1250 1156 1288 neo
1173 1238 1328 1286 hannoniam
1351 1238 1379 1285 in
1399 1238 1463 1298 ipsis
1488 1250 1542 1286 esse
1563 1233 1645 1285 ullam

287 1309 342 1356 sine
357 1308 445 1358 anima
463 1305 650 1370 contemplante
676 1311 700 1356 st
718 1297 879 1370 comparante
903 1313 928 1361 et
945 1323 975 1358 eo
992 1309 1048 1370 ipso
1066 1309 1140 1373 quasi
1156 1308 1319 1370 progignente
1337 1306 1500 1360 harmoniam¹
1514 1307 1543 1355 in
1566 1319 1643 1368 supe·

285 1378 377 1426 riorum
394 1378 562 1428 terminorum
580 1378 781 1440 consororinos.
815 1379 870 1428 imo
888 1378 1040 1428 mumadam
1058 1392 1144 1428 varum
1161 1382 1212 1438 eet,
1232 1373 1330 1426 nullam
1351 1377 1385 1425 ab
1409 1374 1643 1425 anima-sublunari

284 1447 446 1496 harmoniam
464 1448 593 1513 comessi,
611 1449 759 1514 persentiri,
777 1446 885 1509 intelllgi
902 1462 988 1512 posse,
1006 1449 1057 1498 nisi
1075 1447 1299 1511 deprehenderetur
1317 1459 1342 1495 es
1359 1451 1423 1496 esset
1442 1447 1469 1494 in
1487 1449 1643 1510 superiorum

284 1519 484 1578 coniguratione
502 1518 640 1582 antitypica
657 1517 796 1584 harmonia,
824 1523 884 1580 typo
901 1519 946 1568 isti
964 1519 1110 1568 harmoniae
1131 1520 1161 1566 in
1182 1518 1269 1566 anima
1289 1517 1422 1566 sublunari
1439 1516 1642 1578 correspondent.

282 1586 437 1636 llecasnria
454 1602 512 1648 ergo
531 1587 615 1638 estad
633 1590 767 1640 essentiam
784 1589 930 1638 harmoniae
948 1590 976 1638 in
993 1590 1101 1638 materia
1117 1589 1202 1638 anima
1220 1589 1273 1639 sive
1291 1587 1403 1653 spiritus,
1421 1599 1471 1635 non
1489 1599 1642 1647 cognoscens

282 1657 448 1706 hmmonlam
464 1659 493 1707 in
510 1658 571 1722 alio,
589 1657 634 1706 sed
653 1657 805 1712 harmoniam
821 1659 939 1714 mutarim
956 1658 1131 1725 introducent,
1150 1659 1281 1707 matonam
1299 1655 1443 1706 harmonice
1461 1654 1597 1718 disponens
1617 1660 1642 1705 et

281 1729 419 1793 materam
437 1727 582 1778 harmonice
600 1727 750 1790 dispositam
768 1743 869 1780 servans
889 1734 914 1778 et
931 1728 1043 1790 dirigens
1060 1727 1197 1778 secuudum
1215 1741 1301 1776 omnes
1318 1726 1504 1775 harmoniarum
1526 1727 1577 1775 sibi
1593 1727 1643 1776 lm·

282 1795 461 1859 plantatorum
479 1798 561 1847 ideae:
586 1812 687 1848 necesse
704 1801 766 1850 item
782 1799 816 1848 ad
834 1801 968 1848 essentiam
986 1799 1130 1848 harmoniae
1148 1811 1165 1846 a
1181 1800 1289 1846 materia
1304 1798 1462 1858 ahsuactae,
1487 1797 1552 1858 sive,
1570 1801 1598 1845 ut
1615 1801 1644 1846 tu

284 1869 420 1934 appellas,
439 1869 622 1934 uchetypicae,
640 1870 737 1936 anima,
754 1883 805 1932 non
826 1875 924 1918 tantum
937 1883 1102 1930 cognoscens,
1125 1868 1170 1919 sed
1186 1866 1330 1932 possidens,
1355 1879 1406 1916 noo
1429 1867 1644 1929 contemplantis

281 1939 349 1998 alio,
377 1937 423 1988 sed
441 1940 470 1988 in
488 1953 515 1987 se
532 1940 590 2001 ipsa
608 1941 689 1988 solens
708 1945 734 1989 et
751 1939 887 1992 secundnm
906 1935 1215 2004 samartanum,
1234 1943 1357 2002 tanquam
1374 1935 1511 1988 seeundum
1527 1936 1643 1998 archety-

283 2021 354 2074 pum,
376 2007 515 2070 disponens
533 2013 558 2058 st
576 2007 707 2060 ordinans:
726 2009 792 2060 undo
809 2014 880 2073 patet
897 2011 1002 2075 iterum,
1022 2010 1133 2058 animem
1149 2006 1323 2058 sublunarinm
1341 2006 1375 2055 ad
1392 2021 1442 2056 esec
1458 2005 1644 2056 harmoniarum

282 2079 309 2126 iu
327 2080 530 2140 configuratione
547 2084 573 2128 et
592 2080 780 2130 coordinatione
803 2094 933 2142 corporum
951 2080 1108 2142 superiorum
1125 2093 1176 2144 non
1192 2077 1294 2144 requiri.
1323 2077 1386 2129 Alia
1399 2089 1457 2126 vero
1471 2082 1509 2127 eat
1519 2077 1644 2142 quaestio,

282 2162 341 2198 cum
372 2149 458 2210 agitur
480 2149 510 2198 de
534 2150 559 2198 vi
582 2151 743 2208 etefioaola
768 2151 967 2216 harmonicorum
991 2151 1218 2210 confirmationum
1242 2149 1270 2196 iu
1297 2147 1442 2208 corporibus
1466 2146 1645 2209 superioribus,

280 2218 419 2284 quomodo
448 2220 544 2268 seilicet
568 2233 613 2268 eae
638 2226 715 2282 agant
731 2221 758 2269 in
775 2219 895 2270 inferiora
911 2227 937 2270 et
953 2215 1018 2286 'quid
1035 2219 1068 2268 ad
1085 2219 1151 2268 hauc
1168 2220 1337 2282 operationem
1355 2215 1542 2279 producendam
1558 2217 1645 2280 requi·

280 2296 366 2342 ratur.
409 2287 462 2338 Hic
480 2289 601 2356 concedo,
619 2303 671 2340 non
688 2289 801 2342 euincere
820 2291 975 2353 superiorum
992 2289 1157 2355 harmoniam,
1175 2289 1225 2338 nisi
1242 2287 1347 2337 accedat
1363 2287 1391 2334 ln
1402 2284 1582 2335 sublunarihua
1600 2298 1644 2334 su·

280 2360 383 2420 puriori
400 2359 596 2422 correspondens
613 2357 753 2424 harmonia,
772 2374 838 2423 quae
853 2373 912 2424 vcsse
929 2363 1084 2410 aheuactum
1101 2360 1179 2410 hahet
1194 2361 1222 2408 iu
1240 2359 1331 2421 spiritu
1342 2357 1483 2422 sublunari,
1500 2370 1533 2406 ex
1551 2368 1603 2416 qna
1620 2360 1646 2406 et

281 2433 359 2491 cujus
380 2431 406 2476 ri
424 2431 531 2492 percipio
547 2431 682 2492 superioris
700 2431 905 2492 configurationis
922 2432 1046 2480 rationem
1064 2434 1090 2479 et
1106 2443 1138 2479 ea
1153 2431 1211 2493 ipsa
1228 2429 1326 2478 ratione
1343 2427 1492 2476 admonetur
1510 2428 1565 2488 eins
1582 2439 1649 2489 ope·

279 2499 397 2548 rationis
414 2501 443 2547 in
459 2501 589 2550 muniam
606 2513 692 2566 ruam,
717 2515 794 2562 quam
811 2501 886 2550 istius
903 2501 1050 2558 harmonias
1067 2501 1134 2550 ratio
1151 2499 1264 2562 requirit.
1300 2497 1479 2564 Quantitatiya
1500 2497 1568 2546 enim
1585 2497 1644 2546 har-

280 2571 379 2619 monia
394 2570 520 2620 rationem
538 2571 683 2622 harmoniae
702 2569 867 2632 qualitativas
884 2571 987 2622 indicat
1123 2566 1127 2575 '
1520 2564 1522 2572 ’

380 2656 443 2706 Jaru
459 2661 558 2720 tempus
575 2663 626 2720 eat,
651 2659 683 2708 de
707 2657 839 2710 harmonia
856 2659 1008 2720 qualitativa
1032 2659 1121 2722 paucis
1143 2658 1220 2706 edam
1237 2669 1324 2720 egem,
1348 2667 1424 2715 quam
1445 2659 1474 2703 tu
1491 2651 1531 2702 vsl
1547 2649 1645 2701 nullam

281 2725 410 2779 concedis
429 2725 469 2776 vel
486 2729 600 2789 aliquam
616 2729 731 2790 negligis.
766 2729 823 2778 lion
841 2731 915 2792 sulm,
933 2735 964 2777 ut
979 2734 1008 2777 tu
1026 2729 1170 2777 existimare
1186 2728 1287 2792 videus,
1305 2727 1391 2774 anima
1402 2722 1544 2773 auhlunaria
1560 2735 1645 2787 quan·

282 2797 396 2846 marive
414 2803 513 2847 tantum
531 2799 664 2850 harmonia
681 2799 714 2848 ad
732 2799 858 2860 agendum
876 2800 1064 2864 exstimulatur;
1088 2797 1150 2858 quid
1167 2804 1252 2850 autem
1270 2795 1430 2844 exstimulata
1450 2806 1524 2854 agere
1546 2792 1644 2858 debeat,

282 2883 313 2918 ex
334 2868 450 2916 fortuita
465 2869 586 2917 mammae
604 2875 670 2918 certo
688 2869 763 2918 modo
782 2869 919 2931 dispositae
935 2871 1080 2931 praesentia
1097 2869 1172 2932 petit,
1190 2867 1235 2926 sed
1252 2863 1328 2916 simul
1345 2861 1508 2925 qualitativas
1525 2859 1646 2922 inteiligit

281 2939 448 3001 harmonias,
460 2939 567 2998 quihus,
585 2937 646 2999 quid
667 2939 696 2988 ln
713 2933 762 2988 ha'c
778 2937 818 3006 vei
835 2939 886 2988 ista
904 2941 1076 3000 quantitatum
1094 2938 1259 3002 dispositiqne
1275 2949 1348 2998 agere
1365 2934 1465 2996 debeat,
1483 2931 1644 2987 admonetur:
1746 2945 1749 2953 ·

282 3011 350 3057 itam
371 3004 494 3068 intelligit
511 3007 623 3057 ordinem
641 3009 775 3070 spirituum
792 3011 956 3074 superiorum,
973 3007 1101 3074 intelligit,
1118 3021 1196 3070 quam
1207 3005 1356 3068 qualitatum
1373 3003 1528 3052 harmoniam
1547 3001 1589 3051 hie
1605 2999 1646 3050 rel

283 3079 334 3126 iste
359 3078 467 3139 spiritus
484 3078 512 3126 in
529 3077 577 3126 hoc
593 3077 633 3127 vol
651 3081 701 3128 isto
719 3079 874 3142 superiorum
893 3091 1024 3140 corporum
1042 3080 1186 3140 concinnet,
1207 3076 1327 3138 intelligit
1342 3074 1496 3124 dinenntras
1512 3072 1646 3135 spirituum

286 3146 439 3198 seeundum
453 3149 563 3196 rationes
581 3147 789 3208 qualitativarum
807 3150 1001 3210 harmoniarum,
1018 3149 1086 3198 unde
1103 3149 1181 3214 novit,
1199 3145 1264 3197 alias
1281 3161 1335 3196 esse
1348 3146 1422 3209 ideae
1439 3140 1646 3204 qualitativarnm

283 3217 483 3267 harmoniarum
500 3219 528 3266 in
544 3217 621 3284 Jove,
645 3216 711 3268 aliae
728 3221 756 3268 in
773 3219 898 3270 lierourio
917 3223 978 3282 stu,
1000 3219 1060 3269 hino
1077 3221 1153 3268 οιιιιιι
1171 3219 1230 3281 seit,
1254 3216 1332 3266 allam
1350 3214 1502 3279 operationis
1522 3212 1645 3260 redonen

282 3313 342 3348 ω
361 3299 390 3344 ¹¹²
408 3295 446 3360 Δ
465 3296 554 3346 liartls
567 3298 706 3366 semisve,
724 3297 801 3349 sliam
819 3301 846 3348 in
863 3298 900 3364 A
922 3297 1040 3348 llerourii
1057 3309 1113 3347 cum
1130 3297 1202 3364 Jove,
1220 3294 1299 3345 aliam
1314 3297 1343 3344 ln
1363 3286 1401 3358 A
1417 3292 1506 3343 liartis
1523 3294 1549 3340 et
1563 3290 1645 3339 Vena-

283 3383 332 3430 ria.
376 3375 421 3427 Sic
437 3373 500 3425 ordo
518 3379 544 3423 et
560 3381 642 3424 motus
660 3379 815 3443 superiorum
832 3379 860 3426 in
878 3377 1004 3441 operando
1023 3365 1112 3439 regunt
1130 3377 1241 3427 ordinem
1259 3382 1284 3425 et
1300 3378 1396 3424 motum
1414 3371 1568 3435 operationis
1584 3369 1646 3419 auh-

283 3447 422 3499 lunarlum
439 3450 464 3494 et
482 3443 628 3524 misriornm
647 3449 834 3511 operationibus
851 3453 979 3520 praesunt,
997 3450 1046 3510 ipsi
1066 3461 1164 3510 quoque
1182 3448 1209 3495 in
1227 3459 1274 3496 aua
1290 3446 1391 3508 regione
1409 3454 1460 3491 non
1474 3439 1567 3490 frustm
1584 3453 1646 3503 ope·

283 3525 377 3569 rantes
396 3521 423 3565 et
441 3514 592 3578 qualitatum
611 3516 725 3566 eiimoes
743 3519 887 3567 harmonias
894 3519 1061 3584 possidentes,
1081 3517 1293 3579 quemadmodum
1310 3515 1440 3565 inferiores
1459 3511 1563 3574 spiritus
1580 3523 1645 3571 qua·

282 3589 393 3638 litatum
412 3586 554 3636 harmonias
571 3585 605 3634 ad
622 3601 681 3640 suos
699 3594 724 3637 et
741 3590 824 3638 varios
835 3603 897 3637 usus
909 3587 1039 3650 possident
1057 3587 1175 3637 sinuosa.
1205 3585 1325 3653 Quaeres,
1344 3597 1408 3646 quae
1426 3595 1483 3644 ergo
1496 3578 1647 3642 qualitatum

283 3661 403 3709 ratium
422 3656 559 3719 superiores
577 3657 680 3718 spiritus
697 3659 845 3720 possideant
870 3663 895 3707 et
906 3659 938 3706 'in
955 3659 1087 3707 materiam
1111 3671 1182 3707 suam
1199 3656 1378 3706 introducenti
1403 3653 1467 3720 =line
1490 3665 1522 3700 er
1540 3650 1645 3700 inlatio-

283 3731 362 3779 ribua
379 3725 526 3776 inferiorum
545 3727 677 3788 spirituum
696 3729 885 3791 operationibus
903 3727 982 3791 disce,
1009 3733 1034 3776 et
1049 3729 1105 3790 ipse
1121 3731 1173 3790 jam
1197 3728 1225 3776 in
1243 3727 1327 3777 Tertio
1345 3723 1540 3787 interveniente,
1563 3733 1643 3782 quan-

283 3813 369 3862 quam
386 3794 511 3856 mutilate,
530 3795 645 3858 doluisti;
672 3811 737 3858 quae
756 3801 822 3848 enim
845 3803 870 3846 to
888 3799 952 3846 ratio
971 3799 1052 3858 coigit
1077 3804 1129 3846 tam
1147 3800 1219 3846 firma
1237 3801 1262 3846 et
1279 3798 1382 3859 potens,
1404 3798 1434 3842 ut
1457 3793 1596 3841 siccitatem
1622 3795 1647 3838 et

282 3867 469 3931 frigiditatem,
494 3867 682 3928 potentissimas
700 3867 848 3934 qualitates,
872 3883 886 3916 e
909 3869 1060 3928 qualitatum
1082 3868 1185 3916 numero
1208 3868 1325 3928 ejecerist
1359 3862 1524 3930 Experientia
1546 3859 1646 3910 medica

283 3943 412 4003 testatur,
432 3935 494 3996 quid
512 3934 628 3984 caliditas
646 3943 672 3986 et
688 3937 814 3999 frigiditas
831 3939 858 3987 in
877 3937 1032 3988 concitandis
1053 3939 1156 3987 suitam
1173 3937 1302 3986 medendis
1319 3935 1413 3984 morbis
1435 3943 1522 3995 pugna
1543 3943 1590 3979 aua
1608 3928 1646 3978 ei-

282 4013 365 4062 icere
383 4011 472 4068 queat:
497 4005 598 4054 affunde
616 4007 842 4069 aquamfrigidam
860 4007 977 4057 candenti
994 4005 1074 4068 lapidi
1092 4000 1124 4054 et'
1134 4007 1246 4073 videbis,
1269 4019 1330 4054 uum
1353 4004 1455 4053 siccitas
1478 4005 1503 4049 et
1520 3999 1647 4060 frigiditas

282 4087 391 4130 rantum
415 4077 467 4124 sint
482 4075 644 4138 privationes.
673 4075 810 4128 Habentne
827 4080 979 4142 privationes
997 4078 1063 4125 hane
1080 4079 1144 4137 vim,
1170 4081 1199 4124 ut
1223 4075 1344 4137 positivae
1363 4071 1499 4133 qualitates
1522 4067 1646 4131 expellam

285 4153 402 4212 queant,
425 4145 492 4206 qnod
510 4151 595 4194 tamen
612 4145 675 4196 iacit
691 4147 817 4209 frigiditas
834 4151 862 4198 in
880 4161 948 4213 naso,
967 4145 1074 4210 pedihus
1092 4152 1118 4194 et
1133 4147 1218 4208 genis,
1243 4141 1293 4196 imo
1312 4156 1385 4206 saepe
1409 4144 1462 4189 toto
1481 4151 1583 4200 oorpore
1600 4150 1647 4201 per

284 4220 364 4283 alpes
382 4217 428 4266 diu
445 4218 472 4264 in
489 4217 591 4264 nivibus
608 4215 808 4266 ambulantium?
845 4217 972 4280 (lampone
990 4217 1093 4266 herbam
1105 4230 1199 4266 summe
1215 4213 1325 4264 calidam
1336 4213 1464 4262 etaiccam
1482 4223 1539 4258 oum
1551 4219 1647 4257 summe

285 4288 398 4342 humida
417 4291 441 4335 et
458 4285 551 4348 iriqida
569 4292 636 4334 cena
652 4289 827 4350 proportione,
846 4295 871 4338 et
887 4291 992 4352 impone
1009 4284 1100 4352 ulceri,
1119 4300 1136 4334 a
1153 4299 1229 4335 causa
1246 4282 1337 4333 biliosa
1353 4281 1478 4345 proiecto,
1504 4285 1530 4329 et
1547 4276 1646 4327 videhis

285 4359 356 4422 quid
373 4357 498 4407 anemoria
515 4357 559 4406 sis.
595 4353 646 4405 Gur
669 4357 759 4406 ebullit
780 4357 839 4408 hilis
865 4361 893 4408 in
919 4371 1020 4420 corpore
1043 4355 1151 4406 humano
1174 4357 1253 4420 affusa
1275 4351 1499 4418 repercutimus,
1523 4351 1551 4398 in
1569 4348 1647 4396 nimia

285 4441 375 4492 aqum
393 4427 588 4487 ingurgitatione
606 4433 735 4476 emicante
755 4441 856 4490 corpore
867 4430 1002 4480 universo?
1032 4424 1083 4476 Gur
1099 4432 1248 4488 mmpunrur
1260 4426 1329 4473 -ritra
1340 4423 1463 4473 ferventia
1480 4421 1563 4470 affusa
1580 4431 1647 4478 aqua

286 4498 404 4559 frigidm
438 4496 471 4544 lit
488 4493 612 4556 quaenam
628 4497 727 4558 reliqua
744 4504 809 4548 esset
827 4500 990 4548 contrarietas
1008 4497 1034 4546 ιιι
1053 4499 1140 4562 rebus,
1164 4498 1186 4545 si
1203 4498 1251 4546 hae
1270 4494 1335 4544 duae
1353 4491 1489 4555 qualitates
1508 4486 1648 4539 catholicae

287 4571 406 4619 omnium
424 4567 620 4630 antipathlamm
639 4573 664 4616 st
681 4568 878 4629 sympathismm
899 4582 949 4626 una
974 4580 1029 4616 cum
1053 4565 1157 4628 reliquie
1184 4568 1282 4616 duabus
1306 4579 1398 4614 caueae
1421 4577 1434 4612 e
1456 4567 1548 4610 natura
1565 4569 1647 4607 rernm

287 4639 410 4702 positiva
422 4633 588 4686 tollerentur?
623 4635 695 4686 llnde
717 4646 786 4686 tunm
805 4637 915 4688 medium
940 4643 965 4686 et
981 4651 1090 4699 aequum
1114 4637 1239 4699 prodiret,
1263 4637 1315 4685 nisi
1339 4639 1404 4684 esset
1427 4633 1516 4680 harum
1538 4635 1647 4689 quatuor

288 4706 447 4771 qualitatum
473 4702 687 4770 contemperatio?
710 4709 760 4758 imo
785 4705 882 4757 nullum
905 4711 934 4758 in
951 4721 1033 4757 rernm
1057 4712 1149 4756 natura
1167 4707 1267 4756 daretur
1284 4708 1517 4768 temperamentum.
1558 4697 1646 4757 Vides,

289 4779 363 4840 quod
380 4781 537 4840 ammenta,
555 4778 647 4837 quibus
665 4781 753 4826 eontra
770 4783 795 4826 te
812 4791 905 4843 pugno,
923 4778 1012 4828 saltem
1029 4778 1147 4826 ianuam:
1164 4781 1193 4825 tu
1210 4775 1316 4824 ulterim
1331 4772 1457 4837 perpende
1474 4775 1507 4836 et,
1525 4769 1548 4817 ei
1565 4772 1646 4832 potet,

289 4854 377 4898 crarta
395 4862 433 4896 ea
471 4845 512 4912 Ad
528 4849 603 4896 ilusm
621 4861 734 4913 propero,
753 4849 798 4897 uhi
814 4849 916 4898 unicum
934 4847 1017 4898 adhuc
1034 4859 1161 4900 monuero.
1198 4845 1309 4895 Nimium
1327 4845 1446 4894 audacter
1466 4846 1496 4889 tu
1512 4837 1647 4900 geometri·

290 4934 335 4968 cas
354 4919 465 4967 rationes
483 4916 606 4974 deificasti
628 4921 727 4981 praeter
749 4923 775 4967 et
792 4923 877 4968 eontra
894 4919 943 4968 Dei
960 4918 1077 4980 rerhum3
1101 4917 1168 4966 ratio
1185 4917 1285 4977 quidem
1304 4916 1404 4962 curiosa
1424 4914 1464 4960 ita
1487 4909 1536 4959 tibi
1553 4907 1663 4966 suariis,

291 4991 369 5038 homo
388 4988 422 5036 ad
438 4987 574 5048 imrqinem
595 4988 644 5036 Dei
662 4992 687 5037 et
703 4990 836 5051 praecipue
853 4991 939 5038 anima
959 4991 1016 5049 'eius
1033 4985 1137 5036 condita
1159 4991 1211 5051 eet,
1237 4981 1488 5045 et'qu'emadmodum
1510 4981 1538 5030 iu
1561 4981 1649 5028 anima

291 5059 406 5108 hominis
423 5057 553 5120 archetypi
570 5062 629 5106 sunt
645 5059 831 5110 harmoniarum
849 5059 974 5119 omnium,
994 5059 1031 5105 sio
1048 5062 1075 5105 et
1091 5059 1119 5106 io
1136 5056 1206 5116 ileo,
1232 5054 1300 5117 quod
1317 5059 1403 5103 autem
1419 5053 1448 5101 in
1465 5052 1519 5101 Deo
1538 5057 1588 5100 eat.
1611 5050 1649 5097 eet

291 5130 365 5178 Deua
382 5131 450 5190 ipse:
468 5141 528 5188 ergo
546 5127 691 5180 harmoniae
709 5133 734 5178 et
750 5129 914 5189 geometricas
932 5129 1041 5177 tationes
1054 5127 1109 5176 Deo
1127 5132 1186 5196 sunt
1197 5132 1344 5175 coaeternae
1360 5131 1386 5173 et
1397 5125 1465 5172 Deus
1479 5123 1542 5185 ipse.
1570 5119 1647 5170 Plau-

293 5197 381 5248 sihilie
399 5199 502 5260 quidem
519 5199 593 5255 ratio.
612 5211 661 5259 qua
679 5204 704 5248 et
721 5211 767 5260 ego
785 5197 946 5266 motusolim
964 5197 1075 5260 ejusdem
1093 5209 1161 5245 eram
1178 5195 1318 5245 sententiae
1335 5198 1361 5242 et
1372 5195 1438 5243 hanc
1454 5195 1577 5255 ιιιιῃοιιι
1595 5199 1649 5240 eset

291 5270 450 5331 sapientiam
467 5267 678 5334 credebamque
696 5271 781 5318 omnia
798 5268 914 5330 deiicere
931 5266 1103 5331 poteramoiu
1120 5266 1176 5328 ipeo
1194 5266 1270 5330 enlm,
1288 5265 1344 5316 Deo
1360 5264 1457 5314 scillcet
1473 5264 1566 5326 (inquit
1576 5263 1647 5322 ,ipo-

348 5363 443 5414 Kapiari
456 5361 531 5415 opera
544 5361 572 5406 V.
1472 5346 1491 5404 ὃ
