4242 6384
759 820 1005 879 Damoaslratione.
1041 821 1125 879 ldbsr
1141 822 1163 877 l.
1572 830 1629 890 ιιι

285 1010 323 1051 ex
341 994 462 1053 doctrina
479 994 617 1067 analytica
632 995 834 1055 modernorum.
869 994 922 1053 Est
940 1010 1006 1055 sane
1022 1012 1078 1053 nna
1096 996 1155 1053 sula
1165 994 1329 1068 hyperbolae
1342 992 1426 1066 'linea
1443 996 1515 1062 inter
1528 1010 1634 1070 asymp·

283 1083 360 1130 totos
376 1076 490 1145 positas,
508 1090 560 1147 per
575 1082 707 1145 punctum
725 1076 904 1145 propositum,
922 1076 950 1129 in
965 1090 1058 1131 earum
1076 1076 1158 1145 plano
1177 1074 1294 1131 ductilis.
1325 1074 1362 1130 At
1375 1089 1408 1129 ea
1419 1074 1539 1131 nondum
1552 1078 1634 1133 ducta

284 1167 382 1207 tonum
394 1152 498 1221 jubeor
513 1155 649 1223 tantisper
666 1154 796 1210 inclinare
812 1168 896 1225 super
912 1163 1014 1225 puncto
1032 1154 1238 1224 applicationis,
1257 1154 1342 1209 donec
1359 1154 1460 1210 existat
1476 1152 1523 1211 llla
1541 1157 1634 1213 ducta.

284 1246 339 1301 que
355 1232 407 1286 sit:
426 1231 470 1287 rel
488 1232 547 1287 siue
559 1250 628 1289 cono
640 1232 733 1303 lineas,
753 1249 823 1304 quae
840 1232 1017 1303 hyperbolum
1030 1234 1166 1288 delineaut
1181 1249 1231 1305 per
1242 1234 1400 1289 continuata
1411 1241 1521 1303 puncta,
1535 1234 1635 1303 iubeor

284 1308 420 1377 mmtisper
441 1318 562 1382 mutare,
588 1311 675 1367 donec
699 1312 766 1368 satis
788 1310 950 1383 prolongata
973 1312 1009 1367 sit
1031 1310 1194 1383 hyperbole,
1222 1320 1336 1385 atquae
1354 1318 1446 1383 partes
1472 1312 1544 1379 inter
1561 1314 1635 1371 iacta

283 1396 384 1456 ponera
397 1388 505 1445 cadum
521 1390 707 1460 intermediae,
727 1406 773 1447 eas
788 1391 888 1460 jnbeor
903 1391 1043 1459 imaginari
1059 1390 1160 1461 iactm3
1177 1390 1276 1459 jubeor
1292 1392 1426 1461 utrinque,
1445 1389 1483 1461 id,
1500 1392 1572 1462 qnod
1592 1402 1635 1451 est

283 1471 422 1535 potestate
440 1468 581 1525 didsionis
597 1470 728 1537 infinitae,
747 1475 810 1527 actu
828 1484 877 1525 san
894 1474 969 1524 motu
987 1484 1042 1524 nno
1059 1469 1184 1539 maire,
1203 1476 1234 1524 ut
1251 1470 1304 1525 boc
1319 1472 1434 1528 transitu
1452 1468 1533 1523 etism
1550 1469 1578 1526 id
1595 1477 1634 1526 st·

283 1546 416 1617 dagam,
435 1548 509 1619 qnod
526 1548 640 1604 latetis
657 1550 704 1604 illa
721 1549 856 1605 induitats
872 1550 1044 1618 potestativa,
1064 1547 1122 1603 siue
1139 1547 1275 1617 perfectae
1294 1548 1422 1607 scientiae
1439 1549 1508 1621 luce,
1527 1550 1634 1619 qualem

283 1622 384 1679 babent
400 1626 575 1694 problemate
591 1643 609 1682 a
624 1627 760 1684 veteribus
778 1628 861 1697 plana
877 1626 1074 1697 cognominata.

369 1705 538 1773 Huiusmodi
554 1708 699 1777 postmatis
721 1706 816 1763 crebro
834 1711 947 1762 utnutuu
962 1704 1125 1761 manmena
1144 1703 1224 1759 Vieta
1241 1703 1335 1761 Gallus
1357 1711 1385 1760 et
1401 1712 1555 1775 geometrae
1573 1706 1634 1762 Bel·

284 1782 527 1849 posoniensis
544 1784 725 1841 solutionibus
743 1800 836 1841 eorum
854 1782 1065 1854 problematum,
1090 1798 1160 1854 qnae
1178 1790 1273 1853 suopte
1292 1790 1389 1841 natura
1411 1800 1465 1841 non
1483 1791 1547 1841 sunt
1563 1786 1635 1842 solu-

285 1860 354 1929 bilia,
373 1861 430 1915 nisi
446 1862 653 1918 inartificialiter
678 1880 728 1933 per
744 1878 884 1933 numeros,
909 1870 958 1917 aut
975 1870 1131 1933 permotus
1154 1864 1345 1933 geometricos,
1369 1864 1502 1921 infinitate
1519 1866 1634 1935 quadam

285 1940 467 1995 mumionnm
485 1938 684 2009 gubernandos.
757 1970 763 1981 ·
811 1999 815 2010 ,

368 2018 444 2073 Nam
461 2018 508 2073 nbi
526 2020 616 2075 omnia
632 2020 734 2075 tuerint
750 2022 777 2075 in
796 2028 912 2089 promtu,
930 2036 999 2089 quae
1017 2020 1107 2075 meere
1120 2018 1288 2089 putabuntur
1305 2020 1340 2075 ad
1352 2018 1550 2077 certificandum
1563 2036 1635 2077 men·

283 2104 350 2151 tem:
368 2096 526 2152 tenebimus
544 2098 794 2155 determinationem
812 2096 885 2168 ejus,
904 2098 1025 2169 quodne
1043 2098 1167 2167 quaesita
1183 2097 1226 2153 rel
1244 2098 1332 2169 majus
1350 2100 1386 2154 sit
1407 2099 1450 2154 sel
1467 2101 1555 2157 minus
1573 2118 1634 2172 pru·

285 2177 354 2231 nme
371 2190 537 2245 semperque
553 2176 679 2247 propius:
698 2186 730 2233 nt
746 2178 823 2248 prins
841 2179 922 2233 edam
940 2176 974 2231 de
991 2176 1148 2231 trisoctions
1167 2176 1301 2247 analytica
1319 2177 1480 2233 dixeramus.

368 2254 472 2309 Varum
490 2270 552 2311 esse
569 2255 603 2309 de
621 2256 673 2310 boe
689 2256 857 2336 problemate
874 2256 960 2312 solido
977 2254 1149 2323 triseotionis,
1169 2255 1241 2326 quod
1259 2256 1328 2326 dicu
1347 2254 1389 2311 rel
1408 2257 1470 2327 ipsa
1486 2258 1565 2313 solidl
1583 2276 1635 2315 vox

283 2331 419 2387 admonet.
454 2333 526 2388 Nam
542 2333 595 2389 nisi
612 2333 759 2389 solidomm
777 2336 917 2405 proportio
934 2334 1018 2389 inerit
1035 2333 1101 2389 data
1117 2332 1190 2400 talis,
1209 2332 1297 2403 qualia
1315 2335 1446 2391 satiator
1457 2336 1527 2392 dnos
1544 2354 1636 2394 numa·

284 2426 328 2463 roa
344 2411 473 2480 cubices,
497 2428 654 2469 mensurare
671 2413 787 2470 solidum
805 2416 975 2485 propositum
998 2413 1053 2469 alio
1071 2412 1158 2468 solido
1176 2420 1242 2468 noto
1266 2426 1320 2468 non
1345 2415 1494 2483 poterimus
1511 2416 1546 2471 ad
1563 2434 1635 2475 mon-

283 2496 336 2543 tem
353 2489 564 2559 mormandum,
582 2493 648 2561 quia
665 2492 737 2549 duaa
752 2493 930 2549 intermediae
946 2492 1163 2564 proportionales
1182 2500 1278 2548 exacte
1296 2493 1323 2547 in
1336 2493 1416 2563 plano
1435 2496 1563 2553 constitui
1581 2514 1635 2553 non

283 2574 408 2637 ponunt,
428 2567 457 2621 in
474 2567 553 2624 cubis
570 2570 624 2625 etsi
639 2578 757 2640 possunt
773 2572 878 2642 messe,
896 2581 926 2628 at
945 2590 963 2628 a
980 2571 1069 2640 planis
1087 2570 1122 2625 ad
1141 2570 1225 2627 cubos
1247 2571 1309 2627 illos
1328 2587 1503 2644 quoscunque
1519 2575 1635 2633 formau-

283 2645 332 2700 dos
348 2662 407 2701 non
425 2644 508 2701 datur
522 2648 657 2705 trwsitm
674 2650 733 2707 mna
749 2651 817 2720 ipsis
835 2652 940 2709 duabus
958 2648 1062 2719 mediis,
1081 2648 1165 2704 veluti
1183 2656 1267 2719 ponte
1285 2650 1410 2721 abrupto.
1445 2652 1565 2710 Et-duas
1581 2670 1635 2711 mo

285 2722 341 2779 dias
359 2724 580 2793 proportionales
597 2726 718 2783 inuenire
735 2728 835 2785 docent
853 2730 899 2785 alii
915 2746 965 2799 per
982 2736 1086 2783 motum
1104 2728 1303 2799 geometricum,
1321 2728 1483 2799 imperantes
1502 2732 1575 2801 quod
1594 2740 1636 2788 est

284 2801 502 2873 impraestabile,
530 2804 618 2875 quoad
636 2806 824 2863 certitudinem
842 2816 920 2865 octus
938 2809 1093 2877 geometrici
1111 2807 1268 2879 adaequati,
1294 2806 1373 2863 docet
1396 2814 1423 2863 et
1449 2809 1507 2879 ipse
1525 2810 1635 2881 Poppus

285 2896 332 2948 per
349 2881 489 2936 sectiones
507 2882 626 2952 couicss,
653 2884 784 2940 beneficio
803 2886 917 2944 domum
939 2887 1183 2957 proportionalium
1201 2886 1395 2956 expediendos,
1423 2903 1483 2943 oum
1507 2894 1534 2944 et
1552 2906 1635 2946 sonus

285 2962 319 3013 sit
335 2958 455 3016 solidum
474 2960 546 3031 quid.
583 2962 626 3017 lta
643 2979 751 3035 semper
768 2966 929 3037 principium
947 2968 1049 3036 petitur
1067 2976 1094 3023 et
1111 2983 1179 3036 pons
1194 2967 1269 3035 jacet
1286 2966 1314 3021 in
1332 2964 1447 3021 adversa
1463 2964 1529 3037 ripa.

371 3060 502 3120 XLVII.
532 3060 759 3143 Propositl
774 3086 802 3127 o.
844 3068 973 3145 Figurae
994 3084 1114 3129 numero
1137 3066 1259 3135 laterum
1283 3068 1399 3144 impari,
1421 3068 1524 3153 mej0ri
1548 3086 1634 3147 quam

287 3148 304 3206 5
326 3144 470 3230 [excepto
491 3150 823 3237 penteloedeosgono),
847 3172 914 3216 cum
935 3156 1084 3215 subtonsis
1107 3154 1219 3231 aliquot
1241 3157 1376 3233 portium,
1399 3162 1537 3233 totaeque
1560 3156 1634 3225 adeo

286 3234 394 3380 lclasses
420 3254 522 3297 omnes
546 3238 649 3300 eodem
671 3258 762 3302 ceusu
783 3248 866 3319 sunt,
889 3260 949 3323 quo
970 3243 1155 3322 heptagonus
1179 3249 1207 3305 ot
1230 3250 1344 3305 ceterae
1367 3241 1492 3319 figurae,
1515 3261 1634 3305 numero

296 3332 411 3384 aterum
434 3326 537 3401 primo.

370 3434 443 3489 Nam
461 3432 485 3487 si
502 3449 630 3490 numerus
648 3436 764 3493 laterum
782 3446 824 3495 est
840 3440 935 3511 impar,
953 3456 1008 3495 non
1026 3438 1171 3509 exprimis
1190 3453 1272 3493 unus:
1290 3437 1314 3493 is
1332 3444 1380 3493 aut
1398 3394 1566 3497 carduorum
1583 3439 1636 3510 pri·

285 3527 390 3567 morum
407 3510 552 3580 imparium
569 3514 694 3571 minimus
711 3516 863 3587 multiplex,
883 3524 930 3575 aut
948 3516 1064 3587 alicuius
1081 3518 1160 3589 primi
1172 3516 1334 3587 quadratus,
1353 3526 1399 3572 aut
1413 3525 1455 3572 est
1466 3519 1545 3587 primi
1557 3520 1636 3575 unius

285 3605 312 3688 et
328 3590 459 3687 quadrati
475 3593 555 3665 primi
572 3592 683 3649 tlterlus
700 3594 851 3665 multiplex,
869 3603 918 3651 ant
929 3594 1117 3666 multiplicium
1130 3591 1356 3665 quadratorumsa
1371 3596 1483 3651 seorsim
1502 3596 1543 3652 rel
1558 3596 1636 3666 juuo-

285 3684 332 3729 ω
348 3674 590 3822 mgistdxdlaeixessant
600 3751 653 3807 bae
664 3753 768 3821 figurae
780 3752 949 3823 desmipdles
967 3760 996 3808 et
1007 3752 1170 3822 inscriptlles
1184 3758 1211 3808 et
1224 3752 1341 3821 scibiles,
1359 3759 1425 3809 tuuc
1443 3760 1490 3810 aut
1501 3755 1636 3825 propriam

285 3836 421 3890 baberent
441 3832 700 3887 demonstrationem
723 3847 757 3887 ex
781 3833 902 3904 angulis,
929 3840 977 3888 aut
1001 3830 1177 3901 impropriam
1201 3846 1235 3885 er
1253 3832 1455 3899 comparatione
1480 3832 1636 3906 figurarum,

285 3914 384 3984 umbus
402 3910 610 3967 communicant.
646 3913 683 3966 At
700 3914 837 3983 propriam
855 3912 1037 3979 nonllrabent,
1055 3910 1120 3979 quia
1137 3924 1191 3962 non
1204 3918 1268 3963 sunt
1285 3924 1397 3963 numero
1414 3910 1529 3969 laterum
1541 3913 1636 3981 primo,

286 4011 318 4048 er
336 4008 394 4062 quo
412 3991 578 4048 formaretur
595 3990 804 4061 demonstratio-3
832 3990 1006 4059 impropriam
1024 4004 1079 4043 non
1097 3986 1207 4055 habent,
1225 3999 1314 4054 neque
1331 3987 1442 4057 primae,
1460 3991 1535 4045 uerbi
1555 4007 1638 4047 causa

285 4068 581 4141 unetrigintangulum,
612 4070 677 4139 quia
699 4070 802 4141 figuras
826 4070 860 4125 iis
884 4066 1113 4124 communicantes
1137 4064 1179 4119 vel
1198 4064 1292 4119 ambae
1314 4064 1357 4117 vel
1375 4063 1518 4135 alterutra,
1545 4076 1576 4123 ut
1593 4068 1637 4125 hio

285 4152 460 4219 heptagonus
482 4147 698 4222 (posttrigouum
716 4156 744 4203 et
754 4155 945 4217 pentagonum,
964 4146 1109 4216 exquibus
1125 4142 1425 4213 pontelaedeoagonus)
1443 4142 1544 4197 unllam
1556 4160 1636 4215 prop·

286 4232 352 4283 mm
370 4230 483 4299 babent,
500 4245 551 4302 per
568 4228 611 4284 lb.
629 4228 820 4297 praemissam
837 4241 925 4297 nsque
943 4222 1087 4283 secundae.
1107 4238 1131 4277 v.
1150 4238 1173 4277 u.
1192 4218 1386 4289 uouuugulum,
1405 4220 1468 4291 quio
1485 4237 1540 4277 nou
1557 4221 1638 4277 datur

286 4308 370 4363 secun
389 4322 471 4364 urus
489 4306 617 4379 aliquoti,
639 4313 707 4375 puta
724 4304 845 4373 trientis,
863 4305 892 4361 in
908 4302 1022 4360 totidem
1038 4307 1132 4370 partes
1151 4296 1294 4369 aequales,
1313 4303 1381 4367 quot
1398 4299 1503 4369 aceepit
1520 4298 1637 4357 ememus

286 4387 399 4457 intem,
418 4403 469 4455 per
486 4388 529 4443 dt.
547 4384 843 4455 praemissam;.neque
860 4384 964 4453 tertiae,
982 4396 1071 4463 neque
1090 4388 1218 4455 quartae,
1237 4378 1299 4451 quin
1317 4377 1422 4449 priores
1439 4378 1472 4435 iis
1491 4380 1636 4437 communi·

286 4476 380 4522 mutes
398 4464 654 4521 indemonstrabiles
671 4470 745 4519 sunt.

373 4557 423 4617 Do
444 4572 636 4633 euumgono,
671 4554 756 4630 cujus
777 4570 914 4615 numerus
937 4554 957 4613 9
979 4558 1025 4614 est
1047 4550 1207 4629 quadratus
1233 4553 1318 4628 prinu
1341 4553 1460 4629 imparis
1481 4552 1556 4611 luter
1576 4553 1638 4628 pri·

287 4664 366 4719 mos,
390 4660 433 4703 sa
456 4645 600 4717 tamarit,
614 4648 755 4703 comatum
778 4648 823 4700 est
843 4640 986 4701 bactouua
1007 4642 1084 4699 iuter
1104 4644 1282 4717 geometras,
1310 4639 1457 4716 plurisque
1479 4634 1637 4699 annitenti-

287 4736 352 4806 bus,
375 4738 412 4790 nt
433 4732 523 4791 etiam
545 4730 634 4806 buius
655 4729 767 4805 tigurae
787 4726 866 4787 latus
889 4727 1128 4802 demonstrarent,
1153 4742 1254 4786 omnes
1275 4734 1372 4786 tamen
1395 4727 1500 4785 trustra
1522 4724 1638 4785 sumunt

289 4838 340 4880 uec
363 4836 495 4895 unquam
517 4818 575 4893 boc
597 4815 746 4897 problema
768 4816 891 4876 luissent
912 4816 1049 4895 aggressi,
1073 4816 1098 4873 si
1122 4813 1273 4874 discrimen
1297 4812 1442 4873 scibilium
1466 4820 1495 4872 ot
1517 4813 1637 4873 lusoibi·

288 4907 359 4966 lium
381 4905 587 4966 attendissent.
743 4895 751 4908 ‘

376 5006 530 5075 Campanus
549 5002 731 5073 nonmgulum
749 5002 934 5059 demonstrare
951 5000 1037 5057 uoluit
1054 5014 1105 5071 per
1121 4996 1304 5054 trisectiouem
1322 4996 1425 5069 anguli,
1452 5014 1531 5069 quom
1550 4998 1639 5068 patuit

291 5082 440 5141 incuibilem
459 5082 565 5139 esseio
583 5082 789 5152 praeminenti.
825 5080 887 5135 Etsi
905 5096 968 5135 vero
993 5080 1036 5135 sia
1053 5076 1140 5148 Pappi
1159 5082 1187 5132 et
1205 5076 1288 5133 Clarii
1310 5084 1460 5133 necessarlo
1485 5077 1638 5157 miseratur,

292 5162 379 5232 posito
397 5178 438 5219 sa.
456 5167 533 5217 motu
550 5161 725 5230 geometrico,
744 5166 774 5215 st
789 5158 855 5228 quid
872 5159 926 5214 boc
943 5158 978 5215 ad
995 5158 1092 5229 planas
1109 5156 1219 5225 ligurus,
1238 5151 1381 5228 dequibus
1399 5172 1450 5213 nos
1466 5157 1511 5213 blo
1522 5158 1637 5226 ιςὶωιιι,

293 5258 352 5298 aum
368 5241 552 5311 solidisopua
569 5242 612 5297 ait
623 5240 659 5297 ad
675 5238 814 5296 Mandas
831 5238 995 5297 tn‘soodonis
1012 5236 1186 5293 administras
1203 5233 1296 5307 linem,
1314 5235 1505 5308 hyperbolum,
1523 5236 1637 5307 qnadra-
