4242 6384
758 793 1160 866 meseonem,
1526 791 1589 864 ιιι·
1699 747 1703 756 x
1768 779 1778 804 ⁹

249 979 333 1033 animo
353 972 531 1048 ejiciendam
562 991 628 1036 non
644 975 763 1034 tradunt
784 991 911 1051 namque
934 993 1035 1036 reram
1065 983 1093 1035 et
1117 992 1271 1053 corporum
1293 975 1394 1035 mnndi
1418 975 1591 1054 dispositio-

247 1081 306 1120 nem
325 1071 354 1120 et
374 1070 510 1120 motuum
531 1061 738 1137 politiam*

318 1149 352 1206 In
374 1166 477 1208 esrum
498 1148 604 1221 loonm,
621 1150 690 1208 etsi
707 1122 803 1207 lacere
826 1149 911 1207 aliter
935 1166 994 1209 non
1008 1166 1139 1227 possum,
1163 1149 1231 1224 quin
1253 1119 1411 1225 copemici
1427 1147 1463 1209 de
1479 1148 1588 1210 mundo

247 1237 414 1295 sententiam
434 1238 520 1294 unice
543 1245 574 1294 et
595 1236 773 1297 substituam
796 1244 826 1293 et
846 1237 872 1293 si
895 1237 1037 1310 possibile
1060 1243 1139 1294 esset
1162 1238 1296 1308 omnibus
1321 1225 1533 1314 persuadeam,
1558 1243 1589 1295 at

245 1327 303 1398 quis
324 1341 369 1381 ree
392 1323 472 1398 apud
494 1301 604 1399 vulgus
625 1323 824 1382 studiosorum
847 1323 1007 1381 etiamnum
1034 1337 1114 1402 nova
1136 1330 1180 1380 est
1208 1331 1238 1382 ct
1261 1322 1368 1400 dogma
1389 1323 1494 1382 auditu
1523 1323 1590 1402 ple-

248 1415 334 1484 risque
363 1409 623 1484 absurdissimum,
654 1409 776 1468 'Pensm
807 1427 844 1468 er
873 1410 1036 1494 planetis
1027 1427 1119 1467 nnnm
1141 1426 1207 1494 esse
1236 1411 1370 1486 interque
1401 1409 1498 1470 sidera
1521 1413 1590 1470 ferri

244 1501 309 1556 circa
330 1496 431 1556 Solem
454 1499 651 1558 immobilem:
680 1501 774 1556 sciant
796 1498 901 1572 igitur,
932 1501 983 1574 qni
1005 1481 1094 1571 hujus
1118 1485 1280 1557 sentehtiae
1310 1489 1468 1574 insolentia
1496 1498 1591 1557 ellen-

243 1585 347 1658 dmtur,
369 1584 588 1663 speculationes
611 1586 666 1644 has
689 1584 880 1644 harmonicas
897 1589 987 1644 etiam
1009 1587 1039 1641 in
1062 1583 1296 1686 hypothesibus
1311 1569 1455 1662 tychonis
1475 1583 1591 1644 meei

244 1673 331 1730 locum
353 1673 500 1747 obtinere,
523 1681 679 1749 propterea
702 1671 781 1747 quod
803 1679 906 1736 auctor
928 1672 978 1730 illc
1002 1679 1099 1731 cetera
1122 1673 1236 1742 omnis,
1265 1689 1343 1748 qnae
1368 1667 1590 1747 dispositionem
1660 1713 1667 1734 s
1761 1741 1772 1762 ο

248 1776 388 1833 corporum
410 1769 439 1818 et
461 1762 761 1836 contemperationem
783 1768 917 1818 motuum
940 1762 1081 1841 attinent,
1113 1775 1179 1816 curn
1203 1759 1366 1848 Copemico
1397 1759 1487 1818 babet
1509 1775 1592 1818 oom-

247 1850 349 1919 rnuoia,
379 1847 477 1906 solum
495 1848 606 1908 Terrae
628 1855 741 1906 motum
763 1863 892 1905 aunuum
916 1801 1148 1947 Copernicanum
1177 1831 1350 1910 triusion
1342 1864 1405 1924 ipso
1435 1847 1465 1904 in
1496 1845 1599 1906 totum'

246 1944 364 2010 systema
387 1936 501 1996 orhium
522 1933 782 2012 planetariornm'
774 1952 864 2010 rnqne
886 1933 1000 2006 Solem,
1032 1935 1083 2009 qui
1115 1933 1179 2009 ejus
1202 1933 1330 1992 medium
1359 1935 1486 2007 obtinet,
1517 1945 1591 1994 eon-

247 2039 322 2080 sensu
343 2024 471 2083 auctoris
496 2026 658 2098 utriusque
701 2021 782 2080 Nam
801 2039 838 2080 ex
856 2021 912 2080 hsc
936 2020 1128 2080 translatione
1151 2029 1249 2079 motus
1267 2015 1305 2082 ,fit
1327 2021 1532 2096 nihilominus,
1560 2029 1593 2082 ιιι

246 2108 335 2180 Terra,
356 2111 383 2167 si
404 2126 464 2168 non
486 2112 516 2167 in
541 2111 709 2170 vastissimo
732 2109 793 2167 illo
808 2118 838 2167 et
860 2112 1002 2168 immenso
1025 2109 1122 2186 spatio
1145 2107 1289 2186 sphaerae
1313 2107 1451 2183 lixarum,
1475 2117 1506 2168 at
1529 2109 1592 2168 sal-

245 2208 297 2254 tem
320 2199 350 2253 in
377 2205 538 2273 systemate
568 2191 669 2255 mundi
702 2196 858 2272 planetarii
885 2197 983 2255 locum
1014 2198 1147 2254 obtineat
1177 2199 1284 2290 queris
1308 2202 1438 2276 tempore
1465 2195 1591 2288 eundem

245 2281 314 2359 apud
336 2283 503 2357 Brabeum,
531 2290 619 2360 quein
648 2286 674 2342 ei
704 2283 755 2342 dat
777 2283 974 2386 Copornicus,
1005 2283 1153 2368 adeoque,
1186 2278 1261 2344 sicut
1290 2283 1340 2359 qtti
1367 2297 1455 2362 super
1477 2273 1620 2362 papyro·

246 2370 376 2428 circulum
400 2374 519 2445 scribit,
546 2375 571 2429 is
593 2371 699 2449 pedem
730 2372 830 2429 circini
852 2372 1039 2448 scriptorium
1059 2369 1250 2442 circumfert,
1273 2373 1324 2447 qui
1349 2387 1417 2430 vero
1449 2381 1593 2450 papyrum
1682 2391 1687 2406 ι

244 2475 290 2516 ιιι
311 2457 442 2518 tabulam
464 2458 576 2534 alligit.
582 2467 666 2521 torno
690 2457 832 2531 volubili,
854 2458 883 2518 is
902 2460 1024 2517 immoto
1047 2456 1124 2533 pede
1148 2459 1246 2516 circini
1276 2473 1327 2517 ιιι
1351 2458 1420 2517 stilo
1451 2459 1592 2518 circulum

245 2544 374 2603 describit
402 2545 529 2608 eundem
557 2563 646 2624 super
669 2545 839 2605 decurrente
866 2545 985 2612 tabula,
1015 2547 1058 2603 sic
1088 2546 1177 2602 ctiam
1207 2543 1262 2603 hic·
1278 2545 1438 2622 Copernico
1470 2546 1592 2623 quidem

245 2631 337 2690 Tellus
367 2633 508 2695 circulum
538 2641 667 2692 metatur
688 2641 771 2692 moto
801 2633 850 2691 sni
871 2634 1001 2709 corporis
1030 2630 1118 2703 reali,
1151 2630 1277 2690 medium
1302 2632 1483 2711 incedentem
1515 2636 1592 2706 inter

246 2719 360 2777 ιιιιιιοι
386 2719 493 2780 Μιιιιι
523 2723 694 2782 exteriorem
724 2729 754 2779 et
783 2719 906 2780 Veneris
937 2720 1119 2792 interiorcm3
1151 2727 1182 2777 at
1211 2717 1345 2796 Tychoni
1369 2707 1464 2779 Brahe
1496 2727 1611 2780 totum·

248 2815 366 2881 systema
388 2807 582 2884 planetarium
606 2805 656 2889 (in
675 2825 735 2883 qno
761 2809 842 2867 inter
864 2816 975 2866 ceteros
998 2814 1067 2864 sunt
1088 2805 1178 2878 etiam
1201 2803 1313 2870 Martie
1333 2812 1362 2864 et
1383 2805 1508 2868 Veneris
1532 2810 1592 2866 cir-
1613 2872 1617 2881 ,

249 2890 313 2974 coli)
335 2898 515 2954 consortitur
536 2895 620 2954 velut
641 2893 774 2954 tabula
765 2911 796 2952 m
819 2901 919 2967 torno,
952 2893 1104 2970 applicans
1128 2871 1166 2952 ad
1190 2892 1309 2958 Terram
1333 2893 1512 2953 immobilem
1536 2903 1591 2954 ιιι

252 2980 279 3036 ιι
301 2979 399 3039 stilum
421 2985 579 3041 tornatoris
602 2983 789 3040 interstitium
818 2984 894 3040 inter
915 2980 1020 3040 Martis
1051 2987 1081 3038 et
1104 2977 1227 3045 Veneris
1250 2979 1389 3052 circulos,
1421 2979 1512 3057 fitque
1536 2981 1592 3041 hoc

250 3071 410 3142 systematis,
428 3077 530 3147 motp,
545 3077 578 3128 ut
601 3067 733 3128 'lellus'
719 3087 755 3125 tn
779 3082 814 3127 eo
838 3070 933 3145 signet
956 3066 1082 3125 eundem
1105 3067 1244 3126 circulum
1267 3068 1345 3125 circa
1359 3065 1468 3142 Solem,
1492 3067 1592 3127 Martii

251 3164 274 3211 ιι
293 3156 409 3214 Venerii
433 3155 652 3241 intermedium,
676 3157 742 3257 ipsa
762 3163 898 3234 perstans
920 3153 1091 3222 immobilis,
1116 3171 1203 3232 quem
1226 3155 1324 3230 signat
1346 3154 1425 3231 apud
1449 3155 1592 3234 Goperni·

252 3258 307 3299 enm
338 3251 419 3301 motu
443 3260 513 3302 vcro
539 3246 587 3302 sui
617 3244 764 3326 corporis,
795 3243 964 3317 quiescente
994 3250 1164 3319 systemate.
1210 3241 1282 3300 Cum
1305 3243 1401 3331 igitur
1422 3241 1594 3304 harmonica·

252 3331 464 3406 contemplatio
475 3331 645 3390 consideret
670 3338 768 3389 motus
796 3329 981 3407 planetarum
1011 3327 1208 3404 ecceotricos,
1236 3329 1319 3388 velot
1349 3347 1383 3390 ex
1401 3327 1477 3396 ‚Sole
1501 3331 1591 3404 risos,

252 3416 326 3475 troile
348 3419 434 3476 datur
456 3418 606 3493 intelligi,
626 3420 663 3476 si
675 3419 741 3494 qnis
764 3417 1008 3494 contemplator
999 3429 1033 3474 ιιι
1052 3413 1122 3476 Sole
1146 3421 1236 3490 esset,
1268 3417 1471 3492 quantumvis
1481 3417 1591 3494 mobili,
1655 3451 1657 3456 ·

251 3501 359 3563 Terram
380 3491 438 3582 illi,
461 3509 597 3580 quamvis
612 3509 811 3579 quiescentem
834 3504 879 3584 (ut
895 3505 985 3563 boc'
973 3493 1225 3579 Jamconce'datur
1241 3499 1377 3584 Braheo),
1401 3503 1592 3570 nihilominus

252 3592 337 3650 risum
358 3594 394 3648 iri
416 3591 567 3652 decurrere
589 3592 730 3652 circulum
752 3606 955 3664 annuum,m
926 3591 1054 3649 medium
1078 3593 1153 3650 inter
1174 3590 1318 3668 planetae,
1341 3594 1479 3694 temporis
1503 3595 1592 3652 etiam

252 3677 412 3738 intermedio
447 3683 553 3756 spatio.
599 3678 697 3754 Quare
730 3682 795 3738 etsi
814 3681 880 3754 quis
909 3687 954 3739 est
986 3677 1139 3737 imbecillis
1168 3677 1235 3736 lidei
1263 3677 1369 3752 homo,
1401 3681 1451 3756 qui
1480 3689 1592 3739 motum

254 3762 347 3826 Terrae
370 3770 446 3826 inter
467 3767 581 3830 sidera
577 3783 707 3844 capere
713 3782 772 3823 uon
794 3773 906 3843 potent,¹
928 3770 953 3825 is
976 3765 1164 3823 nihilominus
1186 3755 1331 3841 gaudere
1334 3768 1443 3842 poterit
1467 3765 1592 3826 divinis·

254 3853 306 3910 simi
327 3853 417 3928 hujus
439 3855 668 3914 machinamenti
691 3842 938 3930 contemplatione
961 3854 1221 3929 praestantissima,
1245 3855 1279 3940 ιι,
1304 3851 1444 3936 quicquid
1468 3853 1503 3912 de
1526 3871 1592 3913 me-

255 3939 319 3999 tibus
352 3941 478 4000 diurnis
486 3941 651 4002 Telluris'
644 3950 674 3998 ιιι
701 3958 754 3999 ιιι
778 3943 940 4001 eecentrico
964 3939 1061 4012 audit,
1093 3939 1123 3997 id
1146 3935 1183 3997 ad
1205 3941 1408 4016 apparentiam
1439 3957 1539 3999 eorum
1562 3944 1591 3999 in

253 4025 308 4086 Sole
321 4028 459 4106 applicet,
481 4029 598 4104 qualem
608 4031 814 4107 apparentiam
829 4031 917 4087 etiarn
933 4027 1035 4104 Tycho
1052 3983 1148 4086 isram
1164 4027 1291 4098 exhibet,
1308 4027 1399 4098 'Serra
1413 4025 1591 4108 quiescente.

325 4116 431 4192 Neque
451 4125 556 4176 ,tnmen
576 4133 699 4179 ,censam
729 4116 838 4176 bahent
861 4116 972 4191 jnstam
996 4117 1057 4173 reri
1081 4115 1197 4172 Samiae
1220 4111 1424 4192 philosophiae
1455 4113 1592 4194 cultores,
1684 4127 1698 4202 Ἀ

256 4202 389 4264 inridendi
413 4204 523 4264 talibus
547 4198 840 4264 communicationem
862 4204 939 4261 banc
961 4195 1197 4262 delitiosissimae
1217 4195 1435 4280 speculationis,
1460 4209 1493 4260 ut
1516 4220 1592 4278 quo-

256 4304 303 4346 rum
332 4290 474 4365 gaudium
504 4291 605 4349 multis
637 4291 770 4394 partibus
799 4293 853 4350 erit
878 4290 1050 4369 perfectius,
1085 4291 1193 4366 quippe
1226 4305 1262 4360 er
1284 4288 1495 4366 speculationis
1519 4306 1592 4348 con-

257 4387 384 4436 rnnrnats
404 4379 618 4456 perfectione,
628 4381 660 4442 si
667 4379 767 4436 etism
790 4377 881 4437 Solis
890 4377 1143 4476 immobilitatem,
1173 4375 1288 4438 Terrae
1311 4381 1380 4437 vero
1403 4383 1515 4436 motum
1538 4393 1590 4435 ac·
1619 4383 1621 4388 '

258 4467 430 4536 tentaverint.

328 4551 458 4610 Primum
480 4553 569 4626 igitur
590 4551 647 4610 hoc
670 4558 789 4610 teneant
810 4551 950 4628 lectores,
978 4567 1038 4608 rem
1061 4550 1150 4610 hodie
1174 4567 1263 4628 penes
1285 4552 1467 4610 aetrhnothos
1490 4567 1596 4610 omnes

258 4648 306 4694 tere
326 4641 524 4711 certissimam,
547 4638 627 4714 quod
650 4655 751 4698 omnes
774 4637 910 4715 planetae
925 4637 1024 4700 Solem
1047 4641 1233 4712 circumeant,
1259 4645 1381 4714 excepta
1397 4638 1488 4712 Luna,
1513 4655 1590 4714 quae

259 4721 308 4781 tola
326 4725 446 4786 Terram
468 4726 558 4786 babet
580 4742 634 4800 pro
656 4735 774 4800 centroJ
799 4725 1024 4800 cujus-quidem
1040 4727 1119 4784 orbis
1140 4745 1191 4785 seu
1209 4726 1344 4784 curriculi
1361 4727 1509 4800 quantitas
1531 4743 1590 4784 non

260 4820 292 4864 ιιι
310 4820 404 4883 ιιιιι,
432 4821 466 4872 ιιι
488 4817 517 4871 ιι
539 4813 597 4872 hac
627 4812 728 4872 charta
758 4803 898 4870 delineari
920 4815 1015 4888 possit
1036 4814 1064 4869 in
1089 4813 1171 4889 justa
1193 4815 1378 4890 proportione
1407 4812 1445 4870 nd
1469 4821 1589 4874 ceteros

261 4893 364 4958 lecerit
392 4903 483 4976 igitur
511 4893 640 4978 quinque
670 4900 791 5002 reliquis
821 4893 905 4957 sexta
933 4899 1037 4974 Terra,
1072 4915 1149 4976 qnae
1180 4905 1235 4958 ιιι
1262 4917 1316 4958 suo
1346 4903 1463 4975 proprio
1498 4907 1590 4980 motu,

261 4985 408 5052 quiescente
431 4987 510 5060 Sole,
532 5005 587 5046 seu
608 4989 730 5046 immota
751 4989 817 5062 ipsa
839 4993 868 5044 et
891 4981 1032 5047 converso
1056 4995 1118 5047 toto
1141 4987 1323 5064 planetarum
1339 4993 1498 5076 systemate
1521 5005 1590 5047 ser-

263 5077 309 5128 ium
329 5083 355 5133 et
377 5077 445 5153 ipsa
468 5074 608 5141 circulum
632 5076 709 5134 circa
730 5073 831 5134 Solem
854 5071 996 5149 designat
1090 5085 1096 5100 ·

329 5161 467 5222 Secundo
485 5171 597 5220 certum
620 5171 650 5220 et
671 5161 728 5220 hoe
741 5170 804 5235 est,
826 5159 961 5264 planetas
983 5179 1084 5222 ornnes
1106 5163 1168 5222 fleri
1191 5163 1380 5234 cocentrieo's,
1404 5159 1434 5218 id
1458 5167 1503 5220 est
1523 5167 1590 5246 mu·-

264 5245 310 5302 lue
328 5249 480 5312 intervalla
502 5265 557 5359 sna
579 5269 598 5310 a
621 5249 707 5322 Sole,
736 5251 779 5308 sic
800 5257 834 5312 ut
855 5250 886 5307 in
909 5267 969 5308 nna
990 5257 1073 5326 parte
1096 5249 1196 5309 circuli
1226 5250 1297 5309 liant
1322 5267 1341 5308 a
1363 5249 1432 5308 Sole
1454 5237 1590 5308 remotis-

1372 5352 1435 5412 18⁴*
