4242 6384
458 803 499 867 10
1038 805 1209 865 Prooemium

456 987 614 1060 earumque
643 982 737 1044 latera
765 987 840 1044 inter
868 1001 900 1044 00
931 987 1079 1061 componit
1107 1003 1142 1046 ex
1171 989 1217 1059 si,
1249 1005 1338 1064 quam
1367 987 1496 1047 habeant
1527 995 1559 1046 ut
1585 988 1744 1049 rationales
1775 997 1806 1055 et

455 1071 638 1131 irrationales
661 1073 847 1148 quantitates,
871 1077 1055 1149 comparatae
1078 1088 1144 1132 cum
1165 1074 1249 1134 radio
1272 1077 1480 1150 circumscripti
1503 1076 1612 1136 circull.

559 1158 667 1218 Liber
696 1159 873 1218 secundus
901 1159 1011 1219 orditur
1038 1178 1056 1218 a
1080 1160 1296 1221 definitionibus
1324 1165 1593 1236 congruentiae.
1640 1161 1720 1223 Voce
1748 1163 1806 1222 bac

455 1244 540 1304 aliter
569 1249 659 1305 utitur
688 1262 775 1322 quam
806 1247 880 1306 alias
911 1250 954 1306 uti
986 1248 1038 1306 illa
1069 1246 1166 1308 solent
1193 1249 1402 1309 mathematici.
1447 1248 1647 1324 Congruenter
1678 1251 1708 1310 ei
1736 1257 1806 1309 sunt

454 1331 576 1408 figurae,
605 1336 629 1392 01
654 1349 719 1394 cum
742 1333 857 1410 angulis
880 1337 940 1392 suis
965 1337 1091 1411 spatium
1113 1347 1222 1412 puncto
1244 1337 1459 1412 circumjectum
1482 1347 1534 1395 aut
1556 1339 1587 1395 iu
1608 1337 1731 1414 planitie
1752 1349 1806 1396 aut

455 1421 483 1477 in
507 1423 602 1496 spatio
625 1422 752 1498 explent.
806 1421 955 1497 Exemplis
978 1423 1123 1497 ejusmodi
1143 1424 1291 1502 perfectae
1315 1431 1367 1483 aut
1388 1425 1573 1499 imperfectae
1596 1429 1805 1501 congruentiae

454 1509 544 1566 utitur
565 1507 666 1566 multis
688 1507 804 1587 figuris,
832 1497 905 1585 quas
933 1517 985 1568 aut
1009 1518 1040 1566 ut
1062 1526 1184 1586 corpora
1207 1520 1266 1569 aut·
1280 1527 1381 1570 eorum
1403 1510 1577 1569 lineamenta
1598 1509 1696 1592 (retes)
1726 1511 1805 1570 follis

454 1597 578 1672 propriis
594 1595 724 1672 depictas
740 1595 830 1654 addit.
864 1595 925 1655 Nos
948 1611 1013 1656 autu
1028 1607 1176 1657 auctorem
1191 1601 1284 1658 secuti
1300 1598 1353 1656 has
1368 1599 1475 1657 formas
1490 1598 1582 1674 lapidi
1598 1599 1804 1675 imprimendas

453 1685 619 1742 ornavimus
643 1691 672 1743 et
694 1691 877 1757 annotamus,
907 1683 1015 1760 figuras
1043 1687 1072 1741 iu
1094 1685 1237 1744 lateribus
1261 1688 1280 1743 5
1309 1685 1487 1760 regularium
1514 1703 1666 1762 corporum
1689 1685 1803 1763 Pytha-

452 1772 568 1846 goricos
589 1771 738 1850 symbolos
767 1771 881 1843 referre,
913 1771 1159 1848 quemadmodum
1181 1773 1238 1832 boc
1259 1791 1277 1831 a
1300 1772 1427 1849 Keplero
1449 1772 1526 1832 thesi
1549 1775 1602 1833 25.
1623 1773 1801 1849 explicatum

453 1865 506 1918 est.
552 1858 598 1917 lle
627 1857 943 1934 1000127.Κο01000
973 1851 1011 1918 ad
1043 1860 1229 1938 inquirendas
1252 1859 1471 1935 semiregulares
1497 1860 1616 1919 formas'
1631 1877 1804 1937 progressus

452 1945 592 2005 tredecim
614 1961 735 2022 corpora
758 1945 947 2006 Aclrimedlca
968 1947 1104 2023 explicat.
1156 1947 1384 2023 Quaestionibus
1406 1947 1462 2006 boc
1484 1943 1558 2006 libro
1581 1940 1725 2007 tactis'ec
1748 1946 1804 2007 de-

453 2032 580 2104 ducitur,
614 2040 646 2091 ut
669 2033 761 2106 dicat,
794 2049 936 2109 congruae
961 2048 1024 2094 csse
1047 2033 1156 2112 figuras
1174 2034 1349 2107 duodecim,
1378 2051 1418 2094 sc.
1441 2034 1549 2110 figuras
1578 2036 1804 2121 comprehensas

451 2113 1803 2204 100050034,5,6,6,10,120120(0100000011001000000010001),0011000

453 2206 594 2268 accedant
626 2211 645 2264 4
675 2207 793 2267 0101100.
833 2211 1040 2285 pentagonica,
1078 2211 1263 2285 octogouica,
1304 2209 1482 2286 decagouica
1518 2216 1547 2268 et
1584 2209 1804 2286 dodecegonlca

451 2293 602 2376 („figurae
618 2292 764 2373 auctaa“).
1246 2331 1251 2341 -

558 2379 667 2442 Liber
690 2383 821 2442 tertius
844 2381 929 2440 refert
947 2383 1040 2441 factas
1064 2382 1100 2441 da
1121 2385 1233 2441 musica
1257 2390 1286 2440 st
1307 2384 1387 2442 souis
1409 2383 1584 2441 harmonicis
1606 2385 1802 2458 quaestiones.

452 2467 485 2528 In
510 2469 690 2544 praelatione
714 2469 955 2546 deprehendimus
978 2471 1058 2528 varia
1078 2469 1115 2528 de
1129 2479 1259 2529 veterum
1275 2473 1387 2528 musica
1400 2469 1517 2545 prodita
1532 2478 1561 2529 et
1573 2470 1802 2554 Pythagoricum

452 2558 578 2616 maxime
608 2565 767 2635 tetractyu
782 2558 986 2615 examinatam.
1032 2557 1176 2633 Keplerue
1205 2557 1368 2634 profitetur,
1400 2557 1457 2614 sibi
1487 2573 1582 2634 neque
1603 2557 1803 2634 Pythagorica

453 2661 548 2720 neque
583 2643 695 2704 meliori
729 2644 890 2706 Ptolemaei
925 2645 1091 2718 harmonia,
1125 2662 1191 2703 cum
1223 2654 1345 2719 utraque
1379 2644 1533 2721 disciplina
1569 2643 1688 2704 auditus
1718 2645 1801 2720 justo

451 2733 593 2792 minorem
615 2734 759 2793 rationem
782 2731 941 2806 habuisset
967 2749 1030 2792 esse
1051 2732 1242 2795 satisfactum.
1274 2730 1369 2806 Quam
1393 2731 1430 2791 ob
1454 2749 1573 2792 causam
1591 2750 1625 2792 se
1642 2751 1677 2793 ex
1697 2734 1802 2817 uiginti

453 2821 537 2879 anuis
559 2819 590 2878 id
612 2823 717 2896 egisse,
741 2829 774 2878 ut
797 2838 833 2880 ea
855 2821 983 2880 musicae
1006 2813 1194 2882 fundamenta
1216 2829 1346 2896 poneret,
1377 2836 1454 2894 quae
1473 2836 1531 2880 non
1555 2815 1650 2879 solum
1673 2821 1801 2879 numeris

369 2943 373 2954 ι
450 2909 605 2967 abstractis
635 2911 807 2982 niterentur,
838 2906 924 2966 sed
917 2925 946 2964 m
978 2907 1044 2966 aliis
1072 2924 1188 2982 quoque
1218 2907 1379 2965 rationibus
1410 2912 1440 2965 et
1466 2908 1681 2982 quantitatibus
1703 2905 1801 2968 locum

450 2995 593 3055 habereut
616 3001 645 3054 et
667 2995 780 3054 auditui
803 2994 1014 3054 satisfacerent.
1059 2993 1144 3054 Haec
1165 2990 1384 3054 fundamenta
1376 3011 1406 3051 m
1428 2997 1589 3070 geometria
1614 2996 1713 3072 posita
1734 3011 1800 3055 esse

451 3090 544 3155 ratus,
576 3084 745 3159 primarium
774 3084 877 3140 statuit
905 3083 1100 3158 propositum,
1134 3080 1306 3141 diametrum
1336 3080 1435 3140 circuli
1466 3089 1495 3140 et
1521 3081 1615 3141 latera
1641 3082 1800 3158 figurarum

453 3167 643 3245 ,radicalium
666 3171 820 3230 terminare
843 3175 955 3244 partem
977 3167 1077 3227 circuli
1100 3175 1308 3227 consonantem
1324 3185 1390 3245 cum
1405 3175 1468 3227 toto
1483 3169 1610 3228 circulo“
1634 3173 1800 3258 pariterque

451 3255 567 3316 chordis
594 3255 632 3316 ad
662 3255 784 3316 eandem
813 3257 953 3328 rationem
982 3252 1084 3314 divisis
1112 3255 1194 3314 reddi
1222 3266 1310 3314 sonos
1338 3240 1532 3323 harmonicus.
1585 3256 1630 3315 Dc
1653 3258 1698 3318 bis
1721 3257 1801 3316 divi·

451 3344 584 3404 sionibus
614 3344 790 3425 harmonicis
822 3351 884 3402 tum
906 3342 1037 3418 pluribus
1060 3344 1156 3418 agitur
1178 3350 1208 3402 et
1229 3342 1285 3401 bae
1308 3349 1392 3400 suut:
1428 3339 1463 3422 1)
1486 3343 1617 3415 binoctio,
1649 3341 1688 3425 2)
1708 3346 1801 3404 000110

451 3414 1801 3512 100110001012,3)ιο0011οιιο10(134)1014,5)1015,6)2003,

451 3527 480 3579 01
506 3515 541 3600 7)
565 3519 708 3578 00011010
731 3517 844 3577 ratione
869 3517 887 3574 5
911 3513 949 3575 ad
972 3517 1027 3576 3.
1055 3516 1158 3575 Ρ1οι00
1181 3533 1269 3592 quam
1291 3524 1404 3593 septem
1426 3519 1499 3577 10100
1528 3517 1700 3577 chordarum
1722 3520 1802 3577 divi-

449 3607 548 3666 siones
576 3623 634 3666 uon
661 3623 725 3665 sese
755 3607 784 3663 in
816 3603 976 3664 harmonia.
1029 3603 1111 3662 Has
1120 3620 1191 3662 vero
1220 3603 1391 3677 divisiones,
1423 3604 1569 3680 Keplerue
1597 3606 1697 3680 refert,
1727 3624 1801 3669 ase

448 3695 574 3771 primum
596 3692 698 3752 auditu
722 3691 815 3752 indice
838 3695 982 3765 inventas,
1007 3700 1035 3751 01
1050 3691 1239 3750 fundamenta
1253 3709 1353 3750 earum
1368 3691 1460 3751 multo
1476 3693 1574 3752 labore
1590 3709 1626 3751 ex
1641 3696 1802 3768 geometria

451 3789 535 3842 eruta
556 3797 630 3855 esse,
654 3782 887 3856 sententiamque
911 3795 994 3837 suam
1017 3781 1045 3836 in
1068 3777 1230 3837 Prodromo
1252 3782 1289 3848 (1·
1303 3783 1365 3847 139)
1390 3778 1711 3856 enunciatam'reiellit

559 3867 629 3928 Jam
660 3868 695 3928 de
726 3869 870 3927 continuis
896 3866 1133 3944 proportionibus
1162 3860 1338 3926 harmonicis
1367 3883 1458 3942 agens
1487 3867 1672 3943 reprehendit
1694 3885 1801 3944 vagam

450 3955 693 4034 significationem
716 3965 745 4024 (a
758 3989 789 3996 -
803 3958 819 4011 h
834 3978 840 4012 :
853 3957 871 4012 b
885 3987 915 4000 -
931 3974 992 4012 c=
1006 3971 1041 4010 a:
1057 3966 1094 4026 c),
1124 3969 1180 4012 uec
1201 3955 1257 4012 nisi
1281 3971 1340 4027 eos,
1364 3950 1414 4025 011,
1437 3955 1703 4035 000οι0οι505000
1724 3959 1801 4016 intar

449 4059 482 4104 se
512 4045 727 4121 proportionem
762 4043 974 4118 harmonicum,
998 4043 1038 4098 ·iu
1071 4041 1177 4117 quibus
1210 4041 1323 4104 medius
1356 4059 1423 4101 cum
1458 4044 1564 4101 exteris
1597 4043 1741 4103 ambobus
1771 4051 1800 4102 et

451 4131 629 4192 differentiae
652 4133 845 4191 membrorum
868 4131 942 4191 101οι
963 4146 995 4190 00
1017 4130 1145 4188 rationes
1167 4129 1300 4203 forment,
1325 4147 1400 4206 qaae
1414 4131 1490 4188 inter
1504 4137 1616 4207 septem
1630 4129 1798 4205 divisiones,

451 4233 527 4296 quae
551 4201 645 4280 dictae
664 4229 740 4294 0001,
765 4225 918 4278 occurrant
940 4225 992 4276 aut
1015 4217 1250 4292 comprobandi
1242 4220 1278 4274 ris
1299 4219 1423 4292 possint
1454 4216 1531 4276 Vere
1546 4221 1754 4279 contiuuame.
1772 4235 1796 4277 c.

450 4305 629 4366 intercedere
650 4310 866 4384 proportionem
889 4307 964 4364 101οι
986 4319 1121 4363 000οι00
1145 4305 1195 4378 20,
1222 4305 1269 4374 15,
1300 4306 1353 4376 12;
1377 4320 1442 4362 esse
1465 4306 1541 4363 euim
1563 4308 1641 4364 20’
1658 4309 1795 4366 15:15-

450 4399 537 4453 12:
554 4397 613 4452 20;
634 4392 719 4452 12:
736 4401 778 4452 5:
797 4396 944 4452 3et20:
967 4397 1051 4449 to:
1069 4395 1110 4450 4:
1130 4393 1278 4448 30115·
1299 4393 1390 4446 12:
1413 4394 1454 4446 5.
1472 4393 1504 4463 4;
1534 4399 1799 4454 numemscontra

452 4483 502 4556 35,
521 4481 571 4553 20,
591 4481 630 4537 14
652 4497 710 4538 000
726 4480 1060 4556 referreproportiouem
1083 4477 1291 4549 harmonicam,
1316 4478 1451 4561 quamuis
1467 4481 1610 4535 asa-20:
1623 4483 1703 4537 20-
1719 4483 1799 4536 tt:

451 4574 509 4627 35:
529 4571 615 4624 tt:
634 4571 674 4624 5.
693 4565 905 4654 2000001001
927 4565 1054 4644 regulae,
1079 4571 1180 4624 contra
1202 4570 1261 4624 33:
1280 4568 1366 4625 20:
1384 4569 1426 4624 7.
1445 4571 1507 4620 set
1524 4565 1582 4621 20:
1604 4564 1690 4620 14:
1654 4569 1765 4624 -1:0
1782 4569 1799 4624 7

451 4673 508 4716 non
531 4661 793 4817 ο(ὂὶιῖξῗξέη000110
823 4739 890 4799 libri
922 4742 1000 4800 tertii
1026 4738 1187 4815 Keplerue
1201 4741 1297 4815 pergit
1324 4735 1362 4798 ad
1391 4736 1546 4796 discrimen
1575 4738 1650 4796 inter
1679 4746 1799 4797 acutum

451 4835 481 4888 et
498 4845 597 4906 grave,
620 4825 711 4888 altum
735 4836 764 4888 et
786 4826 970 4905 profundum,
995 4829 1069 4886 inter
1090 4825 1246 4886 intervalla
1267 4828 1409 4885 concinna
1431 4833 1460 4884 et
1483 4839 1612 4884 consona
1634 4827 1664 4882 in
1686 4828 1799 4884 musica
1905 4827 1908 4833 ’

452 4923 481 4976 01
502 4916 576 4976 baec
597 4919 724 4976 numeris
751 4933 804 4992 per
831 4915 956 4992 tabellas
985 4921 1148 4992 comparat,
1178 4913 1217 4972 ad
1244 4931 1320 4989 quac
1342 4912 1542 4972 annotandum
1564 4920 1622 4987 est,
1652 4910 1797 4972 hocloco

452 5011 481 5064 et
496 5005 717 5080 insequentibus
733 5021 820 5064 voces
836 5003 975 5078 duplum,
993 5002 1165 5071 dimidium,
1181 5001 1353 5076 subtractio,
1376 4999 1490 5060 additio
1516 5003 1545 5058 in
1561 5002 1799 5082 proportionibus

451 5093 567 5167 signare
589 5089 745 5165 quadrare,
768 5092 895 5151 radicem
919 5089 1091 5167 quadratam
1113 5088 1279 5160 extrahere,
1301 5087 1441 5161 dividere,
1470 5087 1673 5164 multiplicare.
1697 5120 1739 5131 -
1762 5088 1797 5150 Iu

452 5180 509 5238 boc
536 5179 632 5256 capite
662 5179 823 5255 explicatas
848 5181 937 5238 etiam
953 5169 1096 5238 -videm'us
1119 5193 1224 5238 noces:
1251 5184 1352 5247 tonas,
1368 5182 1472 5235 ’10001
1500 5179 1610 5251 major,
1638 5176 1796 5252 pascuas,

452 5270 561 5343 minor,
584 5268 785 5342 semitonium,
809 5267 904 5340 (110011,
928 5283 1053 5326 comma.
