4242 6384
468 807 473 813 ’
519 811 580 872 tto
1052 814 1095 870 Da
1111 814 1336 887 Propertioulbus
1396 854 1400 863 ·

515 984 611 1047 iacere
632 990 774 1064 potuisse,
796 1005 863 1051 cum
883 992 1130 1068 protendissimae
1152 994 1298 1071 indaginis
1319 993 1513 1073 pbilosoplrus
1534 994 1588 1065 stt,
1610 991 1666 1051 nisi
1688 987 1778 1067 quud
1800 988 1871 1051 reri-

513 1072 619 1148 simiie,
642 1074 812 1138 difficaltate
835 1080 1047 1155 perquirendae
1071 1100 1177 1142 causae
1209 1082 1370 1143 cohibitum
1391 1082 1498 1154 luisse,
1528 1097 1587 1157 quo
1609 1080 1708 1137 minus
1733 1086 1872 1155 quamam

516 1160 607 1223 veliet
628 1172 809 1239 penetraret,
840 1169 992 1245 satiusque
1013 1172 1184 1250 putavisse,
1211 1169 1323 1247 aliquid
1344 1170 1483 1247 prodere,
1515 1184 1603 1245 quam
1625 1166 1747 1242 penitus
1770 1173 1873 1239 tacere,

515 1248 595 1325 quod
616 1258 700 1327 turpe
714 1252 899 1329 philosopho
922 1272 986 1317 esse
1016 1256 1160 1319 dictitant.
1206 1258 1380 1334 Numquae
1409 1274 1519 1334 quaero
1548 1254 1699 1333 proportio
1725 1251 1873 1313 titillatio-

513 1338 558 1395 nis
580 1337 707 1412 auditus,
731 1342 773 1399 rei
802 1356 976 1417 corporeas,
1009 1342 1047 1403 ad
1070 1342 1270 1406 incredibilem
1299 1344 1380 1404 illam
1404 1344 1600 1421 voluptatem,
1629 1354 1722 1425 quam
1747 1357 1786 1400 ex
1809 1339 1874 1398 bar-

513 1426 635 1484 ntonicis
658 1430 856 1488 consonantiis
884 1431 963 1489 intus
985 1430 1014 1489 in
1037 1434 1136 1493 animo
1163 1434 1344 1509 penitissime
1372 1430 1570 1509 percipimus?
1613 1428 1736 1501 Nonne,
1769 1429 1795 1487 si
1819 1444 1873 1503 qua

516 1510 656 1589 voluptas
685 1523 728 1573 est
752 1531 788 1574 ex
810 1514 995 1597 titillatione,
1027 1517 1064 1579 de
1093 1537 1129 1579 ea
1160 1518 1313 1596 voluptate
1340 1520 1449 1596 primas
1477 1524 1558 1579 tenet
1584 1516 1767 1588 membrum,
1799 1512 1873 1590 quod

513 1598 711 1660 titillationem
732 1602 880 1663 sustinet?
924 1602 975 1664 Sic
1002 1607 1080 1665 euim
1103 1605 1285 1667 definiendus
1314 1607 1386 1667 mibi
1414 1608 1497 1667 mans
1520 1612 1565 1666 est
1595 1620 1698 1663 sensus
1724 1605 1824 1661 ominis
1848 1604 1873 1657 in

510 1684 673 1762 Dioptricis
695 1696 739 1758 (is
758 1711 784 1759 p.
803 1694 883 1764 539),
915 1690 995 1767 quod
1017 1710 1055 1753 ea
1077 1692 1194 1753 demum
1225 1694 1266 1753 sit
1294 1694 1432 1754 absoluta
1464 1694 1576 1765 sensio,
1607 1688 1798 1767 voluptatem
1826 1697 1873 1747 aut

511 1771 644 1833 dolorem
665 1777 793 1851 pariens,
816 1789 883 1836 com
904 1780 1018 1855 species
1040 1783 1162 1841 membri
1185 1782 1314 1841 sensioni
1338 1780 1485 1854 destinati,
1508 1778 1541 1838 ul
1558 1778 1649 1837 idest
1671 1777 1817 1837 affectum
1838 1776 1872 1833 ab

511 1868 632 1920 externa
653 1879 694 1936 ra,
718 1866 799 1923 venit
819 1866 976 1925 introrsum
998 1867 1036 1927 ad
1059 1886 1163 1929 sensus
1187 1870 1350 1929 eommunis
1371 1868 1498 1928 tribunal
1522 1872 1686 1926 commeatu
1702 1866 1871 1941 spirituum.

511 1944 582 2007 Jam
605 1966 676 2008 vero
697 1950 728 2007 in
751 1950 902 2012 auditione
924 1958 1149 2015 consonantium
1172 1972 1279 2017 socom
1301 1955 1349 2015 vel
1371 1973 1509 2017 sonorum
1537 1968 1614 2030 qnae
1637 1968 1753 2029 quaeso
1777 1958 1871 2027 partes

511 2034 673 2111 voluptatis
705 2040 734 2095 iu
760 2039 882 2098 auribus
911 2039 1059 2103 baereat?
1103 2043 1208 2103 Nonne
1235 2042 1368 2103 dolemus
1396 2042 1540 2103 interdum
1567 2041 1606 2099 ab
1629 2039 1774 2112 auribus,
1806 2037 1871 2096 dam

510 2120 657 2182 initiamur
678 2124 748 2184 buic
769 2125 922 2202 auditioni,
944 2136 975 2188 et
997 2146 1117 2189 manum
1134 2132 1309 2208 opponimus
1323 2131 1510 2208 clangoribus
1524 2129 1631 2201 nimiis,
1653 2126 1752 2186 nibilo
1775 2132 1870 2185 tamen

509 2211 606 2268 miuus
628 2215 777 2287 pergimus
798 2212 838 2273 ad
858 2216 1061 2292 percipiendas
1085 2220 1293 2278 consonantias
1321 2226 1351 2279 et
1379 2234 1428 2279 cor
1450 2218 1537 2277 nobis
1566 2212 1740 2275 subsultet?
1790 2212 1869 2271 Adde

510 2296 591 2371 quod
614 2296 687 2357 baec
709 2301 785 2359 ratio
806 2317 826 2361 a
848 2310 929 2361 motu
952 2303 1080 2364 deducta
1102 2308 1257 2382 potissima
1280 2312 1324 2366 cst
1347 2306 1376 2363 in
1393 2307 1536 2377 unisono,
1559 2304 1693 2361 suavitas
1714 2317 1791 2361 vero
1815 2318 1869 2358 non

508 2387 668 2461 praecipua
689 2388 718 2445 in
743 2390 877 2459 cunone,
900 2388 953 2449 sed
975 2393 1005 2449 iu
1028 2392 1096 2451 aliis
1111 2394 1310 2452 consonantiis
1333 2410 1492 2469 earumque
1513 2390 1736 2463 compositione.
1777 2388 1868 2447 Multa

508 2480 630 2547 possent
650 2472 745 2533 afferri
767 2474 806 2533 ad
827 2472 1035 2538 destruendam
1054 2478 1135 2541 lianc
1156 2479 1277 2539 allatam
1300 2483 1442 2540 rationem
1465 2478 1621 2539 suavitatis
1645 2492 1681 2535 ex
1697 2492 1866 2536 consonan-

508 2559 566 2632 tiis,
589 2576 666 2635 quae
688 2562 771 2621 mitto
794 2564 825 2620 in
845 2580 985 2640 praecem
1008 2569 1152 2627 curiosius
1175 2568 1371 2643 conscribere;
1394 2566 1467 2625 illud
1490 2568 1608 2625 unicum
1623 2563 1752 2637 inculco,
1780 2561 1863 2639 quod,

504 2646 569 2723 jam
590 2664 680 2724 supra
701 2655 813 2709 tactum
835 2669 855 2710 a
876 2670 933 2727 me,
956 2657 1051 2730 possit
1075 2672 1139 2714 ease
1162 2654 1228 2714 loeo
1252 2657 1390 2728 omnium,
1416 2652 1496 2731 quod
1511 2668 1602 2731 opera
1616 2660 1779 2728 motusque
1803 2667 1865 2709 cor-

507 2750 627 2810 limum,
658 2736 766 2796 &tmoli
793 2742 1014 2815 proportionum
1032 2741 1292 2815 ‘harmonicorum
1321 2744 1359 2802 ab
1390 2743 1506 2801 animae
1534 2741 1699 2814 mendaque
1731 2740 1864 2815 partibus

506 2828 592 2896 stant,
616 2824 653 2882 iia
676 2842 795 2883 cauum
818 2828 1011 2905 assignantes,
1035 2846 1087 2888 cur
1110 2832 1319 2890 consonantiae
1347 2828 1501 2891 delectent
1544 2828 1607 2887 Nec
1629 2825 1772 2886 abhorret
1796 2842 1864 2884 aoc-

507 2910 610 2970 teritas
631 2919 782 2985 veterum,
806 2915 856 2989 qui
880 2916 1008 2976 animam
1030 2933 1109 2976 nuuc
1130 2924 1257 2991 motum,
1287 2934 1365 2977 nono
1386 2916 1568 2976 harmoniam
1592 2912 1785 2987 definientes,
1809 2928 1862 2971 non

506 3004 567 3056 tarn
590 2998 718 3060 absurda
739 2998 831 3060 locuti
853 3009 931 3075 aunt,
955 3020 1044 3080 qnam
1067 3006 1165 3081 inepte
1189 3008 1317 3081 excepti,
1348 3022 1413 3065 cum
1436 3006 1465 3061 in
1487 3002 1576 3063 rebus
1599 2999 1769 3061 difficilibus
1801 3018 1863 3077 my·

505 3085 572 3143 stici
594 3085 767 3162 plerumque
790 3104 894 3147 sensus
914 3088 1036 3165 lateant,
1058 3092 1115 3150 sub
1138 3092 1293 3153 verborum
1318 3093 1440 3153 cortices
1461 3088 1612 3149 reconditi.
1649 3086 1774 3148 limaci
1800 3088 1863 3163 qni·

505 3168 573 3229 dem
595 3172 750 3233 Locrensis
771 3173 976 3253 pbilosophis,
1006 3178 1156 3254 quomodo
1179 3182 1343 3257 composita
1370 3181 1409 3239 sit
1436 3180 1535 3237 anima
1564 3192 1599 3236 ex
1622 3176 1861 3253 proportionibus

505 3256 692 3331 harmonicis,
715 3259 752 3321 de
774 3278 834 3337 qua
856 3265 885 3321 in
908 3265 1110 3339 praeambulo,
1134 3266 1260 3326 refutata
1283 3268 1387 3327 catab
1411 3263 1569 3325 Aristotele
1590 3264 1620 3321 iu
1644 3279 1680 3323 eo
1702 3279 1810 3335 sensu,
1833 3266 1861 3319 ut

505 3353 616 3405 sonant
637 3348 746 3422 rerba;
772 3364 833 3407 uon
854 3352 949 3410 ausim
979 3358 1079 3412 tamen
1102 3352 1264 3428 affirmare,
1297 3354 1369 3413 nibil
1397 3356 1428 3411 in
1450 3356 1486 3412 iis
1508 3349 1635 3429 pagellis
1663 3349 1776 3423 latera,
1808 3348 1860 3407 nisi

505 3432 585 3509 qood
606 3442 714 3494 sonant
735 3436 835 3509 verba,
857 3440 917 3497 imo
938 3446 1113 3515 negaturum
1135 3447 1208 3516 puto
1231 3444 1385 3513 neminem,
1408 3442 1478 3517 quin
1500 3440 1525 3501 is
1541 3445 1643 3498 auctor
1664 3436 1721 3496 lroc
1744 3437 1786 3497 ad
1808 3437 1860 3495 mi·

505 3521 616 3579 nimum
638 3528 747 3594 teneat,
770 3524 850 3599 qood
872 3525 921 3585 bic
943 3534 1053 3598 muno,
1077 3535 1205 3588 mentem
1220 3544 1285 3589 asse
1308 3527 1678 3604 animumquebumanum,
1700 3524 1788 3600 cujus
1811 3538 1859 3582 acu

501 3606 614 3680 judicio
636 3626 688 3668 seo
710 3611 852 3671 instinctu
872 3630 978 3673 sensus
1000 3613 1119 3674 auditus
1142 3618 1344 3692 proportiones
1367 3632 1484 3687 suaves,
1507 3614 1564 3673 iroc
1578 3620 1623 3673 eat
1645 3624 1801 3685 consonas,
1824 3610 1859 3669 ab

504 3695 677 3755 insuavibns
698 3704 728 3756 et
749 3696 877 3759 dissonis
899 3700 1058 3774 discernat,
1089 3704 1197 3779 qnippe
1220 3706 1271 3779 qui
1293 3703 1351 3763 boc
1373 3702 1528 3779 diiigenter
1550 3699 1703 3777 expendit,
1734 3712 1858 3776 propor-

504 3784 598 3843 tiones
621 3786 830 3844 esserationis
852 3790 941 3862 entia,
964 3791 1079 3849 ratione
1101 3790 1167 3849 sola
1187 3806 1247 3849 non
1268 3806 1358 3851 sensu
1372 3786 1582 3867 perceptibilia,
1606 3794 1635 3847 et
1656 3789 1858 3864 proportiones

502 3885 558 3931 ocu
579 3869 703 3952 formam
725 3890 744 3931 a
767 3890 798 3933 re
818 3878 1043 3952 proportionata
1065 3894 1119 3938 ceu
1142 3880 1265 3939 materia
1287 3876 1481 3953 distinguere,
1504 3876 1611 3934 mentis
1633 3890 1707 3951 opus
1730 3891 1807 3933 esse.

589 3956 663 4019 (lum
685 3967 787 4021 autern
808 3959 883 4022 duas
904 3963 1062 4039 ngurarum
1085 3964 1264 4041 regularium
1285 3968 1489 4043 proprietates
1512 3960 1775 4039 explicaverimua:
1807 3959 1857 4019 de·

466 4094 471 4110 .
501 4045 776 4109 monstrabilltatcm
800 4050 990 4111 scientificum
1012 4051 1137 4112 latemm
1158 4053 1188 4111 in
1212 4052 1335 4126 singulis
1365 4058 1395 4112 et
1416 4050 1637 4127 congruentiam
1659 4050 1734 4109 inter
1756 4066 1790 4109 sc
1810 4056 1856 4107 to·

500 4140 597 4193 tarum
616 4134 796 4216 junctarum,
818 4154 878 4197 uon
900 4139 1033 4215 ejusdem
1054 4140 1144 4217 piane
1167 4140 1331 4200 latitudinis
1352 4147 1523 4215 utramque,
1551 4134 1588 4196 dc
1611 4135 1856 4197 demonstratione

501 4218 621 4295 quidem
653 4224 803 4284 axiomata
831 4232 934 4286 nostm
955 4235 1062 4287 sonant
1083 4229 1285 4305 potissimum,
1319 4228 1389 4302 quia
1416 4226 1491 4286 baec
1517 4226 1612 4300 magis
1640 4222 1794 4291 familiaris
1815 4226 1857 4281 est

499 4309 739 4383 proportionibus
759 4318 904 4387 motuum,
927 4330 964 4372 ax
984 4315 1096 4391 qulbus
1118 4318 1206 4374 etiam
1221 4315 1286 4373 soni
1303 4314 1441 4373 eristmrt.
1486 4312 1561 4371 Nam
1577 4312 1771 4389 congruentia
1784 4314 1854 4370 ineat

499 4393 611 4469 figuris,
634 4402 667 4453 ut
687 4403 770 4457 totae
790 4406 873 4471 aunt,
897 4406 996 4459 motus
1017 4416 1089 4460 saro
1112 4398 1237 4478 (quibus
1259 4398 1396 4461 accidunt
1426 4401 1631 4477 proportiones
1654 4397 1853 4473 harmonicae)

500 4478 629 4557 ligurae,
658 4498 758 4559 aqua
780 4482 957 4558 densantur,
980 4486 1074 4547 latera
1101 4490 1131 4546 in
1161 4495 1272 4548 rectum
1301 4487 1461 4548 extendunt
1484 4483 1567 4569 (cum
1596 4485 1729 4563 plerique
1757 4500 1853 4547 omnes

500 4576 534 4627 ut
554 4566 699 4629 rectilinei
721 4568 957 4654 considerentur)
979 4581 1014 4633 et
1031 4577 1075 4634 sic
1089 4574 1212 4651 liguram
1228 4592 1321 4648 suam,
1344 4582 1378 4635 ut
1391 4582 1542 4653 serpentes
1558 4582 1688 4647 matrem,
1711 4576 1852 4649 perimunt

500 4663 530 4715 et
558 4654 720 4716 destruunt.
764 4658 874 4735 Figura
903 4661 933 4717 in
956 4668 1098 4737 quantum
1129 4679 1272 4739 congrua,
1303 4662 1442 4724 circulum
1473 4666 1618 4739 integrum
1646 4660 1800 4735 distinguit
1824 4658 1850 4715 in

499 4750 615 4819 partas,
644 4747 848 4822 proportiones
880 4746 1068 4809 harmonicae
1104 4750 1242 4811 circulum
1279 4750 1448 4811 distinctum
1479 4752 1509 4807 in
1540 4757 1649 4808 rectum
1686 4749 1848 4815 extendunt,

500 4828 696 4891 distinotionis
718 4850 738 4891 a
757 4832 853 4909 ligura
873 4835 970 4895 iactae
999 4844 1096 4895 actum
1120 4836 1227 4899 delent.
1271 4837 1321 4899 Sic
1351 4838 1561 4896 consonantiae
1591 4850 1656 4894 cum
1678 4833 1779 4909 liguria
1801 4833 1849 4892 dc-

499 4918 738 4980 monatrabilibos
769 4923 800 4979 iu
826 4921 971 4981 indultum
1002 4932 1173 4997 excurrunt,
1204 4924 1314 5002 figurae
1345 4940 1492 4999 congruae
1522 4938 1642 4981 numero
1674 4919 1847 4983 duodenario

499 5004 649 5065 dniuntor.
691 5006 828 5085 Denique
851 5009 1068 5070 distinctionem
1089 5012 1188 5073 duculi
1212 5012 1361 5088 quaelibet
1383 5010 1476 5086 figora
1498 5010 1568 5069 lacit
1583 5010 1708 5083 unicam,
1731 5016 1762 5069 at
1783 5022 1848 5089 par·

499 5100 545 5153 tas
569 5095 599 5150 in
621 5093 730 5154 circuio
753 5097 932 5157 constitutae
955 5095 1030 5156 duas
1051 5113 1165 5175 semper
1186 5100 1296 5159 iaciunt
1319 5114 1384 5157 com
1406 5106 1470 5157 toto
1493 5098 1710 5157 consonantias.

586 5180 649 5240 Etsi
670 5198 742 5242 raro
762 5184 861 5260 potior
881 5187 913 5244 in
935 5183 993 5247 boc
1014 5186 1100 5245 tertio
1122 5184 1198 5245 libro
1219 5190 1294 5247 ratio
1317 5188 1372 5245 erit
1400 5184 1654 5245 demonstrationis
1676 5184 1846 5245 scientificae

498 5266 637 5344 him·
658 5285 749 5346 quam
769 5273 981 5349 timendae
1001 5270 1166 5351 marum*
1182 5279 1328 5348 mnam,
1357 5272 1431 5347 base
1452 5278 1551 5333 umen
1573 5278 1694 5350 pmptar
1715 5282 1846 5350 mamam
