4242 6384
652 830 833 893 Harmonicis:
866 834 951 895 Liber
966 836 1016 893 111.
1037 836 1125 905 caput
1143 831 1218 890 XIII.
1555 839 1616 913 lto

274 1010 363 1071 tudine
385 1009 524 1071 diuturna
546 1030 612 1071 curu
633 1014 726 1089 ipsius
748 1015 930 1073 instrumenti
952 1013 1065 1075 iaetma
1080 1013 1274 1076 transmisisse
1293 1011 1332 1075 ad
1357 1018 1491 1091 posteros
1506 1016 1616 1073 tomm-

274 1117 322 1174 qne
346 1108 475 1175 gentem.
519 1098 642 1159 Interfui
671 1098 787 1177 Pragaa
816 1101 970 1179 precibus,
989 1118 1077 1179 ,quas
1106 1100 1198 1181 legati
1222 1100 1337 1169 Toretai
1368 1096 1505 1161 sacerdos
1535 1097 1615 1159 boris

272 1189 345 1243 statis
365 1185 584 1262 ingeniculatus
606 1195 769 1263 terramque
791 1187 885 1250 iroute
908 1189 1009 1249 crebre
1036 1190 1142 1251 feriens
1167 1188 1327 1269 ‘decantare
1355 1186 1489 1261 solebat3
1520 1203 1615 1265 appa-

272 1278 319 1330 ruit
338 1273 436 1347 facile,
459 1276 555 1351 ipsum
576 1291 614 1335 ex
635 1270 790 1352 disciplina
812 1292 915 1352 cauere
937 1277 1233 1355 exercitationemque
1256 1283 1286 1340 st
1306 1272 1545 1355 promtitudinem
1567 1272 1615 1331 la-

271 1362 330 1421 bore
351 1377 551 1439 comparasse,
572 1360 645 1421 nibil
669 1364 748 1425 euim
768 1360 944 1437 haesItavit3
967 1370 999 1423 at
1019 1362 1183 1425 Intervallis
1205 1380 1277 1423 usus
1301 1370 1345 1421 est
1366 1363 1455 1437 miris,
1479 1360 1613 1434 insolitis,

271 1448 389 1521 moabia
413 1448 658 1523 abhorrentibus,
690 1460 723 1508 ut
745 1467 832 1510 nemo
858 1452 974 1528 proprio
996 1458 1119 1513 naturae
1146 1450 1237 1511 ductu
1266 1457 1296 1511 et
1326 1466 1362 1509 ex
1384 1467 1416 1509 se
1439 1451 1504 1525 ipae
1536 1448 1612 1509 uitro

269 1534 350 1593 simile
374 1534 450 1610 quid
473 1544 640 1597 constanter
661 1555 791 1613 unquam
812 1538 945 1599 meditari
960 1554 1049 1614 posse
1069 1539 1213 1601 rideatur.
1258 1536 1394 1597 Conabcr
1409 1532 1521 1613 aliquid
1543 1551 1614 1613 prc-

268 1624 365 1680 1imum
387 1622 435 1681 illi
456 1640 510 1700 per
531 1632 646 1683 nostras
668 1634 754 1685 notae
775 1628 903 1685 musicae
926 1628 1103 1702 exprimere:
1481 1644 1485 1651 ·

310 1780 726 1906 ffl-ssj-r
759 1788 1077 1868 swa-'‘-
1101 1786 1614 1849 ᾜΤ-ῖ-*Ξ

405 1845 617 1903 --ο-ν-ο
729 1848 952 1903 “36⁴²“
1014 1866 1019 1871 -
1295 1852 1612 1885 ÷—--r—=—-

273 1789 1365 1958 -Α-’ΞιῖῖῖΞῙ-ἾΨ,
1434 1895 1613 1988 5342:

338 2062 512 2125 Concinuns
542 2066 630 2145 igitur
662 2072 690 2127 et
717 2064 911 2126 humanarum
940 2068 1052 2127 nudum
1080 2064 1193 2141 judicio
1223 2072 1310 2142 aptus
1340 2070 1443 2125 cantus
1466 2071 1528 2139 cst,
1561 2065 1612 2141 qui

268 2168 374 2211 exorsus
397 2170 419 2212 a
443 2160 522 2215 certo
544 2152 674 2229 quodam
695 2170 779 2229 sono,
801 2154 840 2227 pb
863 2171 898 2213 ec
919 2171 972 2231 per
994 2153 1318 2217 intervallaeoecmna
1346 2151 1439 2213 tendit
1461 2151 1499 2211 ad
1522 2168 1612 2211 sonos

267 2257 400 2299 comunes
432 2249 463 2301 et
489 2242 584 2317 ptimo
607 2240 651 2299 illi
673 2249 704 2300 et
724 2240 897 2319 plerumque
929 2242 1018 2301 etiam
1046 2242 1121 2301 iuter
1149 2258 1181 2299 se
1210 2250 1329 2315 mutuo,
1359 2237 1478 2297 dissona
1506 2241 1612 2298 cursim

265 2328 436 2400 pervolitans
458 2326 624 2402 intervalia,
648 2330 677 2387 in
700 2331 835 2389 consonis
858 2344 927 2388 reru
948 2330 1124 2401 immorans,
1147 2344 1200 2389 seu
1223 2344 1360 2391 mensura
1381 2327 1520 2403 temporis
1542 2326 1607 2403 syl-

265 2414 448 2491 labarumque
470 2414 661 2491 longitudine,
685 2432 738 2475 seu
762 2417 862 2477 crebro
884 2415 925 2475 ad
946 2415 1013 2475 illos
1036 2416 1147 2489 reditu,
1170 2414 1263 2475 veluti
1285 2415 1408 2475 duarum
1431 2430 1537 2473 vocum
1561 2417 1608 2471 iu-

264 2512 298 2558 ter
317 2521 348 2561 aa
370 2506 599 2562 consonantiam
620 2502 770 2578 adeamus,
792 2506 896 2565 unicae
918 2506 1002 2563 reeis
1023 2502 1206 2565 uaduetione
1231 2501 1338 2563 aleco
1360 2518 1419 2563 uuo
1441 2504 1610 2580 systematis

264 2588 294 2647 ad
312 2588 414 2649 alium.
461 2586 651 2668 Exemplum:

1440 2862 1609 2871 -—-———--

1433 2896 1609 2911 ..ψ

309 3238 661 3288 θὴτίιίυιίιι·ω·οοιι··ρι-
683 3239 713 3278 tri
740 3238 1153 3289 rs·ccu·cl·ll·a·rltpac·ca·
1181 3240 1236 3287 tc,-
1262 3248 1307 3278 res.

337 3362 398 3424 Hie
428 3380 519 3424 sonus
548 3362 669 3423 initialis
691 3372 736 3425 eet
758 3366 788 3423 iu
811 3362 890 3424 clari
915 3362 957 3439 G,
989 3381 1054 3423 cum
1078 3380 1137 3441 qua
1160 3366 1188 3421 in
1213 3346 1303 3423 cautu
1321 3360 1403 3423 molli
1431 3360 1607 3427 concordam

265 3448 290 3521 b,
316 3468 344 3525 c,
374 3452 411 3527 d,
439 3470 469 3527 p.
514 3452 648 3511 Excurrit
672 3452 761 3527 igitur
783 3459 885 3512 cautus
906 3440 1140 3531 (primum'flexu
1164 3450 1298 3511 deorsum
1320 3447 1411 3531 lacto)
1433 3450 1472 3514 ed
1495 3450 1607 3520 clavem

267 3556 467 3613 cconronam,
498 3546 527 3598 et
552 3538 679 3597 transilit
707 3539 793 3617 plane
824 3539 974 3599 dissonum
1004 3539 1101 3603 locum
1123 3540 1167 3613 A3
1200 3536 1303 3607 luisset
1332 3545 1430 3599 autem
1458 3536 1550 3609 idem,
1582 3542 1606 3599 si

223 3665 225 3710 q
266 3628 399 3699 attigisset
421 3628 528 3705 ipsum,
550 3624 603 3685 sed
624 3626 707 3685 brevi
730 3644 829 3700 mera;
853 3633 916 3686 tota
938 3643 1008 3687 vero
1031 3628 1122 3687 series
1136 3625 1250 3703 reliqua
1272 3626 1455 3705 potissimum
1479 3628 1509 3685 iu
1531 3624 1604 3689 locis

223 3715 225 3744 ¹
266 3710 293 3780 b,
312 3714 392 3790 d,9
424 3718 554 3783 intonat,
587 3712 717 3795 seeletou
741 3722 865 3776 octavae
888 3710 946 3771 tale
970 3717 1148 3791 exprimens,
1172 3712 1245 3771 iud
1332 3786 1339 3801 ι

223 3859 225 3862 r
267 3800 426 3860 creberrime
450 3801 579 3875 rediens,
609 3802 728 3878 postia
752 3800 779 3874 b,
803 3802 831 3859 in
855 3802 988 3879 superius
1011 3820 1081 3860 vero
1102 3820 1123 3877 p
1145 3818 1175 3859 se
1199 3802 1246 3857 in-

223 3883 225 3944 }
268 3886 368 3946 turdum
393 3888 532 3964 efferens,
563 3890 593 3946 iu
616 3888 690 3947 haee
713 3891 811 3948 omnia
832 3886 899 3965 loca
923 3890 1088 3963 signantem
1120 3882 1243 3947 norisio
1288 3906 1331 3914 *-

267 3974 287 4026 in
310 3992 328 4032 o
351 3974 402 4035 vel
425 3978 456 4033 in
476 3976 507 4053 ί,
536 3973 602 4035 loca
624 3977 718 4054 priino
742 3972 881 4050 dissona,'
905 3974 1082 4050 tandemque
1111 3959 1186 4035 redit
1208 3974 1245 4033 ad
1272 3972 1297 4034 G
1320 3976 1419 4053 ibique
1442 3976 1515 4037 finit.

224 4105 226 4122 r
337 4062 424 4121 (brea
446 4062 583 4121 traditam
606 4070 708 4133 cautus
732 4062 930 4124 definitionem
951 4062 1044 4121 multa
1066 4062 1188 4121 veniunt
1210 4062 1295 4123 nobis
1318 4064 1495 4123 annotanda
1532 4128 1535 4135 ,

337 4150 362 4209 Ι.
385 4149 490 4221 Partes
519 4158 636 4227 cantus,
668 4168 704 4209 ex
734 4152 842 4227 quibus
869 4149 918 4210 vel
947 4150 1082 4221 omuibus
1113 4148 1159 4209 vel
1189 4148 1336 4225 aliquibus
1364 4158 1481 4211 constat
1510 4152 1604 4211 omnis

265 4244 361 4310 mutus,
386 4235 524 4296 Euclides
546 4239 678 4298 nominat
692 4238 747 4297 has
762 4246 904 4317 quatuor:
925 4233 1053 4317 ἀγωγην,
1077 4259 1177 4315 corna,
1201 4258 1357 4317 narsaeus„
1381 4240 1503 4315 eloam,
1528 4257 1604 4317 quac

267 4324 323 4394 quid
343 4327 411 4397 sint,
437 4342 525 4383 voces
547 4320 630 4401 ips'oe
652 4320 791 4385 indicaui.
833 4324 938 4405 ’Aporyq
967 4326 1044 4387 enim
1068 4330 1112 4384 est
1134 4322 1277 4383 traductio
1302 4326 1383 4385 vocis
1413 4344 1431 4385 a
1453 4328 1605 4405 proposita

224 4437 225 4470 2
267 4408 347 4470 radice
370 4410 409 4471 ad
431 4410 530 4470 locum
558 4410 773 4495 usqueuradiei
797 4430 970 4489 consonum,
1003 4418 1056 4471 aut
1078 4412 1116 4473 sb
1139 4428 1197 4471 uno
1221 4429 1349 4477 consono
1381 4412 1419 4473 ad
1442 4412 1533 4473 alium
1556 4416 1604 4475 vel

224 4513 225 4568 q
267 4494 298 4551 ilii
318 4496 364 4557 vei
386 4500 497 4575 primae
519 4498 610 4557 radici
634 4515 803 4559 consonum.
850 4500 926 4579 Torq
949 4508 993 4572 eat
1016 4502 1205 4560 commoratio
1229 4500 1258 4556 in
1281 4498 1347 4563 loeo
1370 4499 1418 4563 vel
1439 4503 1532 4579 primo
1555 4501 1604 4563 vel

224 4579 225 4592 *
266 4580 300 4637 iiii
318 4575 455 4659 consono,
478 4585 637 4646 ueletiam
660 4588 749 4663 priori
772 4604 910 4660 consono,
933 4588 1002 4648 licet
1024 4588 1118 4666 p'rimo
1141 4588 1260 4646 nonsit
1286 4605 1453 4671 consonus·
1488 4590 1602 4666 lllcaq,

268 4668 420 4745 implicatio,
443 4680 489 4733 est
510 4676 624 4749 species
647 4672 792 4749 quaedam
816 4673 864 4757 pel
887 4673 966 4735 color
988 4671 1106 4759 dpach,
1130 4684 1162 4755 ut
1186 4692 1316 4749 uerrere,
1340 4674 1481 4751 lusitatio,
1504 4696 1601 4753 suarm

268 4764 290 4811 ti
307 4768 336 4817 ut
356 4758 448 4841 dyoryq
470 4760 509 4820 ad
531 4784 623 4838 corps.
646 4764 689 4820 alc
711 4764 803 4839 uicnq
825 4760 864 4819 ad
886 4783 1032 4836 uersatur,
1055 4764 1127 4839 quia
1142 4758 1235 4839 dyonyq
1257 4762 1342 4843 quasi
1365 4758 1473 4831 duecte
1490 4767 1601 4839 bausit,

269 4846 344 4924 ciosq
364 4856 492 4927 regatur
512 4850 542 4906 iu
565 4850 689 4907 transitu
711 4851 788 4909 eirca
809 4844 931 4927 ἀγωγην,
955 4855 989 4907 ut
1010 4852 1091 4911 canis
1114 4850 1191 4908 eirea
1213 4850 1364 4909 viatorem.

336 4934 440 5013 Itaque
463 4923 555 5015 d'yeyq
579 4942 746 5017 estractus
776 4936 870 4997 veluti
893 4934 1032 5009 directus,
1060 4939 1153 5013 aloaq
1177 4936 1410 5013 mutuatarius,
1439 4958 1507 5015 corp
1530 4955 1600 4999 vero

268 5025 303 5073 eat
320 5026 400 5096 quasi
430 5025 569 5081 terminus
599 5030 711 5099 motus,
742 5041 794 5083 seu
817 5024 900 5099 quies
927 5024 957 5081 iu
985 5022 1050 5105 loeo
1080 5025 1247 5101 systematis
1278 5024 1386 5101 petito,
1417 5045 1533 5087 cessero
1557 5034 1601 5087 est

270 5106 336 5164 multi
358 5114 471 5169 termini
494 5112 682 5169 minutiorum
704 5119 836 5169 motuum
859 5120 888 5169 et
910 5102 1002 5169 veluti
1024 5112 1148 5187 quietes.
1192 5108 1226 5168 In
1255 5108 1388 5189 exemplo
1410 5120 1510 5173 uosbo
1535 5112 1601 5191 syl·

269 5184 339 5253 labae
364 5192 472 5277 (demit
500 5215 568 5257 ovea
599 5198 735 5258 Christus
763 5195 808 5277 in)
835 5204 979 5274 perpetua
1009 5196 1154 5275 quaedam
1183 5205 1252 5257 sunt
1273 5221 1355 5281 eosq,
1386 5197 1500 5261 duabus
1529 5201 1601 5263 solis

271 5278 373 5353 alanis
394 5288 540 5364 exceptis;
563 5293 595 5346 at
616 5285 751 5364 syllabae
772 5282 851 5367 (ceu
872 5303 922 5349 reo
943 5284 966 5345 ii
983 5282 1101 5366 peccat)
1123 5286 1287 5363 exprimunt
1308 5308 1449 5349 narraras.
1488 5286 1599 5365 Quodsi
