4242 6384
853 799 995 870 Andosin-
1460 811 1470 822 ·
1541 811 1603 869 ιιι
1635 865 1638 885 ,
1749 762 1752 769 ⁴

276 983 418 1056 congeriem
441 983 529 1041 etiam
561 985 655 1040 ortum
676 979 876 1074 harmonicas,
905 979 935 1035 in
959 991 1017 1055 quc
1051 995 1106 1056 ego
1128 977 1192 1039 solo
1219 978 1261 1036 lui
1293 987 1467 1056 occupatus,
1498 982 1552 1042 abs
1575 989 1604 1043 tc

290 1087 314 1128 ro
334 1071 386 1126 oni

275 1089 288 1147 p
315 1087 390 1213 prid
415 1153 592 1231 Analysin
615 1151 668 1212 iv.
715 1150 870 1210 satisfacio
893 1152 947 1210 tibi
970 1169 1028 1211 uno
1045 1151 1150 1211 verbu:
1178 1169 1380 1228 comparamus
1404 1155 1451 1214 v'el
1474 1157 1511 1216 ad
1527 1175 1602 1217 con-

272 1259 370 1300 scusnm
401 1242 447 1300 vel
478 1241 516 1300 ad
547 1240 699 1298 discrimen
728 1234 979 1314 indicandumii)
1029 1237 1120 1298 Recte
1149 1241 1238 1314 igitur
1267 1247 1318 1299 tua
1348 1257 1404 1316 ego
1434 1261 1499 1302 cum
1530 1249 1604 1304 meis

273 1330 375 1402 contuli,
397 1336 431 1386 ut
454 1331 542 1388 sciret
561 1327 655 1387 lector
677 1325 858 1401 meua-plus
881 1328 1023 1388 interesse
1045 1325 1299 1401 dissimilitudinis,
1324 1345 1413 1402 quam
1436 1347 1604 1396 consensus.

271 1415 297 1473 ln
317 1417 407 1474 vorbis
432 1433 500 1475 vero
524 1414 595 1490 qnid
617 1419 722 1473 attinet
744 1411 870 1472 ludera?
914 1412 1106 1473 Artificialem
1128 1421 1208 1472 tuam
1228 1417 1370 1473 musicam
1395 1417 1454 1475 dixi
1477 1437 1513 1478 ex
1528 1420 1603 1479 libro

271 1513 323 1574 tuo,
354 1521 419 1562 nam
442 1511 473 1562 tu
496 1501 660 1560 naturalem
690 1501 728 1559 ab
751 1499 899 1559 artificiali·
919 1499 1078 1576 distinguis
1107 1517 1187 1559 more
1216 1510 1277 1560 tuo.
1322 1501 1396 1560 Mihi
1424 1505 1537 1564 nullum
1560 1515 1606 1566 est

271 1589 414 1664 legitimum
437 1605 491 1649 nec
514 1589 628 1647 auditui
652 1593 803 1664 acceptum
826 1589 951 1646 musices
974 1587 1137 1661 artificium,
1162 1588 1240 1664 quod
1264 1599 1344 1648 caret
1365 1589 1562 1652 fundamentis
1585 1613 1604 1654 a

269 1689 357 1735 natura
379 1679 555 1736 monstratis.
601 1675 694 1752 Igitur
726 1678 812 1733 etiam
846 1683 1033 1734 tunctorum
1055 1674 1233 1735 naturalium
1263 1679 1361 1803 aperio
1385 1693 1505 1754 cauam,
1535 1698 1602 1740 cum

268 1763 295 1821 dc
283 1767 423 1838 aurigine
446 1767 570 1823 musices
594 1763 752 1822 artificialis
776 1761 901 1838 disputo.

339 1852 380 1908 En
406 1869 475 1911 vcro
500 1850 647 1917 difficilem
669 1857 697 1908 tc
721 1849 878 1922 hominem,
902 1865 954 1926 per
977 1865 1065 1924 quem
1088 1848 1159 1906 mihi
1181 1866 1218 1907 ne
1241 1849 1374 1909 modesto
1397 1851 1515 1926 quidem
1539 1872 1603 1916 esse

271 1934 397 2018 licet³³];
421 1941 616 2014 suspiciosum
640 1953 725 2010 vero,
751 1939 800 2012 qui
824 1937 915 1995 verba
938 1936 1053 2010 singula
1075 1938 1218 2012 torques
1210 1954 1238 1992 ιιι
1256 1934 1438 1998 conuicium.
1484 1940 1603 2018 Scripsi,
1667 1955 1698 2026 ’1
1800 1977 1804 1984 -

268 2041 303 2082 mc
324 2043 419 2100 pauca
447 2025 483 2084 de
506 2025 631 2083 musices
654 2024 856 2082 inventoribus
884 2022 1012 2098 tradere;
1041 2023 1162 2082 hoccine
1190 2031 1233 2082 est
1261 2026 1343 2083 inte
1372 2027 1603 2101 superfluitatem

269 2123 391 2187 arguere,
425 2129 500 2171 anne
524 2114 617 2186 magis
638 2101 795 2183 lectorem,
824 2109 859 2169 de
882 2111 1084 2169 inventoribus
1106 2117 1304 2186 satagentem,
1328 2109 1366 2169 ad
1381 2121 1418 2172 te
1442 2113 1603 2191 ablegare?

235 2201 236 2232 ³
341 2199 393 2258 Ad
417 2199 602 2277 Analysiu
626 2199 664 2256 V.
709 2199 755 2257 De
778 2198 957 2274 temporibus
985 2197 1022 2256 ad
1046 2200 1191 2257 musicam·
1220 2197 1401 2257 artificialem
1430 2205 1604 2263 necessariis

265 2257 340 2344 larido
362 2287 630 2363 philosophantem.
675 2285 774 2361 Digna
797 2293 893 2344 tamen
917 2287 1042 2344 occurrit
1065 2287 1208 2360 quaestio,
1232 2287 1341 2361 inqua
1363 2286 1619 2360 nuerecccacnr

266 2371 351 2431 lector.
396 2373 488 2432 Recte
510 2391 597 2446 sane,
621 2372 765 2444 Roberte,
779 2386 893 2431 sonum
916 2371 1017 2430 definis
1039 2389 1092 2448 per
1114 2380 1239 2444 motum,
1269 2389 1324 2431 nec
1346 2391 1365 2431 a
1386 2383 1467 2433 motu
1491 2378 1600 2454 pateris

265 2460 365 2536 sejungi
387 2469 512 2537 tempus.
558 2458 720 2536 Diligenter
748 2459 804 2518 hoc
827 2465 896 2518 sunt
918 2458 1275 2536 prosecuti'Ptolemaeus
1303 2460 1426 2536 ejusque
1451 2457 1602 2524 commen-

265 2553 327 2604 tator
348 2547 538 2625 Porphyrius.
584 2547 708 2606 Duobus
731 2547 1008 2622 igitur-nominibus
1031 2553 1146 2624 tempus
1169 2546 1254 2605 adest
1275 2543 1437 2621 sonitibus,¹
1451 2552 1545 2625 primo
1569 2560 1604 2612 ut

265 2638 408 2693 essentiam
432 2637 538 2693 format
560 2637 707 2707 sonorum,
731 2650 782 2692 seu
807 2633 982 2694 differentias
1006 2649 1096 2692 causa
1111 2636 1264 2708 gravitatis
1288 2644 1317 2692 et
1335 2632 1486 2711 acuminis,
1511 2637 1603 2698 altero

265 2729 289 2777 ut
305 2722 363 2796 jam
387 2723 520 2781 formatis
544 2723 723 2781 extrinsecus
746 2721 852 2780 accidit
870 2728 907 2780 ut
929 2737 1075 2782 mensura.
1122 2719 1235 2780 Graves
1251 2723 1314 2778 soni
1339 2729 1477 2782 tremores
1493 2724 1604 2784 habent

236 2845 237 2848 κ
265 2808 401 2884 tardiores,
426 2811 505 2868 acuti
529 2807 691 2868 celeriores.
738 2807 827 2867 Verbi
851 2825 955 2880 causa,
986 2809 1010 2865 si
1033 2809 1072 2866 sit
1092 2809 1275 2884 propositum
1296 2817 1428 2891 tempus,
1460 2821 1603 2887 quantum

265 2903 299 2951 est
319 2898 391 2954 inter
415 2897 545 2974 systolen
570 2904 599 2956 et
622 2893 767 2955 diastolen
790 2895 893 2972 pulsus
916 2895 1050 2968 humani,
1080 2895 1232 2974 pulsentur
1255 2894 1336 2954 duae
1354 2895 1496 2970 chordae,
1525 2917 1603 2975 quae

265 2979 392 3058 diapason
418 2984 544 3057 iaciunt,
577 2991 741 3058 trematque
763 2983 839 3041 intra
860 2984 1067 3058 praestitutum
1090 2985 1228 3060 temporis
1251 2984 1378 3058 spatium
1408 2983 1516 3044 chorda
1539 2985 1600 3060 illa,

235 3083 237 3088 ’
266 3085 326 3140 quac
348 3089 472 3145 gravem
494 3085 598 3130 sonum
621 3069 742 3141 emittit,
775 3077 879 3129 tremat
902 3071 1021 3145 inquam
1046 3070 1087 3128 50
1111 3069 1353 3142 vibratinnculas,
1382 3077 1486 3130 tremet
1508 3071 1603 3132 altera

267 3157 328 3230 100,
358 3153 438 3233 quae'
457 3159 576 3218 seilicet
604 3165 722 3217 acutum
755 3165 904 3218 consonat.
957 3156 1042 3215 Hanc
1070 3157 1299 3234 speculationem
1328 3158 1413 3235 attigi
1441 3159 1516 3218 libro
1545 3159 1603 3218 III.

236 3283 237 3286 ι
263 3240 318 3301 lolio
344 3248 416 3303 137.
441 3248 470 3302 in
493 3247 691 3323 experimento
715 3244 849 3304 mirabili.
896 3241 996 3317 Vides,
1019 3243 1158 3317 Rcberte,
1182 3243 1455 3320 deceptionemhib
1471 3260 1514 3306 ‘ex
1536 3265 1602 3306 am·

264 3328 391 3404 biguitate
416 3335 497 3392 vocis
523 3334 676 3408 „tempus“
703 3347 822 3392 eausam
844 3331 899 3390 tibi
923 3331 1013 3390 luisse
1035 3330 1168 3390 mirandi.
1214 3329 1326 3406 Quodsi
1355 3346 1413 3391 non
1437 3335 1601 3410 attigissem

242 3414 323 3476 vbauo
346 3421 470 3496 primam
492 3417 753 3494 considerationem
778 3421 925 3496 temporie,
950 3419 1111 3496 potuissem
1131 3419 1273 3494 excipere,
1296 3436 1342 3478 me
1356 3418 1433 3479 hanc
1456 3437 1522 3479 eum
1537 3421 1602 3499 ipsa

263 3519 387 3564 sonorum
420 3505 582 3584 differentia
611 3509 640 3564 in
673 3507 807 3566 acumine
839 3514 868 3564 et
898 3507 1044 3582 gravitate
1074 3509 1275 3584 supposuisse.
1321 3506 1366 3566 De
1389 3505 1483 3567 altero
1513 3510 1603 3584 igitrtr

236 3607 237 3614 ¹
264 3603 400 3666 respectu,
426 3610 485 3668 qao
508 3603 623 3670 tempus
647 3601 691 3652 est
714 3597 877 3670 catrinseca
898 3609 1035 3652 mensura
1056 3611 1210 3666 sonorum,
1234 3592 1366 3668 loquitur
1389 3601 1486 3654 textus
1509 3613 1600 3670 meus,

235 3693 238 3700 ⁴
262 3675 376 3752 loquitur
401 3683 489 3740 etiam
513 3691 590 3754 tuus,
616 3687 703 3757 quem
726 3697 874 3759 comparo.
919 3679 975 3738 Illo
999 3684 1075 3739 enim
1098 3687 1234 3756 respectu
1260 3697 1318 3738 non
1342 3689 1386 3740 est
1416 3683 1602 3742 arbitrarium

237 3794 238 3798 =
263 3771 371 3844 tempus,
396 3767 448 3827 sed
471 3767 611 3828 adhaeret
634 3768 772 3844 gravitati
797 3765 843 3827 vel
867 3768 991 3824 acumini
1015 3770 1188 3839 necessario,
1213 3773 1244 3825 at
1258 3766 1315 3825 hoc
1330 3776 1464 3844 respectu
1480 3771 1607 3830 omnino

262 3859 296 3909 cst
325 3857 531 3930 arbitrarium,
563 3871 621 3932 quo
655 3857 772 3914 nomine
800 3857 876 3912 inter
900 3860 1010 3912 ceteras
1034 3871 1139 3914 causas
1166 3854 1279 3913 musica
1301 3853 1461 3913 artificialis
1486 3855 1600 3916 dicitur.

262 3935 400 4010 Quantum
424 3945 501 4001 enim
524 3945 552 4001 in
576 3960 606 4002 re
630 3942 762 4020 qualibet
785 3943 861 4002 inest
884 3941 926 4000 ιιι
942 3941 1061 4000 arbitrio
1078 3939 1205 4013 artificis,
1228 3946 1323 3999 totum
1339 3941 1412 4002 illud
1434 3943 1490 4000 arti
1504 3951 1602 4003 trans·

261 4027 391 4102 scribitur,
416 4033 568 4104 quantum·
582 4047 652 4087 vero
676 4047 723 4088 ars
746 4037 882 4087 naturam
901 4029 1032 4086 imitatur
1054 4028 1233 4104 arbitrioque
1256 4045 1311 4087 suo
1343 4027 1425 4103 leges
1448 4030 1514 4104 ipsa
1536 4032 1600 4106 lert,

263 4119 359 4173 uncum
384 4125 518 4176 censetur
545 4119 574 4174 in
600 4117 722 4175 artificio
751 4116 891 4178 bonitatis
918 4116 1023 4176 inesse.
1069 4114 1159 4174 Verbi
1183 4131 1287 4188 causa,
1318 4115 1422 4175 breves
1453 4131 1542 4176 sonos
1570 4119 1601 4175 in

264 4204 387 4261 omnibus
413 4205 654 4280 cantus‘ligurati
677 4204 800 4286 vocibus
823 4211 951 4265 statuere
973 4209 1071 4280 potest
1094 4201 1213 4276 artilex3
1243 4203 1268 4261 si
1295 4209 1392 4261 tamen
1421 4203 1508 4262 basso
1531 4203 1598 4262 lon-

236 4307 237 4310 *
263 4301 303 4358 gas
324 4291 527 4351 accommodat
550 4307 708 4364 mensuras,
734 4289 867 4351 discanto
892 4290 1012 4364 breves,
1037 4290 1085 4348 hi'c
1107 4296 1241 4348 naturam
1264 4288 1314 4348 ille
1337 4296 1467 4366 spectat,
1491 4309 1598 4367 graves

235 4409 236 4412 ,
263 4377 325 4432 enim
347 4393 438 4436 sonos
462 4377 587 4437 dimmus
610 4381 698 4438 etiam
722 4379 750 4434 in
774 4379 918 4438 essentiae
933 4378 1200 4436 suae'sorrnatione
1218 4375 1314 4453 longis
1329 4378 1510 4453 temporibus
1534 4395 1600 4439 esse

264 4471 398 4536 cognatos,
423 4471 525 4524 acutos
549 4465 703 4538 brevibus3
733 4471 764 4524 at
787 4467 812 4523 si
836 4465 1018 4526 econtrario
1042 4465 1161 4524 bassum
1187 4465 1363 4541 quandoque
1390 4464 1477 4540 jubet
1499 4465 1600 4525 brevi-

235 4545 305 4605 ,ιιι
327 4554 469 4610 mansuris
493 4552 743 4626 circumvolitare,
774 4551 990 4610 condimentum
1012 4551 1195 4612 machinatur
1216 4551 1492 4626 extraordinarium,
1525 4569 1598 4611 con-

235 4651 237 4686 J
265 4633 318 4693 silio
340 4656 411 4697 usus
435 4657 471 4698 ex
493 4641 564 4698 artis
587 4655 658 4698 suae
681 4637 810 4698 flosculis
841 4639 1051 4714 arbitrariaque
1079 4638 1198 4698 licentia
1228 4638 1370 4698 desumto.
1415 4638 1512 4715 Tetigi
1542 4639 1599 4700 hoc

264 4735 314 4797 cap.
341 4727 388 4784 16.
413 4725 462 4784 iol.
490 4713 582 4787 19'3
574 4745 602 4783 ιιι
627 4723 819 4785 alternatione
842 4717 1107 4785 consonantiarum.

235 4825 236 4830 ’
336 4809 419 4886 Quae
442 4813 493 4872 ubi
515 4821 547 4871 tu
570 4813 764 4890 perpenderis,
788 4813 915 4871 mirabor
937 4813 1088 4889 equidem,
1119 4814 1143 4870 si
1167 4811 1238 4887 quid
1262 4813 1459 4871 excusationis
1482 4813 1600 4890 insuper
1633 4871 1639 4883 ,

264 4893 376 4956 allerre
371 4901 477 4975 possis,
502 4917 552 4959 cur
574 4901 631 4958 line
653 4899 741 4976 hujus
764 4897 920 4976 analyseos
944 4901 1108 4976 negaveris,
1131 4907 1302 4974 temporum
1326 4899 1523 4958 dimensiones
1545 4917 1599 4959 va-

263 4983 314 5040 riae
332 4988 366 5044 in
389 4987 577 5062 longitudine
597 4995 625 5046 et
647 4987 790 5046 breuitate
811 5003 869 5045 cese
891 4979 1083 5048 arbitrariae.
1129 4982 1208 5044 Nam‘
1234 4985 1270 5045 de
1293 4985 1349 5046 boc
1371 4989 1435 5064 ipso
1462 4994 1597 5063 respectu

264 5071 403 5146 temporis,
427 5083 459 5132 nt
482 5091 634 5148 mensura,
657 5071 795 5150 loqueris.
974 5127 978 5141 ,

336 5157 483 5234 Quantum
513 5163 601 5238 igitur
631 5163 735 5222 attinet
764 5161 841 5221 hanc
861 5169 1034 5284 respectum
1065 5159 1220 5237 temporis,
1255 5178 1314 5237 quo
1342 5167 1474 5238 tempora
1501 5166 1598 5238 potius

307 5265 397 5319 xsplsri
412 5269 488 5320 opens
501 5269 528 5311 V
756 5311 758 5318 ,
1400 5266 1439 5325 27
