4242 6384
518 730 582 790 ctio
931 724 974 778 De
993 722 1258 793 Conflguratiouibus
1277 723 1457 787 Harmoniois.

518 921 609 963 nuum
637 902 685 965 vel
715 905 822 963 omnia·
836 909 916 963 motu
948 902 1077 980 quodam
1105 901 1318 979 longitudinem
1345 904 1387 962 rei
1410 912 1577 980 percurrant
1606 908 1776 982 terminique
1796 908 1851 965 iant

517 992 644 1069 partium
665 990 872 1068 longitudinis,
906 993 980 1051 inter
1010 1008 1085 1066 quas
1108 992 1147 1050 sit
1168 993 1335 1067 proportio,
1358 999 1396 1049 et
1419 991 1475 1049 hoc
1503 991 1541 1050 ad
1565 995 1725 1051 minimum.
1771 994 1850 1069 litque

519 1080 549 1137 id
571 1080 606 1139 fit
626 1097 663 1139 ex
684 1087 768 1155 parte
790 1081 820 1137 in
844 1072 1137 1155 configurationibus,
1161 1078 1249 1153 hujus
1272 1078 1322 1137 lib.
1340 1077 1394 1139 IV.
1417 1081 1534 1155 proprio
1551 1080 1696 1155 subjecto.
1742 1080 1810 1139 llam
1829 1092 1854 1138 ut

519 1167 629 1227 dicetur
651 1168 747 1243 capite
769 1166 1106 1242 sequentisharmouiae
1129 1166 1247 1242 quidem
1271 1168 1300 1223 iu
1324 1165 1456 1240 angulis,
1487 1184 1561 1243 quos
1583 1171 1701 1227 metitur
1724 1167 1854 1241 zodiacus,

519 1254 737 1315 considerantur
759 1256 822 1313 sine
845 1261 940 1327 motu,
970 1254 1070 1329 anguli
1094 1260 1191 1313 tamen
1215 1254 1270 1329 ipsi
1294 1253 1345 1311 alii
1368 1270 1404 1311 ex
1427 1252 1492 1311 aliis
1517 1270 1670 1331 corporum
1694 1256 1854 1315 radiantium

518 1349 600 1401 motu
622 1359 675 1417 per
696 1340 848 1401 zodiacum
873 1344 1098 1409 constituuntur.
1145 1338 1220 1400 Sunt
1243 1348 1340 1399 tamen
1363 1340 1441 1399 modi
1465 1345 1709 1417 praestantiores,
1740 1343 1777 1402 ad
1797 1360 1858 1402 cuu-

519 1430 585 1489 dem
604 1428 693 1488 tinem
715 1429 882 1503 tendentes,
906 1437 939 1488 ut
962 1446 1027 1488 curn
1050 1446 1181 1506 corpora,
1206 1444 1281 1504 quae
1304 1428 1413 1487 habeut
1435 1428 1657 1505 longitudinem,
1682 1435 1750 1508 ipsa
1768 1440 1794 1489 et
1817 1431 1858 1487 de·

518 1518 709 1577 terminantur
730 1517 839 1576 talibus
862 1520 963 1593 signis,
985 1534 1101 1575 sursum
1124 1516 1259 1574 deorsum
1283 1516 1459 1588 errantibus,
1485 1527 1514 1575 et
1536 1519 1627 1576 trunci
1652 1518 1785 1593 qrrullbet
1808 1520 1859 1575 rice

518 1604 670 1681 interrupti
692 1604 779 1663 simul
801 1611 970 1679 moventem
1004 1612 1037 1663 ut
1058 1606 1102 1662 ita
1124 1620 1182 1662 non
1202 1604 1263 1679 jam
1287 1620 1423 1682 corpora,
1447 1604 1499 1663 sed
1521 1612 1618 1663 motus
1642 1608 1698 1681 ipsi
1723 1622 1861 1681 corporum

519 1708 610 1755 causa
631 1692 822 1767 longitudinis
845 1699 875 1751 et
897 1692 1050 1751 b‘reritatis
1073 1708 1131 1750 nou
1154 1692 1324 1769 temporalis
1352 1690 1405 1751 sed
1428 1708 1584 1768 corporeae
1608 1690 1736 1774 (quippe
1763 1696 1861 1770 species

519 1787 653 1839 motuum
674 1781 933 1855 incorporatorum,
957 1798 1009 1839 seu
1030 1794 1185 1856 corporum
1215 1781 1243 1837 in
1267 1786 1348 1838 motu
1372 1776 1611 1861 constitutorum)
1636 1784 1712 1840 inter
1739 1798 1770 1839 se
1794 1797 1861 1839 com-

519 1874 666 1945 parentur.
713 1865 967 1941 Quemadmodum
995 1884 1027 1926 sc
1056 1884 1102 1925 res
1131 1867 1220 1925 babet
1248 1884 1313 1925 cnm
1342 1868 1438 1925 souis:
1471 1884 1538 1926 narn
1568 1886 1658 1927 sonus
1690 1878 1737 1928 est
1764 1871 1862 1945 speeies

520 1957 628 2015 emissa
650 1971 666 2012 e
689 1961 878 2030 corpore‚·et
899 1963 932 2013 ut
954 1962 1096 2031 quantum
1119 1953 1206 2025 illud,
1238 1962 1268 2013 et
1292 1960 1324 2011 ut
1345 1954 1502 2031 figuratum
1531 1954 1761 2031 quadamtenus,
1793 1964 1818 2013 ct
1839 1964 1863 2011 ut

520 2046 550 2101 in
573 2049 655 2101 motu
679 2044 869 2101 constitutum
892 2050 954 2116 est;
983 2044 1053 2117 quia
1075 2059 1128 2117 pro
1151 2041 1314 2118 aptitudine
1338 2040 1447 2118 figurae
1479 2051 1523 2102 est
1545 2050 1575 2102 et
1597 2051 1695 2103 motus
1726 2044 1755 2102 et
1778 2058 1863 2100 sonus.

609 2129 708 2204 Atque
737 2130 810 2189 baec
834 2130 898 2205 jam
924 2129 1017 2190 altera
1046 2133 1140 2203 magis
1170 2128 1291 2189 evidens
1320 2144 1417 2209 causa
1443 2138 1501 2203 est,
1536 2145 1588 2191 cur
1616 2139 1723 2189 natura
1754 2131 1865 2188 hominis

521 2234 659 2277 sonorum
681 2218 866 2293 potissimum
888 2218 1127 2294 proportionibus
1150 2216 1325 2276 harmonicis
1348 2220 1385 2275 eit
1408 2216 1515 2277 dedita.
1561 2218 1659 2278 Fit-n.
1683 2218 1743 2277 hoo
1765 2236 1864 2279 rursum

494 2370 497 2382 ¹
522 2307 561 2365 ob
585 2305 844 2364 conformationem
875 2307 922 2363 sui
952 2307 1099 2381 corporis,
1131 2306 1159 2385 in
1184 2321 1242 2379 quo
1271 2312 1371 2379 guttur
1399 2304 1473 2363 illud
1497 2322 1601 2382 corpus
1629 2314 1690 2379 est,
1724 2305 1803 2381 quod
1824 2320 1866 2379 pro

521 2394 679 2470 superioris
701 2392 748 2450 vel
773 2394 915 2450 interioris
938 2393 1038 2451 circuli
1060 2392 1243 2466 cartilaginei
1266 2394 1295 2449 in
1318 2409 1422 2468 aspera
1445 2394 1550 2461 arteria
1573 2396 1780 2451 constrictione
1802 2410 1866 2449 nuno

521 2480 643 2557 longum
669 2496 746 2537 nuuc
768 2480 857 2539 breve
880 2487 925 2539 est
947 2479 1085 2555 quodque
1108 2480 1267 2556 impulsum
1289 2481 1392 2557 spiritu
1421 2496 1457 2539 ex
1483 2479 1654 2557 pulmonum
1681 2481 1803 2539 lollihus
1825 2496 1866 2537 or·

522 2585 625 2645 presso
653 2569 786 2627 caritate
815 2584 871 2627 sua
899 2565 1004 2647 (ligura
1031 2564 1148 2646 nempe)
1179 2575 1289 2625 motum
1320 2566 1380 2626 edit
1411 2567 1549 2641 similem,
1588 2570 1672 2644 cujus
1704 2577 1736 2627 ot
1767 2568 1866 2645 species

522 2655 630 2716 accidit
653 2655 790 2728 auribus,
820 2662 850 2714 et
871 2656 969 2713 sensio
992 2652 1128 2734 (arteriae
1150 2652 1259 2729 ipsius,
1289 2662 1322 2712 ut
1344 2656 1388 2713 est
1411 2656 1440 2711 in
1463 2664 1545 2713 motu
1568 2654 1740 2735 constituta)
1765 2657 1867 2713 animae

522 2745 660 2803 sentienti
685 2749 803 2818 praesto
827 2749 888 2816 est,
916 2744 1026 2818 qnippe
1055 2742 1111 2800 hoe
1139 2743 1284 2800 communi
1308 2758 1396 2801 sensu
1418 2745 1524 2801 sentire
1556 2730 1614 2816 es't,
1645 2744 1701 2801 lrui
1725 2743 1867 2819 speciebus

521 2832 717 2891 membrorum
749 2831 892 2905 eorporis,
922 2838 954 2888 ut
982 2838 1050 2887 suut
1080 2828 1131 2888 illa
1160 2832 1250 2888 retiis
1277 2830 1381 2889 allecta
1410 2838 1439 2888 et
1470 2831 1554 2905 quasi
1585 2832 1711 2891 incurate
1735 2831 1868 2899 motibust

522 2937 600 2995 quae
622 2920 744 2994 species,
768 2927 802 2975 ut
823 2919 853 2973 in
869 2917 1029 2994 Dinptriois
1050 2915 1205 2993 explicavi,
1230 2918 1382 2992 spirituum
1401 2918 1592 2977 continuitate
1608 2920 1741 2978 teruntur
1757 2937 1775 2977 a
1789 2934 1869 2976 meu·

522 3008 583 3065 bris
607 3006 745 3083 corporis,
770 3006 859 3063 etiam
880 3006 1009 3078 remotis,
1032 3003 1070 3063 ad
1093 3003 1193 3063 sedem
1215 3022 1318 3063 sensus
1341 3007 1512 3065 communis.
1557 3006 1606 3063 Fit
1629 3008 1732 3081 igitur,
1756 3012 1790 3064 ut
1812 3005 1870 3080 quia

522 3094 611 3153 horno
645 3093 747 3151 crebra
779 3093 916 3151 sensione
949 3107 1072 3169 asperae
1096 3108 1167 3151 suae
1199 3094 1323 3151 arteriae
1351 3094 1386 3150 'in
1417 3102 1499 3151 motu
1532 3095 1708 3153 constitutae
1742 3092 1870 3152 combibit

523 3180 621 3241 ideam
644 3177 792 3255 quandam
816 3180 1056 3238 conformationis
1080 3196 1232 3255 corporum
1255 3178 1477 3255 quomodolibet
1496 3184 1673 3255 sonantium,
1697 3181 1778 3241 idem
1801 3186 1870 3238 tanto

523 3267 639 3327 facilins
661 3273 804 3342 agnoscat
834 3274 864 3325 et
886 3266 1029 3340 dijudicet
1051 3270 1135 3341 quasi
1166 3268 1410 3327 conformationes
1434 3282 1586 3343 corporum
1617 3276 1699 3327 extra
1722 3286 1755 3329 se
1786 3275 1871 3327 moto-

525 3372 590 3413 rum
626 3370 721 3429 eoque
750 3362 832 3412 motu
863 3356 976 3411 sonitus
1008 3356 1201 3413 emittentium
1234 3370 1343 3431 eosque
1375 3359 1448 3432 inter
1470 3372 1502 3415 se
1524 3364 1709 3432 comparatos
1742 3356 1780 3415 ad
1803 3356 1871 3430 leges

525 3443 759 3503 harmonicorum
781 3443 1001 3518 proportionum
1024 3442 1178 3521 examinat.

1092 3674 1234 3746 CAPUT
1260 3674 1313 3745 lV.

526 3821 614 3893 Quid
639 3822 863 3878 discriminis
890 3823 937 3878 sit
963 3824 1061 3877 iuter
1086 3820 1289 3875 harmonias
1315 3827 1453 3899 quarto,
1486 3828 1519 3876 et
1551 3822 1750 3878 interillos
1779 3820 1871 3877 tertio

1006 3908 1112 3977 'libjro
1137 3908 1389 3963 consideratas.
1736 3902 1744 3911 “’

613 4054 724 4130 Quanti
745 4073 792 4116 res
814 4058 954 4114 mo'meuti
976 4058 1016 4114 sit
1037 4053 1076 4113 ad
1097 4054 1173 4114 bene
1190 4051 1466 4132 philosophandum,
1491 4053 1671 4133 distinguere
1688 4073 1784 4115 rerum
1801 4054 1869 4121 fines,

527 4147 603 4204 inter
626 4161 657 4202 se
681 4152 807 4221 cognata
829 4144 972 4215 conterre,
1001 4160 1038 4201 ne
1060 4160 1113 4219 pro
1137 4141 1246 4201 iisdem
1265 4141 1437 4215 habeantur,
1465 4146 1601 4218 opposita
1623 4145 1818 4215 committere,
1846 4145 1871 4195 ut

529 4232 720 4304 illustrentur,
751 4232 782 4289 id
804 4222 878 4289 nibil
900 4235 1005 4289 attinet
1026 4230 1152 4305 longiori
1175 4246 1307 4287 sermore
1329 4229 1465 4305 praefari.
1510 4228 1606 4303 Quare
1632 4244 1738 4306 operae
1762 4230 1873 4307 pretium

526 4319 622 4391 luerit,
648 4319 755 4391 omnia,
780 4336 856 4394 qnae
878 4318 1020 4377 hactenus
1043 4316 1082 4375 ad
1104 4316 1160 4374 hoo
1183 4317 1268 4374 utilia
1293 4316 1338 4375 rel
1354 4320 1475 4393 sparsim
1493 4317 1541 4376 vel
1558 4320 1709 4378 obscurius
1725 4320 1773 4378 vel
1789 4318 1871 4375 obiter

527 4406 704 4478 dictasunt,
728 4406 784 4464 sub
798 4422 896 4462 unum
919 4411 1071 4481 aspectum
1093 4412 1254 4481 proponere
1278 4410 1307 4463 et
1328 4404 1422 4462 sicubi
1444 4420 1516 4481 opus
1532 4414 1576 4464 est
1599 4402 1723 4482 amplius
1739 4406 1871 4464 iilustrare

527 4494 624 4570 adque
645 4494 856 4571 praescriptum
881 4495 985 4568 capitis
1001 4492 1107 4550 lemma
1123 4508 1157 4549 en
1174 4492 1305 4567 professo
1321 4492 1549 4551 accommodare.
1596 4492 1776 4569 Quintuplex
1796 4493 1870 4564 igitur

528 4581 682 4640 discrimen
711 4588 755 4639 est
785 4582 861 4638 inter
887 4576 975 4654 hujus
1005 4586 1035 4638 et
1063 4578 1264 4655 praecedentis
1298 4578 1364 4637 libri
1395 4576 1654 4657 contemplationes
1682 4580 1868 4639 harmonicas:

529 4686 620 4728 unum
643 4670 673 4727 in
695 4685 726 4728 re
748 4668 813 4743 ipsa
835 4668 1013 4741 harmonice,
1038 4684 1128 4725 causa
1150 4682 1221 4725 suae
1245 4665 1454 4743 amplitudinis,
1479 4666 1600 4725 alterum
1624 4670 1654 4725 iu
1673 4670 1801 4727 terminis
1816 4664 1869 4739 ejus

529 4756 696 4829 sensilibus,
719 4757 836 4815 tertium
860 4757 889 4811 in
904 4770 1012 4827 ,causa
1036 4771 1112 4829 quae
1136 4753 1273 4813 conciliat
1295 4755 1464 4813 harmoniae
1488 4772 1569 4813 suam
1595 4759 1764 4829 essentiam,
1793 4766 1869 4828 quar·

528 4852 590 4903 tum
612 4846 643 4902 in
665 4843 753 4903 modo
777 4840 938 4915 inessendi,
970 4844 1104 4918 quintum
1127 4844 1156 4899 in
1180 4842 1281 4903 ordine
1303 4856 1473 4914 causarum,
1497 4860 1572 4917 quae
1591 4842 1721 4901 lormant
1743 4842 1866 4903 terminos

527 4933 723 5009 proportionis
744 4931 941 4991 harmonicae.
1577 4934 1580 4940 ’
1673 4920 1698 4948 ”

615 5018 640 5083 1·
664 5018 750 5094 Quod
773 5036 833 5078 rem
856 5020 950 5095 ipsum
973 5016 1086 5087 attinet,
1111 5032 1188 5092 quae
1209 5016 1379 5074 harmonica
1401 5018 1551 5091 proportio
1575 5015 1691 5091 dicitur,
1715 5016 1782 5095 ill-ae
1803 5012 1865 5069 libro

529 5108 617 5165 teru'o
637 5110 771 5182 primum·
786 5116 866 5166 ortae
888 5124 907 5165 a
928 5104 1109 5166 sectionibus
1132 5104 1230 5163 circuli
1258 5117 1309 5179 per
1330 5103 1438 5179 figuras
1461 5104 1609 5180 regulares
1633 5104 1735 5181 planas
1759 5103 1864 5162 dennu-

413 5211 416 5215 ·
529 5190 674 5269 enubilas,
698 5212 765 5263 mon
789 5194 828 5255 ad
849 5202 943 5256 rectas
966 5192 1061 5254 lineas
1084 5191 1243 5253 translatas
1257 5194 1392 5275 interque
1408 5208 1440 5251 se
1454 5194 1628 5251 commissae
1650 5198 1679 5253 et
1695 5192 1863 5269 conjugatae,
