4242 6384
514 791 578 854 114
1029 791 1063 850 tn
1079 788 1254 850 Hermouiam
1270 789 1368 848 hluudt

511 962 628 1020 tioribus
641 969 707 1022 ante
724 977 811 1024 annos
829 969 863 1024 11
890 971 919 1038 (i.
939 975 1012 1040 tte),
1039 977 1068 1026 et
1091 971 1120 1026 iu
1146 971 1214 1026 libro
1237 970 1272 1024 de
1289 969 1374 1026 Stella
1391 969 1469 1024 Nova
1494 971 1559 1024 ante
1576 982 1664 1022 annoa
1683 966 1715 1022 to
1731 966 1767 1034 (tt
1782 967 1836 1031 trag

512 1057 619 1097 rursum
636 1044 665 1098 in
684 1045 775 1100 Tertio
794 1046 993 1114 Interveniente
1010 1055 1075 1105 aute
1092 1051 1207 1106 mnoal
1227 1050 1258 1118 (1.
1271 1052 1341 1117 eoa),
1359 1055 1387 1104 et
1405 1047 1521 1118 deumne
1538 1047 1567 1102 ia
1585 1044 1775 1102 Dissertatione
1789 1061 1837 1098 mn

512 1121 609 1176 nuueio
627 1123 733 1180 sidereo
752 1126 866 1184 Galilaei
883 1135 948 1186 ante
967 1145 1052 1186 annos
1071 1129 1088 1186 d
1115 1134 1155 1190 tlt.
1173 1135 1233 1191 aot)
1251 1145 1306 1184 non
1323 1142 1412 1198 pauca
1427 1125 1560 1192 disserui,
1586 1125 1655 1180 lecit
1679 1131 1766 1179 tamea
1787 1141 1839 1178 uou-

510 1198 646 1256 uullcrum
664 1205 798 1262 cacozelia
815 1213 844 1262 et
860 1207 1002 1277 supinitas,
1020 1216 1051 1263 ut
1070 1209 1152 1263 etiam
1170 1207 1300 1264 hocloco
1318 1207 1356 1264 ait
1371 1205 1475 1275 aliquid
1491 1205 1645 1262 dicandum.

595 1318 698 1378 Notent
715 1323 796 1394 igitur
814 1329 927 1380 saunas
948 1321 1064 1380 studiosi
1090 1332 1145 1380 mm
1172 1323 1250 1385 initia
1267 1339 1348 1392 quam
1366 1337 1527 1392 progressus
1544 1319 1717 1377 inventorum
1733 1326 1759 1375 et
1774 1319 1843 1410 iutro

510 1397 652 1462 dactoruta
668 1403 809 1466 'coronam
836 1407 1003 1474 aspectuum.
1038 1403 1071 1460 Iu
1088 1403 1220 1478 Misterio
1239 1400 1468 1472 cosmographico
1495 1401 1603 1456 ostendi
1626 1416 1664 1456 ex
1690 1399 1844 1458 harmonica

509 1489 612 1550 septem
631 1484 740 1540 omnino
757 1495 818 1540 esse
838 1482 982 1538 divisiones
1006 1481 1125 1540 chordae
1150 1483 1334 1540 harmonicas.
1359 1482 1399 1536 sic
1425 1485 1611 1548 comparatas,
1638 1485 1671 1534 ut
1697 1486 1785 1548 partes
1799 1484 1844 1530 tau

508 1559 578 1616 inter
596 1577 634 1630 se,
653 1579 733 1631 quam
753 1579 813 1622 cum
832 1563 937 1630 integra
954 1561 1056 1616 choris
1073 1569 1231 1618 musoneut
1266 1560 1523 1630 Gumbisaaptem
1539 1558 1721 1614 diridouibaa
1737 1557 1847 1617 chordae,

508 1655 577 1708 quac
594 1639 667 1698 linea
683 1649 758 1697 recta
776 1649 833 1708 est,
853 1639 1096 1696 manuducentibus
1114 1641 1271 1695 Ptolemaeo
1289 1647 1317 1694 et
1335 1638 1458 1694 Gardauo
1477 1637 1655 1692 animadverti
1674 1637 1845 1705 coguadonm

507 1717 675 1774 intercedere
693 1719 805 1776 totidem
825 1715 1000 1774 divisionibus
1018 1719 1112 1772 circuli
1135 1735 1186 1788 per
1211 1717 1420 1787 applicationem
1437 1715 1569 1770 linearum
1586 1722 1740 1778 netarum,
1763 1714 1847 1783 thut

507 1793 610 1862 ligurae
628 1797 766 1864 regulares
783 1797 968 1856 inscribuntur
990 1797 1105 1867 circulo,
1134 1804 1198 1852 aunt
1220 1803 1311 1872 summ
1335 1796 1387 1850 bac
1409 1795 1483 1850 latus
1502 1794 1660 1865 sexanguli,
1687 1794 1761 1850 latua
1780 1794 1846 1862 quia·

507 1874 643 1942 qnanguli,
660 1875 732 1932 latua
750 1877 944 1948 quadranguli,
965 1876 1036 1932 latus
1055 1877 1198 1946 trianguli,
1217 1878 1349 1932 subteaaa
1366 1874 1454 1930 tribua
1471 1875 1588 1944 octavis,
1607 1875 1742 1930 subtensa
1758 1874 1848 1929 duabus

507 1949 609 2018 quintia
635 1955 758 2022 partibus
776 1957 869 2014 circuli
887 1971 943 2015 seu¹
960 1955 1006 2012 uni
1032 1955 1132 2025 angulo
1155 1953 1366 2024 quinquanguli,
1394 1960 1422 2008 et
1447 1953 1587 2010 diameter.
1623 1953 1799 2024 Cognitionis
1813 1951 1848 2004 las

506 2027 575 2084 haec
593 2041 648 2100 est,
677 2034 750 2102 quod
769 2034 885 2090 circulus
902 2033 944 2088 his
963 2041 1069 2104 septem
1097 2034 1183 2090 modis
1207 2031 1309 2091 divisus
1327 2049 1375 2088 seu
1394 2032 1517 2101 signatus
1534 2035 1563 2088 in
1582 2049 1636 2086 una
1654 2032 1781 2102 qualibet
1796 2029 1849 2084 diri

507 2107 583 2165 sione
602 2110 708 2168 duabus
726 2117 806 2186 notis,
826 2131 918 2172 arcum
936 2113 1050 2184 ejusque
1069 2114 1227 2168 subteusam
1244 2113 1460 2181 terminantibus,
1479 2113 1503 2168 si
1520 2113 1687 2168 extendatur
1705 2114 1735 2168 in
1751 2119 1849 2174 rerem

506 2185 635 2244 diremtsa
662 2191 690 2248 in
717 2209 773 2249 uas
798 2203 924 2250 notarum
949 2193 1052 2262 datque
1080 2193 1184 2250 chorda
1197 2201 1234 2250 ‚et
1258 2199 1430 2262 supponatur
1450 2191 1603 2260 magadium
1625 2199 1712 2246 uotae
1730 2189 1849 2264 reliqme:

506 2271 598 2332 partes
625 2272 750 2340 magedio
771 2273 916 2329 distinctae
945 2280 973 2327 ct
996 2274 1069 2330 inter
1089 2289 1120 2328 aa
1142 2281 1170 2326 et
1192 2289 1255 2328 anm
1281 2278 1340 2325 tota
1363 2270 1465 2325 chorda
1490 2277 1650 2324 consonant.
1689 2269 1759 2326 cum
1782 2269 1851 2334 igitur

506 2341 601 2400 harum
620 2359 724 2419 septem
743 2352 835 2408 circuli
854 2351 1024 2422 divisionum,
1042 2353 1266 2423 respondentium
1282 2357 1388 2421 septem
1406 2351 1583 2406 divisionibus
1600 2349 1770 2404 hermonicis
1786 2346 1851 2401 chor·

506 2421 565 2491 dae,
584 2433 700 2494 quatuor
718 2431 784 2498 sint,
804 2447 874 2501 quae
892 2431 1009 2486 formant
1026 2421 1163 2502 aspectus,
1182 2431 1217 2485 ab
1234 2432 1378 2500 astrologis
1397 2431 1537 2486 observari
1553 2429 1659 2500 solitos,
1678 2429 1787 2484 oudinet
1802 2443 1851 2480 scr·

505 2503 657 2574 attuleris,
676 2509 912 2580 qtradraagularla,
932 2511 1106 2584 triangulatio
1125 2519 1152 2568 et
1170 2511 1350 2580 diametralis,
1369 2511 1519 2567 cilicienses
1536 2509 1670 2579 sextilem,
1689 2509 1851 2578 quadratum

505 2581 604 2636 trinum
623 2592 651 2640 et
668 2589 835 2658 oppositum,
864 2597 891 2644 et
915 2607 975 2646 cum
999 2596 1128 2646 constans
1147 2588 1316 2660 experientia
1337 2595 1500 2656 testaretur,
1529 2585 1630 2656 figuras
1647 2587 1702 2658 has
1720 2581 1851 2641 valeresd

504 2657 667 2716 incitandam
685 2673 810 2722 naturum
828 2667 1013 2740 sublunarem,
1039 2672 1146 2740 quoties
1165 2671 1279 2726 duorum
1301 2671 1473 2740 planetarum
1491 2669 1559 2724 radii
1576 2667 1659 2723 talem
1676 2665 1787 2721 zodiaci
1803 2678 1851 2732 ptr·

505 2744 559 2792 tam
577 2739 766 2814 intercipiant,
785 2761 839 2800 nou
857 2747 945 2804 minus
965 2761 1045 2818 qaam
1064 2749 1182 2804 chordae
1201 2749 1346 2806 divisiones
1363 2747 1560 2818 respondentes
1576 2746 1672 2802 valant
1688 2745 1729 2799 ad
1747 2743 1853 2798 ausdter

504 2815 696 2878 demulcendas
714 2837 807 2878 aures:
835 2823 862 2880 in
881 2826 950 2884 hanc
970 2827 1123 2897 opinionem
1141 2827 1252 2898 transii,
1278 2820 1433 2884 Creatorem
1451 2835 1499 2882 aut
1516 2843 1551 2882 ex
1568 2824 1738 2882 harmonicis
1755 2821 1853 2877 rationi

502 2892 553 2950 bus
572 2895 735 2976 desumsisse
752 2901 828 2972 leges
847 2905 1056 2962 ordinandorum
1070 2912 1236 2978 aspectuum,
1254 2913 1302 2963 aut
1320 2905 1354 2964 ad
1373 2906 1507 2964 coelestes
1519 2910 1647 2976 aspectus
1665 2909 1853 2973 attemperate

504 2988 582 3029 aurea
600 2975 745 3048 humanas,
769 2983 1021 3041 concordantiamm
1037 2985 1153 3053 judices.
1188 2986 1256 3041 lude
1273 3002 1336 3041 vero
1355 2985 1531 3056 sequebatur,
1554 2992 1681 3054 oportere
1699 2998 1756 3038 nos
1774 2978 1853 3052 ploret

504 3053 585 3108 etiam
603 3062 632 3110 et
649 3057 757 3112 omniuo
776 3070 881 3128 septem
906 3061 934 3116 in
959 3061 1035 3116 coelo
1055 3065 1200 3119 observare
1218 3073 1346 3135 aspectus
1368 3073 1478 3134 praeter
1495 3063 1732 3132 conjunctionem,
1762 3059 1854 3116 scilicet

503 3131 584 3185 etiam
600 3135 757 3206 quintilem,
783 3135 953 3208 biquiutilem
972 3148 1001 3195 et
1018 3143 1209 3214 sesquadrum3
1236 3145 1317 3200 sicuti
1335 3153 1401 3200 auat
1422 3145 1451 3199 iu
1468 3144 1573 3199 musica
1589 3147 1701 3212 praeter
1719 3141 1854 3196 unisonum

425 3261 427 3266 .
503 3218 608 3280 septem
627 3213 695 3268 aliae
714 3229 794 3270 voees
812 3217 1009 3274 concordantes
1028 3237 1090 3276 cnm
1108 3222 1173 3290 ima,
1200 3223 1322 3292 singulae
1346 3239 1381 3276 ex
1405 3222 1520 3292 singulis
1545 3220 1727 3278 divisionibus
1746 3219 1854 3276 chordae

503 3293 599 3360 ortae,
618 3297 649 3346 ut
666 3292 705 3346 ita
721 3307 804 3348 cansa
822 3311 871 3348 suo
891 3295 999 3352 effectui
1017 3299 1193 3370 adaequetur.
1226 3300 1408 3370 sequentibus
1432 3300 1509 3355 annm
1527 3315 1589 3354 cum
1608 3299 1760 3369 diligenter
1777 3305 1854 3354 acer·

504 3367 594 3422 derem
612 3369 647 3424 ad
666 3370 736 3441 dies,
756 3373 853 3441 quibus
871 3373 941 3428 tales
960 3385 1089 3445 aspectus
1107 3380 1281 3448 contingunt,
1300 3381 1406 3450 quoties
1425 3379 1477 3434 soli
1494 3377 1666 3436 incidebant,
1682 3377 1855 3434 animadverti

503 3446 677 3516 creberrimo,
705 3450 845 3518 quintilem
871 3459 899 3506 et
917 3453 1088 3522 biquintilern
1106 3455 1232 3512 efficaces
1255 3474 1330 3525 asse,
1357 3458 1492 3514 interdum
1515 3459 1598 3512 etism
1615 3457 1788 3526 sesquadrus
1804 3455 1856 3510 a'eaa

503 3525 620 3594 prodere
637 3525 787 3583 videbatur.
825 3529 950 3585 conclusi
969 3529 1067 3602 igitur,
1094 3533 1234 3590 addendos
1252 3553 1312 3592 esse
1330 3546 1385 3593 tres
1408 3538 1459 3591 hos
1478 3543 1607 3604 aspectus
1624 3533 1754 3603 reliquia,
1782 3533 1855 3602 idque

503 3603 538 3657 ad
556 3603 731 3660 Maestlinum
750 3611 777 3669 (1.
797 3612 857 3668 toti
877 3615 904 3662 et
921 3609 1077 3666 Fabricium
1095 3614 1125 3679 (Ι.
1138 3619 1190 3667 too
1208 3633 1228 3666 s.
1247 3619 1308 3687 att)
1326 3615 1472 3685 perscripsi
1490 3621 1518 3669 et
1536 3631 1608 3670 auno
1626 3615 1707 3672 111112Ἰ
1727 3615 1855 3672 hbesrhat

503 3683 536 3738 de
548 3681 744 3746 Fundamentis
760 3687 940 3758 Astrologiae,
960 3690 1059 3760 quibus
1077 3690 1152 3746 illius
1170 3692 1234 3748 anni
1252 3694 1444 3764 prognosticon
1463 3710 1524 3749 sam
1542 3692 1711 3763 complexus,
1721 3691 1856 3761 evulgavi·

501 3763 546 3816 Ex
564 3756 616 3817 boc
634 3764 726 3833 itaque
744 3773 866 3836 tempore
883 3771 1006 3824 certatim
1024 3779 1190 3839 prognostae
1209 3771 1252 3827 hie
1271 3779 1386 3827 utuntur
1410 3773 1576 3842 aspectibus.
1613 3771 1667 3827 Sed
1685 3771 1790 3827 accidit
1806 3770 1855 3839 qui·

501 3839 624 3909 busdam,
644 3850 674 3897 ut
692 3843 946 3914 sesquiquadratum
964 3848 992 3902 iu
1011 3848 1241 3918 semiqaadratum
1259 3850 1431 3920 mutaverint,
1450 3867 1501 3904 seu
1519 3865 1612 3906 errore
1627 3849 1734 3906 librarii
1751 3847 1854 3911 induci

502 3919 558 3973 sive
578 3935 628 3974 sua
644 3921 862 3984 ratiocinatione.
890 3926 946 3982 sive
971 3928 1087 3996 denique
1112 3929 1283 3986 auctoritate.
1320 3931 1389 3993 Nam
1414 3947 1474 3986 cum
1494 3946 1544 3998 ego
1563 3947 1614 3998 pro
1631 3929 1854 3998 aesqulqnadrato

502 3997 643 4054 brevitatis
661 4017 745 4057 causa
762 4003 931 4072 scripsissem
951 4007 1130 4076 sesquadram
1159 4009 1242 4077 (quod
1268 4009 1411 4064 videbatur
1429 4025 1528 4064 sonare
1552 4009 1662 4068 latinius
1675 4025 1766 4078 quam
1783 4009 1854 4062 trioc-

500 4077 574 4147 tilis),
592 4081 780 4150 typographus
802 4083 902 4140 alicubi
919 4087 1007 4155 sigma
1028 4087 1146 4142 medinm
1164 4087 1256 4142 omisit
1274 4089 1463 4158 expressitque
1480 4087 1659 4156 aequadrum;
1678 4093 1709 4142 et
1724 4087 1780 4142 hac
1797 4098 1853 4138 voca

501 4161 617 4212 utuntur
634 4159 716 4214 hodie
734 4159 818 4229 aliqui
836 4179 886 4232 pro
912 4165 1071 4233 sesquadro.
1110 4167 1194 4235 Atqui
1218 4167 1369 4235 sequadras
1391 4174 1471 4221 sonat
1494 4165 1696 4234 semiqusdrum
1714 4181 1766 4220 seu
1784 4162 1854 4219 semi

501 4235 676 4308 quadratum,
704 4245 736 4294 ut
753 4240 853 4296 selibra
870 4243 1048 4314 semilibram,
1076 4245 1214 4300 semodius
1239 4245 1432 4300 semimodium.
1467 4245 1566 4313 Itaque
1588 4238 1640 4299 alii'
1656 4243 1767 4314 decepti
1783 4242 1854 4297 semi
1898 4306 1899 4321 χ

502 4313 659 4384 quadratos,
678 4317 705 4371 id
725 4326 767 4374 eet
784 4321 887 4392 octilee,
906 4331 1065 4392 computant
1082 4341 1132 4394 pro
1152 4326 1318 4394 sesquadria,
1337 4327 1387 4382 45⁹
1403 4341 1453 4394 pro
1471 4325 1546 4380 135⁰.
1577 4323 1656 4391 Quod
1674 4339 1738 4379 cum
1755 4329 1853 4379 ceteros
1898 4336 1899 4393 l

501 4395 651 4452 monuisset
666 4397 771 4454 Marius
796 4401 825 4470 in
846 4403 1019 4470 prognostico
1043 4403 1210 4469 innituit,
1238 4405 1344 4462 exstitit
1365 4414 1456 4461 tamon
1474 4401 1645 4472 astrologus,
1672 4403 1720 4474 qni
1739 4410 1772 4458 ut
1787 4407 1853 4456 recte
1898 4400 1899 4403 ’

501 4470 603 4526 iactura
621 4483 779 4532 constanter
797 4487 929 4550 tueretur,
948 4483 995 4550 qui
1013 4483 1094 4538 etiam
1109 4484 1163 4540 boc
1170 4485 1240 4540 mihi
1257 4485 1366 4553 tribuit,
1379 4501 1414 4540 ex
1432 4499 1492 4540 mea
1504 4476 1641 4540 sententia
1657 4481 1853 4552 semiquadrum

501 4550 707 4640 observandam,
727 4559 800 4624 qnod
813 4575 865 4628 ego
879 4575 933 4614 ron
950 4577 986 4616 ex
1004 4562 1087 4618 animi
1103 4565 1249 4630 aentcmia,
1266 4565 1315 4620 aed
1327 4563 1426 4620 saltem
1442 4571 1474 4619 ut
1490 4563 1671 4631 abjectiorem
1683 4562 1852 4630 acrium
1897 4628 1898 4637 χ

502 4627 611 4683 Scilicet
628 4633 700 4688 ratio
717 4637 850 4704 mesiam
870 4651 902 4692 ex
921 4638 1085 4694 harmonicis
1102 4642 1239 4711 explicata
1256 4659 1310 4698 non
1328 4643 1396 4697 satis
1414 4642 1515 4697 insedit
1531 4642 1664 4697 lectorum
1681 4641 1791 4706 saimir,
1808 4638 1852 4692 ita·

501 4721 554 4774 que
571 4708 686 4786 velutin
700 4715 917 4784 supplementum
936 4718 996 4788 ejus
1015 4729 1158 4775 accersunt
1175 4721 1393 4789 praecellentiam·
1411 4722 1585 4792 semiquadri,
1602 4719 1650 4776 sed
1667 4733 1708 4775 ex
1721 4713 1852 4788 principiis

500 4783 580 4854 lo'nge
599 4787 666 4844 altis.
703 4793 735 4846 ln
753 4794 787 4848 iis
805 4811 869 4848 vero
887 4796 1041 4866 principiis,
1062 4815 1133 4867 quae
1151 4808 1216 4855 tunc
1234 4817 1284 4869 ego
1303 4801 1451 4870 sequebar,
1470 4801 1576 4856 nullum
1593 4799 1685 4854 locum
1702 4795 1798 4876 habuit
1813 4807 1850 4845 se·

500 4863 657 4932 miqnadrus
676 4869 718 4948 vel
736 4871 833 4940 ocellis,
852 4873 903 4928 hoc
921 4882 971 4939 est,
991 4875 1086 4930 divisio
1105 4875 1223 4932 chordae
1242 4885 1358 4948 cognata
1376 4879 1531 4946 octsngulo.
1555 4876 1651 4934 Divisa
1668 4876 1741 4932 enim
1757 4869 1850 4928 chordt

499 4939 527 4993 ln
548 4945 559 4996 1
581 4951 608 4998 et
626 4947 655 5014 7,
683 4947 734 5002 etsi
752 4957 921 5028 segmentum
941 4955 951 5006 l
973 4967 1034 5007 cnm
1053 4961 1112 5008 tota
1130 4956 1147 5010 8
1165 4963 1310 5023 consonat,
1337 4963 1430 5011 tamen
1447 4973 1536 5026 neque
1559 4957 1699 5013 residuum
1717 4957 1735 5010 7
1751 4950 1847 5021 cnm&

500 5032 589 5110 neque
612 5025 626 5078 1
647 5039 707 5081 cum
725 5033 743 5084 7
760 5023 917 5086 consonint.
954 5031 1038 5088 Secus
1061 5039 1104 5088 eat
1127 5033 1156 5088 in
1183 5033 1333 5104 sesquadro
1356 5049 1405 5088 seu
1429 5035 1552 5099 trioctili,
1577 5035 1626 5092 uhi
1643 5033 1804 5091 circuisset
1818 5025 1848 5081 td

499 5113 560 5166 esus
578 5105 731 5174 exemplum
749 5109 852 5164 chorda
869 5109 996 5166 dividitur
1013 5112 1040 5166 in
1059 5113 1116 5166 det
1128 5115 1158 5182 53
1178 5118 1331 5168 consonant
1347 5113 1418 5168 enim
1429 5119 1486 5170 tam
1504 5121 1647 5184 segmenta
1663 5113 1724 5170 iat
1734 5113 1758 5174 b,
1774 5119 1847 5178 qm

500 5185 589 5237 totum
606 5183 625 5241 8
642 5191 670 5241 at
687 5201 748 5245 cum
766 5186 783 5251 3
801 5191 830 5250 et
848 5203 908 5250 cum
926 5187 943 5246 5
963 5195 1104 5248 consonat.
1331 5207 1337 5218 ¹
1715 5223 1720 5230 ·
