4242 6384
497 790 560 853 lbi
1031 784 1074 840 lie
1093 782 1316 854 Propertiombas

497 960 760 1047 usurpaveramus)
782 965 939 1028 interualla
959 980 1090 1026 masona
1112 964 1225 1040 majora
1246 980 1283 1023 cx
1304 963 1466 1023 minoribus
1480 966 1626 1039 consonis,
1650 980 1785 1027 consona
1798 966 1849 1023 mi·

498 1056 581 1113 nima
608 1070 644 1113 ex
672 1054 822 1113 concinnis
844 1061 917 1127 ete,
947 1054 1018 1131 quia
1046 1054 1076 1111 in
1105 1052 1179 1111 baec
1208 1050 1291 1110 uelut
1319 1048 1463 1112 elementa
1492 1050 1712 1128 dissolvuntur,
1745 1062 1777 1112 at
1797 1070 1850 1111 non

418 1212 423 1215 ,
498 1148 634 1202 eousmnt
655 1138 773 1201 diversa
794 1142 869 1199 inter
890 1157 923 1200 se
945 1158 981 1201 ex
1003 1142 1091 1199 unius
1122 1140 1285 1199 communis
1306 1139 1444 1197 minimae
1473 1141 1581 1216 specim
1609 1140 1777 1201 intervallis
1799 1140 1851 1199 sli-

499 1244 588 1307 quam
610 1226 725 1301 multis,
748 1244 804 1287 uec
824 1229 855 1285 in
877 1228 950 1288 talia
973 1227 1096 1286 dissolvi
1118 1233 1250 1304 possunt.

586 1312 730 1390 Quamvis
752 1317 842 1375 etlam
862 1314 993 1375 habeant
1015 1313 1171 1375 intervalla
1198 1325 1328 1372 consona
1350 1328 1456 1373 causas
1485 1322 1642 1390 cognatas,
1670 1331 1735 1373 non
1760 1314 1854 1373 omnia

498 1409 596 1463 tamen
617 1402 762 1474 eandem,
790 1401 842 1462 sed
865 1402 1019 1475 quodlibet
1046 1418 1131 1461 suam
1153 1400 1331 1477 peculiarem
1353 1412 1473 1460 musam
1503 1400 1610 1475 babet,
1642 1396 1816 1462 distinctam
1832 1410 1855 1461 'a

497 1490 594 1549 causis
615 1498 792 1562 ceterarum,
814 1496 848 1549 ut
868 1492 898 1550 in
920 1488 1120 1567 superioribus
1143 1486 1331 1565 explicatum.
1376 1486 1578 1547 Consonantia
1600 1490 1676 1548 enim
1712 1492 1789 1565 ipsis
1810 1490 1854 1546 in·

496 1576 629 1636 teruallis
651 1580 805 1653 competit,
835 1593 893 1635 non
915 1585 949 1635 nt
971 1585 1083 1653 quanta
1104 1582 1173 1635 suut
1195 1574 1378 1651 simpliciter,
1408 1592 1507 1651 neque
1530 1576 1703 1653 simpliciter
1736 1584 1770 1635 ut
1793 1584 1856 1634 suut

496 1662 670 1736 relationes,
698 1663 751 1725 sed
773 1672 806 1723 ut
828 1664 1021 1740 qualitatlrae
1043 1659 1118 1745 (boc
1141 1670 1186 1723 est
1208 1656 1426 1738 quodammodo
1456 1660 1615 1745 figuratae)
1638 1674 1711 1723 sunt
1735 1663 1856 1723 relatio-

496 1766 558 1810 nes.
602 1749 710 1828 Itaque
731 1767 885 1812 commune
907 1754 1036 1828 ipsarum
1058 1752 1209 1809 minimum
1232 1747 1418 1809 intervallum
1434 1752 1610 1811 constituere
1628 1749 1719 1823 velle,
1745 1768 1794 1810 res
1816 1760 1857 1808 est

497 1839 700 1915 impertinens,
732 1853 800 1898 cum
829 1840 979 1897 minimum
1010 1847 1041 1898 et
1069 1840 1229 1897 marimum
1256 1852 1315 1896 uon
1344 1837 1373 1894 in
1397 1836 1595 1913 qualitatiuis,
1624 1838 1676 1897 sed
1708 1839 1741 1897 in
1773 1837 1856 1895 nudis

499 1925 715 2002 quantitatibus
738 1939 897 2001 aammqus
919 1926 1156 2004 proportionibus
1186 1923 1419 1998 considerantum
1450 1923 1580 1984 consona
1609 1942 1696 1997 uero,
1729 1928 1765 1983 ut
1782 1938 1857 1984 con·

498 2028 581 2084 sous,
604 2010 750 2083 dividere,
777 2021 823 2073 est
844 2016 972 2090 speciem
994 2011 1114 2073 abolere
1136 2012 1258 2071 consoni
1279 2018 1383 2091 etpro
1406 2028 1443 2070 ca
1471 2010 1518 2070 rel
1542 2012 1616 2071 alias
1632 2016 1768 2073 ὀοιιεοιιί
1790 2028 1856 2089 spc-

498 2097 558 2159 cies
579 2098 629 2157 vel
651 2100 794 2159 concinna
824 2100 944 2160 dissona
971 2100 1020 2160 rel
1051 2102 1141 2159 etiam
1170 2097 1257 2175 plane
1283 2100 1457 2157 inconcinna
1484 2099 1639 2159 intervalli
1666 2102 1856 2161 constituere.

498 2184 565 2247 Non
587 2184 678 2245 babet
704 2188 793 2263 igitur
815 2187 1001 2247 intervallum
1028 2202 1134 2246 mersas
1162 2192 1215 2244 aut
1236 2184 1381 2245 elementa
1409 2189 1619 2245 consonantiae
1642 2204 1717 2249 surus
1748 2206 1768 2247 a
1790 2202 1856 2263 per-

499 2273 579 2332 tibus
602 2272 695 2332 ueluti
717 2276 885 2353 principiis,
912 2276 989 2333 sicut
1011 2275 1190 2350 quantitates
1217 2272 1495 2333 commensurabiles
1511 2282 1689 2333 accrescunt
1711 2273 1857 2350 multipli-

499 2361 616 2421 catione
638 2363 799 2419 communis
822 2378 977 2421 mensurae
1007 2369 1125 2420 etcum
1148 2359 1363 2420 lnacmcnsura
1388 2354 1446 2419 'sub
1476 2376 1535 2419 uuo
1562 2368 1592 2421 ct
1619 2362 1727 2441 eodem
1751 2377 1855 2437 genere

499 2447 678 2519 consistunt,
699 2445 755 2508 'sed
777 2465 793 2508 e
816 2448 972 2520 contrario,
995 2464 1073 2525 quae
1096 2454 1211 2506 veteres
1233 2464 1286 2523 pro
1309 2448 1456 2524 principiis
1484 2446 1613 2508 babuerc
1643 2449 1855 2509 consonantia·

499 2549 563 2592 rum
587 2528 690 2616 (tonos
711 2542 786 2611 puta
807 2543 838 2596 at
859 2537 1016 2595 semitonia
1038 2542 1069 2595 et
1090 2529 1202 2615 dieses)
1226 2550 1263 2593 ea
1284 2550 1321 2595 ex
1344 2538 1542 2594 consonantiis
1566 2545 1597 2593 ut
1619 2538 1776 2614 principiis
1797 2536 1855 2593 suis

498 2622 634 2697 genuinis
664 2623 805 2681 oriamur.
849 2622 913 2681 Etsi
941 2624 1019 2683 euim
1049 2636 1179 2681 consona
1207 2620 1281 2681 baec
1312 2628 1447 2681 constent
1474 2640 1509 2681 ex
1533 2618 1591 2681 illis
1611 2626 1771 2684 concinnis
1801 2638 1854 2679 nun

499 2710 636 2769 consonis
659 2704 700 2790 (si
724 2710 782 2768 nori
805 2726 842 2770 ex
864 2709 1045 2786 uno-aliquo
1068 2710 1224 2782 cummuni,
1247 2706 1352 2768 saltem
1375 2707 1559 2785 expluribus
1582 2712 1656 2769 inter
1670 2728 1704 2769 se
1729 2710 1854 2769 diversi-

499 2794 586 2855 mode
608 2790 810 2879 compositis),
841 2796 872 2856 id
894 2804 992 2857 tamen
1021 2812 1081 2855 nou
1103 2794 1285 2856 relerendum
1308 2802 1354 2855 est
1381 2794 1419 2855 ad
1443 2798 1537 2872 ipsum
1570 2798 1727 2857 intervalli·
1749 2811 1854 2857 censo·

499 2884 642 2943 nandum.
684 2883 717 2944 et
744 2887 821 2944 enim
853 2887 996 2944 concinna
1022 2882 1212 2943 conciliarent
1240 2882 1397 2943 intervallo
1424 2884 1528 2960 majori
1562 2902 1598 2943 ex
1627 2900 1660 2945 se
1690 2884 1855 2960 composito

498 2987 583 3031 susm
605 2975 842 3042 consonantiam,
871 2988 987 3050 semper
1008 2970 1066 3030 boc
1087 2968 1170 3031 fieret
1191 2972 1221 3027 iu
1245 2986 1420 3046 quacunque
1442 2972 1649 3031 concinnomm
1671 2972 1854 3049 multiplica-

498 3060 589 3129 tione,
612 3066 643 3118 et
663 3064 747 3118 tanto
768 3057 871 3122 melici
893 3066 972 3118 esset
992 3060 1194 3131 consonancie,
1217 3064 1328 3133 quanto
1350 3057 1436 3134 plura
1464 3059 1493 3115 in
1516 3057 1671 3119 interuallo
1699 3061 1854 3120 concinna.

499 3144 534 3204 ld
557 3160 629 3204 reru
650 3144 758 3205 laisum
779 3154 834 3219 est,
856 3162 924 3205 nam
946 3152 980 3204 ut
1000 3145 1076 3204 inira
1098 3144 1261 3217 audiemus,
1286 3144 1347 3207 ¹duo
1371 3146 1431 3204 tobi
1455 3139 1608 3222 compositi
1631 3147 1854 3209 consonantiam

500 3233 707 3305 iaciunt,'tres
730 3234 884 3311 compositi
914 3231 1070 3291 dissonans
1096 3232 1283 3292 intervallum
1312 3234 1501 3292 constituunt.
1545 3231 1633 3308 Quod
1660 3242 1764 3296 autam
1787 3249 1855 3294 con·

500 3334 606 3379 sonum
628 3320 659 3377 in
680 3320 824 3380 concinna
844 3320 965 3381 dissona
986 3317 1063 3379 solvi
1085 3326 1203 3396 potest,
1227 3325 1260 3378 ut
1281 3326 1437 3395 sequetur,
1466 3318 1496 3378 id
1524 3319 1568 3377 illi
1591 3338 1722 3382 consono
1751 3338 1806 3399 per
1827 3334 1854 3377 sc

500 3404 685 3466 considerato
713 3405 803 3485 plane
833 3414 879 3467 est
908 3406 1153 3486 accidentarium,
1180 3406 1271 3482 fitquc
1301 3406 1519 3480 tantummodo,
1550 3416 1696 3484 quatenus
1726 3412 1805 3469 iuter
1826 3420 1855 3464 se

499 3500 705 3571 comparantur
726 3493 812 3571 plura
833 3497 979 3565 cobsona,
1008 3492 1163 3570 quodlibet
1184 3510 1220 3553 ex
1242 3496 1303 3553 suis
1324 3496 1599 3571 ortumprincipiis.

587 3578 737 3641 Concinua
760 3582 850 3657 igitur
872 3579 1029 3640 intervalia
1052 3579 1237 3640 deliniuntur*
1259 3598 1324 3641 csse
1346 3598 1448 3641 omncs
1477 3598 1671 3641 consonomm
1693 3580 1788 3661 duplo
1812 3582 1856 3637 in·

500 3667 626 3729 torcello
648 3669 794 3729 minorum
816 3669 1006 3739 differentiae,
1028 3684 1084 3728 nec
1105 3668 1166 3727 alia
1188 3669 1331 3728 concinna
1351 3670 1455 3745 recipit
1469 3669 1611 3729 naturalis
1627 3670 1754 3730 facultas
1771 3666 1855 3729 andi·

500 3765 557 3827 tus,
581 3772 670 3833 quarn
686 3772 770 3833 'quae
800 3774 837 3817 ex
858 3756 915 3816 bac
936 3756 1138 3816 subtractione
1162 3757 1312 3829 oriuntur,
1341 3764 1376 3814 ιιι
1399 3759 1441 3815 ite
1463 3772 1593 3816 consona
1615 3758 1774 3819 intervalla
1804 3756 1856 3814 ba·

501 3845 590 3907 beant
612 3850 707 3903 ortum
730 3862 767 3905 err
788 3845 950 3921 geometria
972 3850 1002 3903 et
1022 3842 1124 3919 liguris
1146 3840 1438 3917 demonstrabilibus,
1466 3846 1609 3903 concinna
1631 3862 1702 3905 vero
1726 3864 1764 3906 ex
1789 3842 1856 3920 ipsis

501 3932 648 4005 consonis,
670 3933 789 4008 sintque
812 3934 955 3992 concinna
977 3928 1184 3990 inordinati
1208 3946 1356 4004 consona,
1379 3930 1624 4007 quemadmodum
1646 3935 1675 3991 iu
1698 3931 1856 4009 geometris

501 4024 658 4096 apotomae
680 4017 794 4095 (lineas
815 4011 997 4101 ineffabiles)
1011 4018 1090 4077 ‘sunt
1112 4016 1150 4077 ad
1173 4018 1305 4077 cllnbilcs
1327 4020 1477 4095 potentii,
1507 4021 1578 4095 quia
1600 4022 1688 4080 etiam
1712 4020 1783 4081 illae
1806 4016 1856 4077 de·

503 4105 643 4166 finiuntur
664 4108 864 4168 subtractione
885 4106 982 4168 lineae
1006 4105 1132 4166 cilabilis
1155 4106 1193 4164 ab
1216 4104 1325 4165 ellubili
1348 4104 1475 4181 lineat)

589 4292 619 4361 ⁸)
636 4293 669 4347 ln
686 4299 838 4347 erretomm
860 4292 949 4348 indice
973 4292 1009 4347 ad
1027 4293 1178 4363 praemissa
1196 4290 1264 4345 baec
1288 4294 1402 4347 annotat
1422 4286 1572 4361 Kepleiu's:
1594 4292 1695 4349 Teutas
1718 4310 1753 4349 cm
1771 4292 1852 4348 dion·

501 4388 596 4429 sorum
612 4378 764 4442 ιιιιιροιιιιιι
779 4371 886 4427 nobedis
902 4371 1039 4440 collectus,
1063 4378 1095 4428 at
1111 4388 1169 4427 raon
1186 4372 1256 4427 sciis
1273 4376 1338 4441 epte
1354 4374 1531 4443 compositas,
1551 4374 1602 4429 etsi
1617 4388 1683 4429 uera
1699 4373 1794 4429 omnia
1810 4368 1853 4421 lro·

503 4452 559 4519 bet,
581 4449 776 4506 obscuritatem
794 4455 887 4505 maten
904 4464 938 4504 cc
955 4451 1116 4518 conpetens
1134 4450 1388 4521 distiapacndorurn
1410 4458 1436 4507 et
1456 4454 1618 4523 repetitione
1628 4453 1852 4523 propositionum

503 4528 652 4587 mutacio
689 4526 867 4599 emensam
883 4528 1030 4584 diatim
1046 4534 1112 4584 aaut
1125 4530 1211 4584 'incar
1229 4527 1248 4583 l.
1267 4528 1310 4583 Au
1328 4530 1522 4587 consonantiae
1535 4529 1655 4584 balneant
1666 4534 1769 4597 partes,
1788 4534 1852 4593 qaue

502 4609 579 4678 ipsse
596 4622 706 4677 quoque
723 4605 779 4661 unt
795 4607 990 4666 consonantiae
1011 4606 1056 4662 rcl
1074 4606 1170 4661 saltem
1197 4607 1330 4661 concinna
1346 4608 1509 4663 interualla?
1545 4608 1698 4678 Responsio
1721 4614 1761 4663 ast
1778 4608 1852 4663 aaa:

502 4688 530 4743 in
548 4685 732 4745 consonantiis
752 4699 813 4741 esse
830 4684 959 4742 manacta
976 4684 1037 4754 ists,
1056 4685 1144 4754 primo
1163 4685 1376 4755 proportionem,
1394 4702 1451 4741 rem
1461 4686 1659 4755 geometr-icam,
1679 4686 1782 4744 deiude,
1795 4698 1850 4753 pru

503 4765 635 4835 portionis
653 4758 822 4837 qualitatem,
837 4764 1043 4820 mammutium
1060 4762 1161 4833 ipsam,
1184 4762 1362 4832 inquantum
1387 4764 1470 4833 igitur
1492 4772 1556 4821 suut
1578 4764 1785 4837 proportiones,
1809 4776 1849 4815 ex·

504 4842 564 4898 cedi
580 4861 663 4901 uuam
681 4844 716 4900 ab
734 4843 796 4913 aliu,
814 4844 946 4899 minorem
970 4844 1005 4899 ab
1023 4840 1129 4911 maiori,
1152 4850 1180 4895 et
1204 4842 1243 4897 sic
1261 4858 1341 4897 unam
1364 4842 1475 4897 alterius
1500 4849 1607 4913 partem
1628 4858 1689 4899 csse
1706 4859 1802 4915 posse;
1825 4839 1847 4891 in

506 4929 636 4993 quantum
653 4938 717 4977 sero
735 4921 872 4991 quaelibet
889 4918 996 4983 illarum
1014 4918 1174 4989 qualitatem
1193 4919 1384 4977 consonantiae
1407 4922 1513 4991 accepit
1534 4922 1657 4993 afigura
1675 4938 1725 4977 sua
1747 4922 1849 4977 demun·

507 4998 620 5065 atrabili,
637 5017 692 5055 nou
710 4999 833 5055 accidere
851 5000 919 5069 ipsis
936 4996 1167 5069 compositionem.
1204 4998 1373 5067 Argumenta
1395 5007 1459 5053 suut
1480 5000 1545 5055 ista:
1573 5000 1597 5055 i.
1617 5000 1728 5071 Species
1748 5010 1778 5056 ut
1794 5012 1848 5069 spe·

508 5076 563 5135 cies
576 5077 749 5147 ,indivisibilis
766 5086 795 5135 et
811 5094 868 5135 uns
886 5086 936 5137 est
972 5078 996 5135 2,
1015 5076 1137 5146 Speciem
1157 5076 1299 5133 constituit
1316 5092 1399 5135 causa
1417 5094 1480 5149 sua;
1500 5087 1529 5136 at
1546 5074 1650 5136 causae*
1663 5081 1734 5137 inter
1745 5096 1774 5136 ss
1792 5080 1849 5134 suut

508 5153 652 5212 distinctae
669 5156 835 5228 singularum
853 5158 1123 5224 concordantiamm3
1147 5156 1230 5225 igitar
1252 5158 1373 5226 stipans
1391 5157 1606 5213 ‘concordantiae
1632 5166 1727 5213 contra
1745 5174 1774 5213 sc
1792 5158 1848 5213 suni

508 5228 652 5295 niumm
668 5236 772 5310 menie,
790 5230 841 5293 neb
857 5246 951 5308 potest
968 5234 1167 5307 dissolriuna,
1191 5242 1222 5292 ut
1238 5235 1332 5305 maior,
1351 5234 1378 5291 iu
1397 5234 1464 5292 alias
1483 5252 1549 5295 suae
1567 5237 1683 5308 speciei,
1708 5244 1739 5293 ut
1755 5241 1844 5311 partes,
