4242 6384
540 775 605 836 310
932 769 975 824 De
992 768 1115 824 Motibus
1132 765 1309 824 Planetarnm
1327 769 1507 826 Harmonicis.

542 945 678 1002 Saturnus
695 948 814 1014 nunnae
831 959 884 998 suo
899 950 976 999 motu
994 941 1128 1012 diapason
1145 941 1237 998 rmus
1255 958 1317 998 cunr
1335 941 1430 998 modiis
1447 944 1521 1000 lator
1538 946 1554 1000 3
1572 951 1602 1000 et
1619 947 1636 1001 h
1652 945 1819 1012 harmonicis,
1833 949 1867 1002 ssi

543 1032 574 1080 nt
592 1029 620 1077 et
638 1039 699 1078 cum
718 1023 734 1078 3
753 1021 854 1077 Terrae
872 1027 980 1078 etcum
997 1023 1014 1077 5
1033 1021 1147 1078 Veneris
1161 1020 1332 1078 ,concordent
1349 1022 1408 1091 ejrns
1426 1029 1531 1090 motus,
1551 1039 1667 1082 nocesm
1684 1031 1741 1094 est,
1759 1035 1787 1081 ut
1801 1045 1869 1088 cornu

543 1103 615 1158 alter
632 1118 693 1156 oum
715 1101 803 1157 altero
826 1101 1016 1165 terminorum,
1041 1116 1079 1157 so.
1105 1117 1167 1156 cum
1185 1117 1240 1156 uno
1258 1099 1392 1156 dintornm
1414 1101 1587 1178 planetarum
1610 1104 1734 1172 ipsorum
1756 1111 1871 1165 concordet

543 1180 672 1249 identice,
696 1197 747 1239 seu
768 1196 818 1252 per
839 1180 946 1249 aliquot
968 1180 1110 1250 diapason.
1145 1181 1213 1236 Ilum
1239 1187 1329 1236 sutem
1355 1181 1569 1250 praestantiores
1594 1182 1650 1238 aiat
1672 1182 1814 1255 identicac,
1835 1199 1872 1244 sn·

546 1259 664 1316 tuendae
682 1267 763 1315 eruut
781 1261 862 1314 suam
880 1260 952 1315 inter
970 1266 1092 1314 extrema
1111 1267 1234 1314 motuum
1253 1260 1465 1328 praestantiora,
1493 1275 1531 1315 so.
1549 1261 1622 1316 iuter
1637 1261 1775 1330 ephebos,
1791 1267 1874 1334 quiret

544 1339 670 1409 principii
693 1339 783 1392 locum
809 1338 934 1394 obtinent
961 1339 996 1392 ob
1015 1337 1195 1411 elevationem
1220 1338 1390 1409 planetarum
1417 1345 1445 1392 et
1468 1337 1637 1394 harmoniam
1657 1339 1707 1410 il„
1734 1341 1768 1396 de
1791 1358 1837 1412 uns
1856 1359 1882 1412 n,

543 1417 647 1486 majore
665 1414 782 1471 Telluris
805 1423 834 1471 et
850 1415 966 1472 Venerit
989 1433 1062 1472 nuuc
1085 1417 1202 1485 agimus,
1230 1417 1369 1486 propriam
1395 1415 1448 1470 sibi
1466 1415 1667 1484 quodammodo
1692 1427 1722 1475 et
1748 1438 1875 1490 campros

545 1495 669 1564 rogatira
692 1495 838 1551 vindicant.
875 1495 937 1551 Etsi
961 1496 1032 1551 enim
1057 1497 1200 1550 harmonia
1223 1495 1278 1554 ista
1295 1493 1377 1550 etiam
1396 1493 1529 1566 perihelio
1547 1495 1663 1552 Veneris
1687 1508 1717 1552 ct
1735 1500 1818 1569 aliquo
1833 1501 1877 1554 Trl-

545 1577 613 1632 lnrin
630 1575 792 1630 intermedio
811 1577 1019 1646 compotitper
1036 1575 1079 1646 22,
1098 1581 1127 1630 nt
1145 1575 1249 1630 Initium
1267 1573 1300 1628 fic
1316 1591 1333 1630 a
1350 1581 1473 1628 motuum
1490 1575 1628 1643 extremis,
1647 1583 1741 1632 motus
1753 1579 1878 1633 intermedii

547 1662 622 1713 stant
644 1661 709 1724 post
731 1653 873 1724 priucipia
909 1655 972 1709 Jnrn
998 1671 1059 1710 cum
1086 1670 1121 1710 cr
1146 1653 1232 1710 altera
1250 1660 1328 1723 parte
1354 1651 1503 1708 habeamus
1523 1653 1633 1707 Saturni
1656 1642 1784 1711 alti'ssimi
1800 1665 1878 1710 motus

546 1735 693 1806 ophelium,
712 1749 746 1788 ex
766 1735 853 1789 altera
870 1741 949 1804 parto
967 1751 1028 1790 cum
1046 1734 1094 1790 illo
1113 1732 1283 1806 copulandus
1301 1733 1353 1789 erit
1370 1731 1495 1803 aphelin‘s
1509 1731 1628 1787 Telluris
1646 1735 1744 1804 potius
1763 1737 1877 1805 quamve

546 1814 633 1881 neris,
660 1813 724 1881 qnia
750 1815 848 1870 horum
866 1813 992 1881 duorum,
1017 1829 1105 1881 genus
1127 1813 1285 1868 harmoniae
1304 1811 1541 1880 distinguentium,
1565 1811 1614 1866 ills
1630 1811 1734 1868 iteruin
1758 1825 1799 1870 ost
1813 1817 1877 1876 aldor

547 1894 600 1949 Est
618 1898 646 1946 ct
664 1892 718 1946 alia
735 1893 848 1963 propior
864 1901 960 1956 causa,
978 1891 1052 1960 qnod
1071 1892 1191 1946 rationes
1210 1893 1394 1960 posteriores,
1412 1890 1440 1944 iu
1460 1889 1558 1959 quihus
1573 1891 1632 1960 jam
1650 1901 1807 1962 venamur,
1824 1893 1879 1946 dero·

548 1979 614 2044 pant
631 1971 740 2040 quidem
758 1971 908 2042 prioribus,
928 1970 976 2024 sed
995 1977 1102 2025 tantum
1120 1971 1193 2026 circa
1211 1971 1336 2042 minima,
1356 1972 1429 2042 quod
1447 1977 1491 2026 est
1508 1969 1536 2026 ln
1553 1969 1715 2040 harmonice
1734 1971 1804 2026 circs
1820 1973 1879 2026 intur

547 2051 620 2106 vaila
638 2051 762 2106 omnihus
780 2050 920 2107 concinnis
937 2050 1052 2104 miuora.
1090 2051 1142 2105 Sed
1162 2065 1213 2120 por
1230 2051 1348 2106 rationes
1367 2051 1472 2121 priores
1491 2065 1544 2104 non
1563 2049 1695 2118 Veneris,
1720 2049 1772 2105 aed
1790 2049 1882 2104 Telluris

548 2128 674 2200 apbeiius
691 2129 892 2199 approximabit
909 2128 1066 2183 harmoniae
1084 2128 1216 2198 diapason
1234 2129 1347 2200 aliquot,
1366 2145 1428 2186 cum
1442 2129 1553 2184 Saturni
1565 2129 1677 2198 spiselis
1690 2127 1882 2185 constituendae

549 2208 652 2275 Collige
670 2210 742 2268 enim
759 2210 788 2263 iu
806 2224 888 2262 unam
906 2222 1038 2264 summam
1064 2207 1151 2276 primo
1169 2209 1307 2278 propriam
1327 2207 1534 2266 Saturninomm
1553 2217 1676 2264 motuum
1701 2207 1882 2277 proportionem

549 2296 595 2358 Ἃ,
619 2289 648 2345 id
665 2298 708 2347 est
725 2290 762 2347 ab
778 2285 888 2356 aphelio
906 2286 935 2339 iu
953 2285 1114 2355 perihoIinm
1133 2286 1256 2356 Saturni,
1279 2303 1313 2342 ex
1340 2305 1382 2358 pr,
1401 2288 1448 2356 ll,
1475 2286 1595 2342 secundo
1613 2285 1834 2356 consurgentium
1849 2284 1882 2336 Ss-

549 2371 623 2426 turni
641 2378 669 2426 et
686 2369 763 2426 JorIs
784 2370 830 2434 72,
848 2365 875 2420 id
895 2372 938 2421 est
955 2382 973 2419 a
989 2357 1160 2439 periboliol')
1189 2365 1224 2420 ad
1242 2364 1379 2434 ophelium
1402 2357 1450 2446 ii,
1470 2380 1504 2420 ex
1516 2381 1557 2432 pr.
1570 2361 1595 2431 8,
1615 2365 1698 2419 tertio
1710 2363 1882 2430 divergentiuu

506 2505 511 2514 ,
553 2443 639 2530 ‘liet
662 2451 688 2514 (ς
719 2448 763 2516 il„
781 2446 809 2500 id
828 2443 918 2500 catab
936 2444 1046 2514 aphelio
1070 2432 1152 2524 (liud
1176 2443 1336 2514 periheIium
1360 2445 1402 2514 0¹,
1421 2459 1456 2499 ex
1474 2461 1516 2513 pr.
1538 2445 1584 2512 li,
1618 2451 1718 2511 quarto
1747 2457 1882 2509 consurges

550 2531 619 2585 nium
636 2528 734 2585 Martis
753 2532 781 2579 et
792 2523 912 2578 Telluris
931 2521 973 2590 Ἀ,
990 2523 1020 2578 id
1038 2530 1080 2578 est
1099 2537 1116 2577 a
1132 2519 1266 2594 pcrihclio
1281 2523 1378 2578 Marus
1397 2523 1431 2577 ad
1450 2521 1589 2594 ophelium
1602 2522 1735 2592 Telluris,
1755 2537 1788 2576 es
1806 2537 1840 2590 pr.
1854 2521 1882 2573 li:

549 2607 733 2670 accumulabis
750 2604 822 2660 iuter
839 2601 977 2671 ephebum
996 2601 1106 2656 Saturni
1125 2609 1152 2655 ct
1169 2601 1306 2672 ophelium
1325 2595 1442 2656 Telluris
1461 2601 1664 2672 proportionem
1687 2603 1750 2670 ¹1³0,
1769 2602 1811 2654 cni
1829 2597 1882 2654 deos

549 2707 604 2748 non
627 2687 795 2758 plusquam
814 2683 885 2750 ¹⁰s32,
912 2677 940 2734 id
964 2687 1007 2735 ost
1034 2681 1088 2750 sti„
1116 2697 1165 2736 seu
1184 2681 1369 2750 semitonium,
1396 2695 1450 2750 quo
1475 2681 1567 2735 minus
1591 2681 1627 2736 sit
1650 2681 1695 2752 h„
1722 2696 1774 2736 seu
1791 2679 1882 2748 quinque

550 2771 691 2840 diapason.
726 2764 823 2832 Itaque
842 2760 864 2815 si
883 2759 1064 2828 semitonium,
1082 2760 1111 2816 iu
1129 2760 1278 2830 particulas
1296 2760 1405 2814 minimo
1425 2761 1557 2814 concinno
1576 2762 1696 2816 minores
1710 2769 1822 2822 sectum,
1838 2769 1882 2823 qun·

549 2834 674 2903 tuor'his
691 2839 833 2897 elementia
851 2837 975 2901 sonatur.
994 2837 1118 2907 perfecta
1136 2839 1188 2892 crit
1205 2839 1277 2894 Inter
1294 2837 1451 2908 propositos
1471 2837 1582 2893 Saturni
1599 2845 1627 2893 et
1644 2837 1769 2906 Telluris
1787 2833 1882 2903 apheliot

549 2924 692 2982 harmonia
715 2917 985 2990 pentalrisdiapaaon.
1021 2921 1058 2971 At
1084 2923 1115 2971 ut
1132 2917 1204 2971 idem
1228 2915 1352 2986 orphellus
1369 2915 1482 2972 Saturni
1504 2933 1565 2971 cum
1584 2917 1693 2986 'aphelio
1712 2915 1824 2970 Veneris
1844 2911 1882 2963 ils·

551 3020 640 3076 puson
657 3001 762 3069 aliquot
779 2998 894 3068 iaceret,
919 2996 1087 3065 oportuisset
1105 2995 1256 3052 rationibus
1274 2995 1412 3066 prioribus
1430 2992 1567 3066 iutegrnm
1585 2995 1643 3050 iere
1665 2995 1835 3052 diatessaron
1850 2989 1882 3042 ιη’·

550 3078 629 3154 pere,
657 3079 749 3135 addito
767 3076 838 3131 enlm
857 3076 903 3144 is„
930 3073 1002 3144 quod
1022 3082 1065 3128 est
1082 3073 1153 3130 iuter
1171 3074 1294 3142 aphelios
1313 3073 1430 3129 Telluris
1453 3083 1480 3128 et
1497 3075 1625 3144 Veneris,
1648 3075 1684 3131 ad
1710 3087 1837 3130 summam
1856 3071 1882 3136 u„

552 3180 586 3218 cx
605 3169 722 3231 quatuor
739 3157 875 3227 prioribus
894 3153 1036 3209 elementis
1054 3155 1213 3222 conflatam,
1238 3153 1375 3224 colligitur
1388 3161 1522 3224 tanquam
1545 3167 1581 3207 er
1598 3153 1739 3222 prioribus
1761 3151 1882 3208 annulo

439 3239 443 3242 ’
550 3243 624 3297 intur
641 3235 765 3308 aphelim
783 3233 893 3290 Saturni
922 3239 950 3286 et
967 3233 1082 3288 Tenem
1105 3233 1163 3302 'isos
1187 3233 1261 3302 quod
1284 3232 1455 3288 intervallum
1476 3231 1568 3288 differt
1590 3231 1624 3286 ab
1645 3233 1703 3301 ½„
1728 3227 1882 3301 perunctio

552 3334 648 3390 panon,
666 3330 717 3384 per
734 3313 811 3381 ”loos
828 3312 882 3366 boc
900 3318 942 3365 est
959 3325 1009 3378 por
1029 3311 1098 3380 Ἃ,
1116 3311 1189 3382 quod
1209 3319 1251 3368 cst
1268 3311 1397 3382 diapente
1415 3327 1477 3368 cum
1494 3311 1574 3378 diesi3
1599 3317 1628 3366 et
1644 3310 1679 3366 ab
1698 3306 1882 3372 hexalrisdiapa

555 3413 607 3454 son
630 3409 679 3450 seu
701 3393 744 3462 ¹1„
761 3389 854 3446 differt
870 3405 922 3459 per
939 3389 1013 3458 Ἥ,
1037 3389 1111 3459 duod
1128 3397 1172 3444 cst
1191 3391 1262 3460 iliu,
1288 3407 1337 3446 sen
1356 3391 1528 3446 hscessssou
1549 3383 1638 3444 minus
1662 3405 1718 3444 uua
1737 3385 1811 3442 diesi
1842 3385 1882 3439 h'on

552 3476 637 3546 igitur
660 3472 732 3526 inter
749 3468 864 3524 Veneris
888 3476 918 3522 et
935 3467 1063 3532 Saturni,
1087 3467 1135 3522 aed
1154 3468 1232 3524 Inter¹
1244 3465 1361 3524 Telluris
1386 3475 1414 3522 et
1433 3465 1543 3522 Saturni
1561 3467 1684 3536 ephebos
1708 3465 1827 3522 identics
1842 3463 1882 3516 hor·

497 3540 503 3559 ⁸
553 3551 645 3610 monita
663 3547 747 3605 statui
765 3545 873 3614 debuit,
892 3553 924 3600 ut
941 3546 1059 3599 Saturno
1078 3561 1139 3599 cum
1157 3545 1263 3601 Venere
1281 3546 1450 3602 diuersisouu
1468 3544 1609 3600 harmonia
1625 3541 1754 3601 restaru.

555 3643 561 3652 ‘
646 3639 876 3715 Propositio
904 3635 1046 3695 XXXII.
1101 3636 1134 3696 In
1159 3636 1319 3696 harmoniis
1343 3638 1532 3714 planetarum
1555 3640 1775 3700 universalibus
1796 3631 1882 3713 generi

553 3729 779 3894 fflligotlunitms
809 3724 928 3821 Saturni
955 3722 1044 3800 plano
1065 3724 1200 3802 aphelius
1232 3741 1297 3785 cum
1321 3727 1426 3786 ceteris
1451 3727 1577 3804 planctls
1600 3737 1709 3792 »exacto
1733 3720 1882 3787 concorden

537 3932 541 3942 ·
619 3917 709 3992 ‘Ilum
727 3915 821 3971 Tellus
845 3920 921 3970 motu
946 3929 996 3968 suo
1020 3914 1130 3984 aphelio
1156 3915 1189 3970 ad
1213 3911 1380 3968 harmoniam
1404 3903 1584 3971 universalem
1608 3916 1715 3985 generis
1742 3913 1826 3970 mollis
1847 3921 1882 3962 uon

540 3997 702 4066 -cuncnrrit,
726 3995 790 4064 qiua
807 3992 910 4063 aphelii
927 3993 1046 4049 Telluris
1065 4001 1092 4050 ct
1111 3995 1224 4050 Veneris
1241 3996 1345 4050 iaciunt
1369 3994 1541 4050 intervallum
1561 3993 1608 4064 il„
1633 3994 1744 4062 generis
1761 3991 1832 4056 durii,
1851 3999 1882 4056 pn

552 4068 594 4148 pr.
615 4079 657 4132 17.
692 4076 827 4129 Saturnus
845 4090 909 4128 sero
928 4073 1037 4143 aphelio
1055 4089 1106 4130 suo
1131 4076 1197 4132 iacit
1213 4067 1358 4138 identic'am
1376 4075 1543 4129 harmoniam
1567 4091 1627 4130 cum
1652 4073 1763 4144 aphelio
1782 4066 1882 4126 Telluris

507 4199 512 4208 .
553 4161 604 4226 per
621 4172 662 4224 pr.
682 4155 723 4208 31.
758 4154 833 4222 Ergo
852 4143 942 4223 nequ'e
960 4155 1094 4212 Saturnus
1113 4147 1222 4222 aphelio
1241 4169 1291 4208 suo
1310 4163 1385 4209 motu
1404 4152 1550 4210 concurrit.
1587 4152 1717 4208 Succedit
1739 4159 1826 4209 tamen
1841 4148 1882 4200 loco

540 4233 654 4303 ‘aphelii
666 4229 762 4286 motus
780 4231 912 4286 intensior
929 4229 1028 4299 aliquia
1046 4230 1158 4286 Saturni
1176 4240 1275 4300 motus,
1294 4232 1559 4302 aphelioproxImus,
1578 4232 1612 4286 acl
1626 4249 1713 4301 genus
1726 4232 1804 4288 etiarn
1816 4223 1882 4286 mollo

552 4320 584 4367 ut
602 4326 661 4380 cap.
681 4313 706 4364 7.
725 4309 859 4379 apparuit.
1508 4339 1510 4342 -

570 4432 575 4444 ·
641 4401 865 4479 Propositio
889 4400 1045 4460 XXXIII.
1083 4401 1205 4459 liuram
1226 4399 1442 4463 harmoniarum
1473 4410 1502 4462 ct
1531 4401 1630 4484 scalae
1653 4407 1782 4464 musicae
1811 4407 1882 4474 genui

556 4499 602 4553 eat
623 4487 767 4550 lumitate
789 4488 918 4546 motibus
941 4487 1081 4564 apheliIs,
1105 4487 1194 4548 molle
1216 4489 1375 4565 petheliis.

640 4573 711 4628 Nam
729 4569 782 4624 etsi
800 4569 869 4624 dura
886 4569 1061 4624 constituitur
1087 4569 1228 4626 harmonia
1244 4571 1315 4630 inter
1333 4571 1449 4628 Telluris
1474 4583 1528 4627 uon
1555 4571 1691 4641 nobellum
1714 4577 1815 4629 tontum
1837 4577 1882 4619 cun

554 4651 669 4710 Veneris
688 4647 805 4726 aphelio,
824 4648 873 4704 sod
891 4649 972 4704 etiam
988 4648 1059 4703 inter
1077 4649 1195 4706 Telluris
1213 4658 1303 4706 motus
1322 4651 1444 4721 apheIIos
1463 4649 1606 4705 interiores
1629 4666 1690 4704 cum
1708 4649 1816 4706 Veneris
1830 4639 1881 4698 infe·

554 4732 670 4802 rioribus
688 4729 821 4800 usquein
840 4727 899 4796 ejus
918 4727 1093 4797 periheIIum,
1117 4735 1145 4782 et
1162 4729 1281 4784 vicissIm
1298 4730 1388 4796 mollis
1407 4729 1547 4784 harmonia
1565 4721 1619 4784 uon
1639 4735 1747 4784 tantum
1765 4729 1829 4783 iuter
1844 4719 1881 4806 Vt‘

546 4799 628 4868 “nerle
647 4807 808 4880 perihelium
827 4823 887 4861 cum
906 4805 1024 4860 Telluris
1041 4805 1189 4877 periheh'o,
1214 4808 1262 4864 sed
1280 4807 1362 4878 etlam
1380 4808 1452 4863 inter
1466 4807 1580 4863 Veneris
1600 4807 1754 4877 superiores
1772 4816 1847 4874 usque
1860 4811 1879 4886 {ss

511 4885 515 4894 '
534 4888 692 4960 ¹ophelium
711 4902 772 4941 cum
791 4881 909 4939 Telluris
927 4883 1127 4954 superioribus,
1146 4901 1195 4957 per
1212 4904 1252 4958 pr.
1272 4887 1318 4944 27:
1342 4887 1454 4960 propria
1472 4888 1561 4944 tumen
1579 4893 1607 4942 et
1623 4887 1736 4954 evidens
1754 4883 1878 4951 designato

554 4967 661 5037 generis
685 4966 717 5020 fit
733 4971 840 5020 tautum
858 4964 986 5019 extremis
1005 4964 1158 5036 utriusque,
1182 4982 1231 5040 per
1249 4984 1290 5036 pr.
1309 4967 1351 5022 20.
1369 4973 1399 5021 et
1416 4966 1459 5022 24.
1495 4967 1611 5038 Propria
1629 4965 1712 5040 igitur
1738 4965 1795 5022 duri
1812 4955 1878 5024 delii·

555 5044 630 5101 nscio
649 5053 691 5100 est
708 5052 814 5100 tantum
831 5044 859 5099 In
878 5043 993 5114 apheliis
1010 5045 1143 5114 motibus,
1162 5045 1272 5116 propria
1290 5045 1380 5102 mollis
1398 5051 1505 5102 tantum
1522 5045 1550 5104 in
1567 5045 1715 5118 periboliis.

642 5123 875 5215 Propos'itio
899 5133 1052 5199 XXXIV.
1089 5138 1212 5212 ‘Durum
1229 5154 1326 5214 *genus
1348 5137 1522 5200 tamillarIus
1536 5146 1590 5210 ¹ost
1611 5137 1748 5215 planatae
1770 5137 1796 5194 iu
1816 5141 1876 5192 con·

548 5225 720 5308 paratione
737 5224 860 5290 duorum
881 5226 1041 5308 repertori,
1064 5223 1153 5288 ruoilo
1174 5224 1310 5290 sueton.
1668 5235 1675 5248 ·
