<?xml version="1.0" encoding="UTF-8"?>
<!DOCTYPE html PUBLIC "-//W3C//DTD XHTML 1.0 Transitional//EN"
    "http://www.w3.org/TR/xhtml1/DTD/xhtml1-transitional.dtd">
<html xmlns="http://www.w3.org/1999/xhtml" xml:lang="en" lang="en">
 <head>
  <title>
</title>
<meta http-equiv="Content-Type" content="text/html;charset=utf-8" />
  <meta name='ocr-system' content='tesseract 3.04.00' />
  <meta name='ocr-capabilities' content='ocr_page ocr_carea ocr_par ocr_line ocrx_word'/>
</head>
<body>
  <div class='ocr_page' id='page_1' title='image "./joanniskepleria20frisgoog/joanniskepleria20frisgoog_0217.png"; bbox 0 0 4242 6384; ppageno 0'>
   <div class='ocr_carea' id='block_1_1' title="bbox 705 790 1594 863">
    <p class='ocr_par' dir='ltr' id='par_1_1' title="bbox 705 790 1594 863">
     <span class='ocr_line' id='line_1_1' title="bbox 705 790 1594 863; baseline 0.01 -16"><span class='ocrx_word' id='word_1_1' title='bbox 705 790 789 848; x_wconf 79' lang='lat' dir='ltr'><strong>biber</strong></span> <span class='ocrx_word' id='word_1_2' title='bbox 804 790 854 848; x_wconf 90' lang='lat'>111.</span> <span class='ocrx_word' id='word_1_3' title='bbox 871 791 1009 863; x_wconf 58' lang='lat' dir='ltr'><strong>Diversis</strong></span> <span class='ocrx_word' id='word_1_4' title='bbox 1024 790 1142 862; x_wconf 86' lang='lat' dir='ltr'><strong>politice.</strong></span> <span class='ocrx_word' id='word_1_5' title='bbox 1531 791 1594 856; x_wconf 72' lang='lat'><strong>203</strong></span> 
     </span>
    </p>
   </div>
   <div class='ocr_carea' id='block_1_2' title="bbox 231 960 1676 5323">
    <p class='ocr_par' dir='ltr' id='par_1_2' title="bbox 231 960 1596 1661">
     <span class='ocr_line' id='line_1_2' title="bbox 234 960 1595 1049; baseline 0.003 -25"><span class='ocrx_word' id='word_1_6' title='bbox 234 966 336 1027; x_wconf 89' lang='lat' dir='ltr'><strong>dinam</strong></span> <span class='ocrx_word' id='word_1_7' title='bbox 374 972 460 1031; x_wconf 90' lang='lat' dir='ltr'><strong>inter</strong></span> <span class='ocrx_word' id='word_1_8' title='bbox 487 986 639 1049; x_wconf 78' lang='lat' dir='ltr'><strong>personam</strong></span> <span class='ocrx_word' id='word_1_9' title='bbox 668 978 697 1031; x_wconf 89' lang='lat' dir='ltr'><strong>et</strong></span> <span class='ocrx_word' id='word_1_10' title='bbox 720 970 824 1031; x_wconf 82' lang='lat' dir='ltr'><strong>idaiae</strong></span> <span class='ocrx_word' id='word_1_11' title='bbox 851 970 944 1030; x_wconf 88' lang='lat' dir='ltr'><strong>eidem</strong></span> <span class='ocrx_word' id='word_1_12' title='bbox 973 968 1096 1047; x_wconf 84' lang='lat' dir='ltr'><strong>injuriae</strong></span> <span class='ocrx_word' id='word_1_13' title='bbox 1119 960 1291 1043; x_wconf 84' lang='lat' dir='ltr'><strong>vindictam,</strong></span> <span class='ocrx_word' id='word_1_14' title='bbox 1321 984 1387 1028; x_wconf 87' lang='lat' dir='ltr'><strong>rara</strong></span> <span class='ocrx_word' id='word_1_15' title='bbox 1415 973 1512 1029; x_wconf 88' lang='lat' dir='ltr'><strong>tamen</strong></span> <span class='ocrx_word' id='word_1_16' title='bbox 1542 976 1595 1044; x_wconf 89' lang='lat' dir='ltr'><strong>est,</strong></span> 
     </span>
     <span class='ocr_line' id='line_1_3' title="bbox 233 1056 1594 1136; baseline 0.002 -24"><span class='ocrx_word' id='word_1_17' title='bbox 233 1057 403 1131; x_wconf 84' lang='lat' dir='ltr'><strong>plurimum</strong></span> <span class='ocrx_word' id='word_1_18' title='bbox 439 1059 568 1117; x_wconf 81' lang='lat' dir='ltr'><strong>vicissim</strong></span> <span class='ocrx_word' id='word_1_19' title='bbox 596 1062 627 1118; x_wconf 91' lang='lat' dir='ltr'><strong>in</strong></span> <span class='ocrx_word' id='word_1_20' title='bbox 656 1060 759 1136; x_wconf 91' lang='lat' dir='ltr'><strong>poenis</strong></span> <span class='ocrx_word' id='word_1_21' title='bbox 786 1057 934 1118; x_wconf 89' lang='lat' dir='ltr'><strong>homicidii</strong></span> <span class='ocrx_word' id='word_1_22' title='bbox 963 1058 1164 1134; x_wconf 88' lang='lat' dir='ltr'><strong>aequalitatis·</strong></span> <span class='ocrx_word' id='word_1_23' title='bbox 1178 1056 1390 1131; x_wconf 76' lang='lat' dir='ltr'><strong>autumatione,</strong></span> <span class='ocrx_word' id='word_1_24' title='bbox 1426 1058 1594 1133; x_wconf 87' lang='lat' dir='ltr'><strong>praesertim</strong></span> 
     </span>
     <span class='ocr_line' id='line_1_4' title="bbox 234 1144 1595 1223; baseline 0.004 -25"><span class='ocrx_word' id='word_1_25' title='bbox 234 1147 309 1201; x_wconf 83' lang='lat' dir='ltr'><strong>inter</strong></span> <span class='ocrx_word' id='word_1_26' title='bbox 334 1144 531 1204; x_wconf 58' lang='lat' dir='ltr'><strong>mnenon</strong></span> <span class='ocrx_word' id='word_1_27' title='bbox 560 1162 595 1205; x_wconf 79' lang='lat' dir='ltr'><strong>en</strong></span> <span class='ocrx_word' id='word_1_28' title='bbox 618 1145 683 1223; x_wconf 77' lang='lat' dir='ltr'><strong>lage</strong></span> <span class='ocrx_word' id='word_1_29' title='bbox 705 1146 822 1219; x_wconf 80' lang='lat' dir='ltr'><strong>diviua,</strong></span> <span class='ocrx_word' id='word_1_30' title='bbox 853 1163 911 1221; x_wconf 91' lang='lat' dir='ltr'><strong>qua</strong></span> <span class='ocrx_word' id='word_1_31' title='bbox 940 1144 1028 1205; x_wconf 92' lang='lat' dir='ltr'><strong>homo</strong></span> <span class='ocrx_word' id='word_1_32' title='bbox 1050 1144 1159 1205; x_wconf 90' lang='lat' dir='ltr'><strong>homini</strong></span> <span class='ocrx_word' id='word_1_33' title='bbox 1185 1146 1390 1221; x_wconf 87' lang='lat' dir='ltr'><strong>aequiparetur</strong></span> <span class='ocrx_word' id='word_1_34' title='bbox 1419 1151 1449 1203; x_wconf 90' lang='lat' dir='ltr'><strong>et</strong></span> <span class='ocrx_word' id='word_1_35' title='bbox 1475 1146 1595 1220; x_wconf 76' lang='lat' dir='ltr'><strong>sanguis</strong></span> 
     </span>
     <span class='ocr_line' id='line_1_5' title="bbox 232 1229 1594 1319; baseline 0.002 -32"><span class='ocrx_word' id='word_1_36' title='bbox 232 1233 386 1307; x_wconf 79' lang='lat' dir='ltr'><strong>sanguine</strong></span> <span class='ocrx_word' id='word_1_37' title='bbox 414 1232 592 1310; x_wconf 76' lang='lat' dir='ltr'>rependitur.</span> <span class='ocrx_word' id='word_1_38' title='bbox 635 1229 718 1293; x_wconf 87' lang='lat' dir='ltr'><strong>Haeo</strong></span> <span class='ocrx_word' id='word_1_39' title='bbox 740 1235 829 1309; x_wconf 73' lang='lat' dir='ltr'><strong>igitur</strong></span> <span class='ocrx_word' id='word_1_40' title='bbox 850 1235 1001 1309; x_wconf 90' lang='lat' dir='ltr'><strong>utriusque</strong></span> <span class='ocrx_word' id='word_1_41' title='bbox 1020 1233 1135 1319; x_wconf 70' lang='lat' dir='ltr'><strong>genapia</strong></span> <span class='ocrx_word' id='word_1_42' title='bbox 1156 1234 1301 1312; x_wconf 88' lang='lat' dir='ltr'><strong>rationum</strong></span> <span class='ocrx_word' id='word_1_43' title='bbox 1315 1230 1447 1290; x_wconf 86' lang='lat' dir='ltr'><strong>conlusio</strong></span> <span class='ocrx_word' id='word_1_44' title='bbox 1468 1234 1594 1308; x_wconf 89' lang='lat' dir='ltr'><strong>pertinet</strong></span> 
     </span>
     <span class='ocr_line' id='line_1_6' title="bbox 233 1316 1596 1399; baseline 0.002 -25"><span class='ocrx_word' id='word_1_45' title='bbox 233 1317 268 1375; x_wconf 88' lang='lat' dir='ltr'><strong>ad</strong></span> <span class='ocrx_word' id='word_1_46' title='bbox 292 1318 429 1379; x_wconf 90' lang='lat' dir='ltr'><strong>Bodino</strong></span> <span class='ocrx_word' id='word_1_47' title='bbox 461 1320 568 1379; x_wconf 89' lang='lat' dir='ltr'><strong>dictam</strong></span> <span class='ocrx_word' id='word_1_48' title='bbox 595 1320 806 1395; x_wconf 75' lang='lat' dir='ltr'><strong>harmonicam,</strong></span> <span class='ocrx_word' id='word_1_49' title='bbox 838 1321 966 1399; x_wconf 76' lang='lat' dir='ltr'><strong>inprimis</strong></span> <span class='ocrx_word' id='word_1_50' title='bbox 995 1318 1081 1398; x_wconf 84' lang='lat' dir='ltr'><strong>illud,</strong></span> <span class='ocrx_word' id='word_1_51' title='bbox 1112 1318 1190 1395; x_wconf 93' lang='lat' dir='ltr'><strong>quod</strong></span> <span class='ocrx_word' id='word_1_52' title='bbox 1218 1320 1246 1376; x_wconf 91' lang='lat' dir='ltr'><strong>in</strong></span> <span class='ocrx_word' id='word_1_53' title='bbox 1279 1318 1345 1395; x_wconf 78' lang='lat' dir='ltr'><strong>lege</strong></span> <span class='ocrx_word' id='word_1_54' title='bbox 1368 1316 1468 1377; x_wconf 81' lang='lat' dir='ltr'><strong>diuina</strong></span> <span class='ocrx_word' id='word_1_55' title='bbox 1496 1319 1596 1379; x_wconf 85' lang='lat' dir='ltr'><strong>sicarii</strong></span> 
     </span>
     <span class='ocr_line' id='line_1_7' title="bbox 234 1407 1595 1484; baseline 0.003 -23"><span class='ocrx_word' id='word_1_56' title='bbox 234 1422 336 1464; x_wconf 83' lang='lat' dir='ltr'><strong>omnen</strong></span> <span class='ocrx_word' id='word_1_57' title='bbox 361 1414 467 1467; x_wconf 91' lang='lat' dir='ltr'><strong>morte</strong></span> <span class='ocrx_word' id='word_1_58' title='bbox 488 1410 648 1483; x_wconf 89' lang='lat' dir='ltr'><strong>puniuntur</strong></span> <span class='ocrx_word' id='word_1_59' title='bbox 669 1407 850 1468; x_wconf 84' lang='lat' dir='ltr'><strong>arithmetica</strong></span> <span class='ocrx_word' id='word_1_60' title='bbox 873 1407 1064 1484; x_wconf 82' lang='lat' dir='ltr'><strong>aequalitate,</strong></span> <span class='ocrx_word' id='word_1_61' title='bbox 1096 1414 1127 1465; x_wconf 89' lang='lat' dir='ltr'><strong>at</strong></span> <span class='ocrx_word' id='word_1_62' title='bbox 1148 1412 1255 1483; x_wconf 82' lang='lat' dir='ltr'><strong>genus&#39;</strong></span> <span class='ocrx_word' id='word_1_63' title='bbox 1269 1407 1370 1465; x_wconf 88' lang='lat' dir='ltr'><strong>mortis</strong></span> <span class='ocrx_word' id='word_1_64' title='bbox 1397 1407 1427 1463; x_wconf 92' lang='lat' dir='ltr'><strong>ln</strong></span> <span class='ocrx_word' id='word_1_65' title='bbox 1449 1410 1595 1483; x_wconf 75' lang='lat' dir='ltr'><strong>potestate</strong></span> 
     </span>
     <span class='ocr_line' id='line_1_8' title="bbox 231 1491 1595 1572; baseline 0.002 -24"><span class='ocrx_word' id='word_1_66' title='bbox 231 1492 341 1566; x_wconf 86' lang='lat' dir='ltr'><strong>judicis</strong></span> <span class='ocrx_word' id='word_1_67' title='bbox 368 1502 432 1566; x_wconf 90' lang='lat' dir='ltr'><strong>est,</strong></span> <span class='ocrx_word' id='word_1_68' title='bbox 455 1498 633 1571; x_wconf 81' lang='lat' dir='ltr'><strong>geometrico</strong></span> <span class='ocrx_word' id='word_1_69' title='bbox 655 1511 805 1572; x_wconf 87' lang='lat' dir='ltr'><strong>responsu,</strong></span> <span class='ocrx_word' id='word_1_70' title='bbox 828 1494 921 1567; x_wconf 86' lang='lat' dir='ltr'><strong>iactis,</strong></span> <span class='ocrx_word' id='word_1_71' title='bbox 944 1494 1222 1555; x_wconf 78' lang='lat' dir='ltr'><strong>circumstantiarum</strong></span> <span class='ocrx_word' id='word_1_72' title='bbox 1243 1496 1384 1554; x_wconf 69' lang='lat' dir='ltr'><strong>redemta</strong></span> <span class='ocrx_word' id='word_1_73' title='bbox 1396 1491 1595 1567; x_wconf 88' lang='lat' dir='ltr'><strong>dissimilibus,</strong></span> 
     </span>
     <span class='ocr_line' id='line_1_9' title="bbox 235 1580 1117 1661; baseline 0.005 -25"><span class='ocrx_word' id='word_1_74' title='bbox 235 1580 460 1657; x_wconf 68' lang='lat' dir='ltr'><strong>irrogandum</strong></span> <span class='ocrx_word' id='word_1_75' title='bbox 480 1588 515 1641; x_wconf 92' lang='lat' dir='ltr'><strong>ut</strong></span> <span class='ocrx_word' id='word_1_76' title='bbox 537 1582 669 1641; x_wconf 89' lang='lat' dir='ltr'><strong>Bodinus</strong></span> <span class='ocrx_word' id='word_1_77' title='bbox 691 1583 791 1654; x_wconf 76' lang='lat' dir='ltr'><strong>retem,</strong></span> <span class='ocrx_word' id='word_1_78' title='bbox 814 1590 886 1661; x_wconf 87' lang='lat' dir='ltr'><strong>puto</strong></span> <span class='ocrx_word' id='word_1_79' title='bbox 908 1599 944 1641; x_wconf 84' lang='lat' dir='ltr'><strong>ex</strong></span> <span class='ocrx_word' id='word_1_80' title='bbox 966 1581 1117 1641; x_wconf 85' lang='lat' dir='ltr'><strong>Rsbbinis.</strong></span> 
     </span>
    </p>

    <p class='ocr_par' dir='ltr' id='par_1_3' title="bbox 234 1661 1653 2793">
     <span class='ocr_line' id='line_1_10' title="bbox 317 1661 1595 1747; baseline 0 -22"><span class='ocrx_word' id='word_1_81' title='bbox 317 1666 440 1743; x_wconf 79' lang='lat' dir='ltr'><strong>Neque</strong></span> <span class='ocrx_word' id='word_1_82' title='bbox 462 1676 522 1727; x_wconf 88' lang='lat' dir='ltr'><strong>tarn</strong></span> <span class='ocrx_word' id='word_1_83' title='bbox 544 1672 676 1747; x_wconf 89' lang='lat' dir='ltr'><strong>personis</strong></span> <span class='ocrx_word' id='word_1_84' title='bbox 698 1668 821 1746; x_wconf 77' lang='lat' dir='ltr'><strong>singulis</strong></span> <span class='ocrx_word' id='word_1_85' title='bbox 842 1669 935 1728; x_wconf 81' lang='lat' dir='ltr'><strong>lteris·</strong></span> <span class='ocrx_word' id='word_1_86' title='bbox 953 1669 1026 1728; x_wconf 89' lang='lat' dir='ltr'><strong>haec</strong></span> <span class='ocrx_word' id='word_1_87' title='bbox 1046 1684 1205 1746; x_wconf 68' lang='lat' dir='ltr'><strong>menarum</strong></span> <span class='ocrx_word' id='word_1_88' title='bbox 1218 1661 1221 1669; x_wconf 77' lang='grc'>’</span> <span class='ocrx_word' id='word_1_89' title='bbox 1234 1664 1429 1745; x_wconf 76' lang='lat' dir='ltr'><strong>inaequalitas</strong></span> <span class='ocrx_word' id='word_1_90' title='bbox 1449 1667 1595 1745; x_wconf 84' lang='lat' dir='ltr'><strong>tribuitur,</strong></span> 
     </span>
     <span class='ocr_line' id='line_1_11' title="bbox 234 1752 1653 1834; baseline 0.001 -23"><span class='ocrx_word' id='word_1_91' title='bbox 234 1770 323 1828; x_wconf 84' lang='lat' dir='ltr'><strong>quam</strong></span> <span class='ocrx_word' id='word_1_92' title='bbox 349 1755 451 1814; x_wconf 85' lang='lat' dir='ltr'><strong>saluti</strong></span> <span class='ocrx_word' id='word_1_93' title='bbox 476 1757 565 1815; x_wconf 89' lang='lat' dir='ltr'><strong>totius</strong></span> <span class='ocrx_word' id='word_1_94' title='bbox 587 1758 676 1834; x_wconf 78' lang='lat' dir='ltr'><strong>reip,</strong></span> <span class='ocrx_word' id='word_1_95' title='bbox 707 1774 782 1833; x_wconf 89' lang='lat' dir='ltr'><strong>quae</strong></span> <span class='ocrx_word' id='word_1_96' title='bbox 806 1774 906 1816; x_wconf 89' lang='lat' dir='ltr'><strong>omnes</strong></span> <span class='ocrx_word' id='word_1_97' title='bbox 927 1755 1028 1815; x_wconf 91' lang='lat' dir='ltr'><strong>hostes</strong></span> <span class='ocrx_word' id='word_1_98' title='bbox 1055 1758 1168 1834; x_wconf 85' lang='lat' dir='ltr'><strong>patriae</strong></span> <span class='ocrx_word' id='word_1_99' title='bbox 1191 1758 1309 1832; x_wconf 88' lang='lat' dir='ltr'><strong>impune</strong></span> <span class='ocrx_word' id='word_1_100' title='bbox 1331 1752 1423 1815; x_wconf 87' lang='lat' dir='ltr'><strong>occidi</strong></span> <span class='ocrx_word' id='word_1_101' title='bbox 1445 1754 1594 1832; x_wconf 86' lang='lat' dir='ltr'><strong>perrnlttlt,</strong></span> <span class='ocrx_word' id='word_1_102' title='bbox 1648 1753 1653 1764; x_wconf 90' lang='lat'>&#39;</span> 
     </span>
     <span class='ocr_line' id='line_1_12' title="bbox 235 1841 1595 1931; baseline 0.001 -33"><span class='ocrx_word' id='word_1_103' title='bbox 235 1843 345 1898; x_wconf 88' lang='lat' dir='ltr'><strong>cirium</strong></span> <span class='ocrx_word' id='word_1_104' title='bbox 381 1842 477 1901; x_wconf 89' lang='lat' dir='ltr'><strong>simul</strong></span> <span class='ocrx_word' id='word_1_105' title='bbox 499 1846 628 1903; x_wconf 90' lang='lat' dir='ltr'><strong>omnium</strong></span> <span class='ocrx_word' id='word_1_106' title='bbox 650 1843 773 1903; x_wconf 89' lang='lat' dir='ltr'><strong>salutem</strong></span> <span class='ocrx_word' id='word_1_107' title='bbox 804 1846 833 1901; x_wconf 93' lang='lat' dir='ltr'><strong>in</strong></span> <span class='ocrx_word' id='word_1_108' title='bbox 856 1844 994 1921; x_wconf 88' lang='lat' dir='ltr'><strong>principis</strong></span> <span class='ocrx_word' id='word_1_109' title='bbox 1025 1846 1256 1921; x_wconf 87' lang='lat' dir='ltr'><strong>optimatumque</strong></span> <span class='ocrx_word' id='word_1_110' title='bbox 1278 1841 1479 1902; x_wconf 87' lang='lat' dir='ltr'><strong>incolumitate</strong></span> <span class='ocrx_word' id='word_1_111' title='bbox 1506 1843 1595 1931; x_wconf 81' lang='lat' dir='ltr'><strong>inque</strong></span> 
     </span>
     <span class='ocr_line' id='line_1_13' title="bbox 235 1928 1595 2007; baseline 0 -22"><span class='ocrx_word' id='word_1_112' title='bbox 235 1928 464 2004; x_wconf 82' lang='lat' dir='ltr'><strong>tranquillitate</strong></span> <span class='ocrx_word' id='word_1_113' title='bbox 484 1930 604 2007; x_wconf 89' lang='lat' dir='ltr'><strong>publica</strong></span> <span class='ocrx_word' id='word_1_114' title='bbox 626 1938 799 1991; x_wconf 85' lang='lat' dir='ltr'><strong>conservata</strong></span> <span class='ocrx_word' id='word_1_115' title='bbox 821 1937 926 1991; x_wconf 90' lang='lat' dir='ltr'><strong>tuetur.</strong></span> <span class='ocrx_word' id='word_1_116' title='bbox 972 1929 1095 2007; x_wconf 86' lang='lat' dir='ltr'><strong>Saepius</strong></span> <span class='ocrx_word' id='word_1_117' title='bbox 1111 1930 1342 2004; x_wconf 87' lang='lat' dir='ltr'><strong>autemdlctum,</strong></span> <span class='ocrx_word' id='word_1_118' title='bbox 1365 1930 1474 1989; x_wconf 90' lang='lat' dir='ltr'><strong>honum</strong></span> <span class='ocrx_word' id='word_1_119' title='bbox 1495 1928 1595 2007; x_wconf 84' lang='lat' dir='ltr'><strong>publi-</strong></span> 
     </span>
     <span class='ocr_line' id='line_1_14' title="bbox 241 2014 1595 2095; baseline 0.004 -23"><span class='ocrx_word' id='word_1_120' title='bbox 241 2033 303 2073; x_wconf 85' lang='lat' dir='ltr'><strong>cum</strong></span> <span class='ocrx_word' id='word_1_121' title='bbox 332 2016 456 2077; x_wconf 87' lang='lat' dir='ltr'><strong>habere</strong></span> <span class='ocrx_word' id='word_1_122' title='bbox 484 2034 655 2094; x_wconf 89' lang='lat' dir='ltr'><strong>responsum</strong></span> <span class='ocrx_word' id='word_1_123' title='bbox 678 2017 822 2095; x_wconf 89' lang='lat' dir='ltr'><strong>quandam</strong></span> <span class='ocrx_word' id='word_1_124' title='bbox 852 2017 890 2078; x_wconf 87' lang='lat' dir='ltr'><strong>ad</strong></span> <span class='ocrx_word' id='word_1_125' title='bbox 920 2020 1095 2078; x_wconf 85' lang='lat' dir='ltr'><strong>suavitatem</strong></span> <span class='ocrx_word' id='word_1_126' title='bbox 1119 2026 1276 2078; x_wconf 89' lang='lat' dir='ltr'><strong>concentus</strong></span> <span class='ocrx_word' id='word_1_127' title='bbox 1298 2016 1467 2077; x_wconf 84' lang='lat' dir='ltr'><strong>harmonici.</strong></span> <span class='ocrx_word' id='word_1_128' title='bbox 1512 2014 1595 2091; x_wconf 83' lang='lat' dir='ltr'><strong>Quae</strong></span> 
     </span>
     <span class='ocr_line' id='line_1_15' title="bbox 239 2102 1596 2181; baseline 0.002 -22"><span class='ocrx_word' id='word_1_129' title='bbox 239 2118 295 2160; x_wconf 85' lang='lat' dir='ltr'><strong>una</strong></span> <span class='ocrx_word' id='word_1_130' title='bbox 319 2121 450 2163; x_wconf 85' lang='lat' dir='ltr'><strong>summa</strong></span> <span class='ocrx_word' id='word_1_131' title='bbox 473 2103 530 2178; x_wconf 87' lang='lat' dir='ltr'><strong>lex,</strong></span> <span class='ocrx_word' id='word_1_132' title='bbox 553 2106 651 2181; x_wconf 83' lang='lat' dir='ltr'><strong>legum</strong></span> <span class='ocrx_word' id='word_1_133' title='bbox 674 2107 802 2164; x_wconf 90' lang='lat' dir='ltr'><strong>omnium</strong></span> <span class='ocrx_word' id='word_1_134' title='bbox 824 2112 930 2179; x_wconf 88' lang='lat' dir='ltr'><strong>mater,</strong></span> <span class='ocrx_word' id='word_1_135' title='bbox 953 2106 977 2164; x_wconf 95' lang='lat' dir='ltr'><strong>si</strong></span> <span class='ocrx_word' id='word_1_136' title='bbox 1001 2106 1185 2179; x_wconf 85' lang='lat' dir='ltr'><strong>observetm,</strong></span> <span class='ocrx_word' id='word_1_137' title='bbox 1208 2112 1241 2164; x_wconf 90' lang='lat' dir='ltr'><strong>nt</strong></span> <span class='ocrx_word' id='word_1_138' title='bbox 1263 2104 1293 2163; x_wconf 93' lang='lat' dir='ltr'><strong>id</strong></span> <span class='ocrx_word' id='word_1_139' title='bbox 1315 2111 1451 2164; x_wconf 76' lang='lat' dir='ltr'><strong>asomum</strong></span> <span class='ocrx_word' id='word_1_140' title='bbox 1470 2110 1500 2163; x_wconf 91' lang='lat' dir='ltr'><strong>et</strong></span> <span class='ocrx_word' id='word_1_141' title='bbox 1519 2102 1596 2180; x_wconf 79' lang='lat' dir='ltr'><strong>legi·</strong></span> 
     </span>
     <span class='ocr_line' id='line_1_16' title="bbox 239 2190 1595 2269; baseline 0.002 -23"><span class='ocrx_word' id='word_1_142' title='bbox 239 2192 337 2247; x_wconf 79' lang='lat' dir='ltr'><strong>dmum</strong></span> <span class='ocrx_word' id='word_1_143' title='bbox 365 2208 439 2251; x_wconf 88' lang='lat' dir='ltr'><strong>esse</strong></span> <span class='ocrx_word' id='word_1_144' title='bbox 458 2190 606 2267; x_wconf 82' lang='lat' dir='ltr'><strong>jubeatur,</strong></span> <span class='ocrx_word' id='word_1_145' title='bbox 628 2195 658 2251; x_wconf 90' lang='lat' dir='ltr'><strong>iu</strong></span> <span class='ocrx_word' id='word_1_146' title='bbox 682 2210 740 2269; x_wconf 92' lang='lat' dir='ltr'><strong>quo</strong></span> <span class='ocrx_word' id='word_1_147' title='bbox 762 2192 842 2252; x_wconf 90' lang='lat' dir='ltr'><strong>salus</strong></span> <span class='ocrx_word' id='word_1_148' title='bbox 864 2193 985 2253; x_wconf 83' lang='lat' dir='ltr'><strong>vertitur</strong></span> <span class='ocrx_word' id='word_1_149' title='bbox 1006 2192 1203 2269; x_wconf 81' lang='lat' dir='ltr'><strong>reipublicae:</strong></span> <span class='ocrx_word' id='word_1_150' title='bbox 1222 2192 1286 2268; x_wconf 82' lang='lat' dir='ltr'><strong>-jam</strong></span> <span class='ocrx_word' id='word_1_151' title='bbox 1300 2193 1399 2251; x_wconf 87' lang='lat' dir='ltr'><strong>statim</strong></span> <span class='ocrx_word' id='word_1_152' title='bbox 1419 2198 1536 2251; x_wconf 77' lang='lat' dir='ltr'><strong>consmt</strong></span> <span class='ocrx_word' id='word_1_153' title='bbox 1559 2190 1595 2250; x_wconf 90' lang='lat' dir='ltr'><strong>de</strong></span> 
     </span>
     <span class='ocr_line' id='line_1_17' title="bbox 237 2276 1646 2357; baseline 0.004 -25"><span class='ocrx_word' id='word_1_154' title='bbox 237 2276 437 2339; x_wconf 87' lang='lat' dir='ltr'><strong>similitudine</strong></span> <span class='ocrx_word' id='word_1_155' title='bbox 461 2296 526 2338; x_wconf 91' lang='lat' dir='ltr'><strong>curu</strong></span> <span class='ocrx_word' id='word_1_156' title='bbox 541 2279 716 2340; x_wconf 85' lang='lat' dir='ltr'><strong>harmonicis</strong></span> <span class='ocrx_word' id='word_1_157' title='bbox 730 2280 900 2354; x_wconf 90' lang='lat' dir='ltr'><strong>rationibus,</strong></span> <span class='ocrx_word' id='word_1_158' title='bbox 924 2297 959 2339; x_wconf 87' lang='lat' dir='ltr'><strong>ax</strong></span> <span class='ocrx_word' id='word_1_159' title='bbox 973 2298 1038 2339; x_wconf 89' lang='lat' dir='ltr'><strong>mea</strong></span> <span class='ocrx_word' id='word_1_160' title='bbox 1059 2282 1152 2357; x_wconf 89' lang='lat' dir='ltr'><strong>ipsine</strong></span> <span class='ocrx_word' id='word_1_161' title='bbox 1173 2281 1260 2339; x_wconf 87' lang='lat' dir='ltr'><strong>etiam</strong></span> <span class='ocrx_word' id='word_1_162' title='bbox 1276 2280 1420 2339; x_wconf 87' lang='lat' dir='ltr'><strong>sententia</strong></span> <span class='ocrx_word' id='word_1_163' title='bbox 1435 2277 1595 2355; x_wconf 81' lang='lat' dir='ltr'><strong>descriptis,</strong></span> <span class='ocrx_word' id='word_1_164' title='bbox 1637 2313 1646 2321; x_wconf 92' lang='lat'>-</span> 
     </span>
     <span class='ocr_line' id='line_1_18' title="bbox 241 2364 1597 2449; baseline 0.002 -28"><span class='ocrx_word' id='word_1_165' title='bbox 241 2365 327 2421; x_wconf 88' lang='lat' dir='ltr'><strong>etiam</strong></span> <span class='ocrx_word' id='word_1_166' title='bbox 359 2367 390 2423; x_wconf 89' lang='lat' dir='ltr'><strong>si</strong></span> <span class='ocrx_word' id='word_1_167' title='bbox 415 2364 490 2423; x_wconf 91' lang='lat' dir='ltr'><strong>nibil</strong></span> <span class='ocrx_word' id='word_1_168' title='bbox 514 2366 567 2426; x_wconf 83' lang='lat' dir='ltr'><strong>-lex</strong></span> <span class='ocrx_word' id='word_1_169' title='bbox 598 2366 648 2427; x_wconf 89' lang='lat' dir='ltr'><strong>illo</strong></span> <span class='ocrx_word' id='word_1_170' title='bbox 676 2366 770 2427; x_wconf 89' lang='lat' dir='ltr'><strong>simile</strong></span> <span class='ocrx_word' id='word_1_171' title='bbox 797 2374 948 2444; x_wconf 89' lang='lat' dir='ltr'><strong>praeterea</strong></span> <span class='ocrx_word' id='word_1_172' title='bbox 979 2369 1127 2429; x_wconf 78' lang='lat' dir='ltr'><strong>conducat</strong></span> <span class='ocrx_word' id='word_1_173' title='bbox 1156 2382 1251 2444; x_wconf 79' lang='lat' dir='ltr'><strong>neque</strong></span> <span class='ocrx_word' id='word_1_174' title='bbox 1276 2368 1472 2443; x_wconf 84' lang='lat' dir='ltr'><strong>geometricae</strong></span> <span class='ocrx_word' id='word_1_175' title='bbox 1501 2372 1597 2449; x_wconf 83' lang='lat' dir='ltr'><strong>neque</strong></span> 
     </span>
     <span class='ocr_line' id='line_1_19' title="bbox 239 2452 1597 2530; baseline 0.002 -23"><span class='ocrx_word' id='word_1_176' title='bbox 239 2452 451 2513; x_wconf 82' lang='lat' dir='ltr'><strong>arithmeticae</strong></span> <span class='ocrx_word' id='word_1_177' title='bbox 472 2456 701 2530; x_wconf 89' lang='lat' dir='ltr'><strong>proportionum.</strong></span> <span class='ocrx_word' id='word_1_178' title='bbox 745 2455 821 2514; x_wconf 86' lang='lat' dir='ltr'><strong>Nam</strong></span> <span class='ocrx_word' id='word_1_179' title='bbox 843 2471 938 2530; x_wconf 87' lang='lat' dir='ltr'><strong>neque</strong></span> <span class='ocrx_word' id='word_1_180' title='bbox 961 2454 991 2513; x_wconf 92' lang='lat' dir='ltr'><strong>hi</strong></span> <span class='ocrx_word' id='word_1_181' title='bbox 1014 2458 1126 2515; x_wconf 93' lang='lat' dir='ltr'><strong>numeri</strong></span> <span class='ocrx_word' id='word_1_182' title='bbox 1152 2454 1274 2528; x_wconf 54' lang='lat' dir='ltr'><strong>losio,</strong></span> <span class='ocrx_word' id='word_1_183' title='bbox 1296 2455 1349 2527; x_wconf 79' lang='lat' dir='ltr'><strong>ut,</strong></span> <span class='ocrx_word' id='word_1_184' title='bbox 1372 2454 1429 2527; x_wconf 81' lang='lat'><strong>30,</strong></span> <span class='ocrx_word' id='word_1_185' title='bbox 1454 2454 1504 2529; x_wconf 86' lang='lat' dir='ltr'><strong>qui</strong></span> <span class='ocrx_word' id='word_1_186' title='bbox 1526 2452 1597 2511; x_wconf 85' lang='lat' dir='ltr'><strong>har-</strong></span> 
     </span>
     <span class='ocr_line' id='line_1_20' title="bbox 241 2538 1596 2619; baseline 0.002 -24"><span class='ocrx_word' id='word_1_187' title='bbox 241 2542 371 2597; x_wconf 85' lang='lat' dir='ltr'><strong>moniam</strong></span> <span class='ocrx_word' id='word_1_188' title='bbox 398 2542 550 2600; x_wconf 87' lang='lat' dir='ltr'><strong>contincnt</strong></span> <span class='ocrx_word' id='word_1_189' title='bbox 573 2540 779 2617; x_wconf 88' lang='lat' dir='ltr'><strong>dulcissimam,</strong></span> <span class='ocrx_word' id='word_1_190' title='bbox 802 2544 1018 2619; x_wconf 86' lang='lat' dir='ltr'><strong>proportionem</strong></span> <span class='ocrx_word' id='word_1_191' title='bbox 1041 2542 1198 2602; x_wconf 88' lang='lat' dir='ltr'><strong>observant</strong></span> <span class='ocrx_word' id='word_1_192' title='bbox 1219 2540 1268 2600; x_wconf 82' lang='lat' dir='ltr'><strong>val</strong></span> <span class='ocrx_word' id='word_1_193' title='bbox 1284 2556 1372 2600; x_wconf 91' lang='lat' dir='ltr'><strong>unam</strong></span> <span class='ocrx_word' id='word_1_194' title='bbox 1395 2538 1442 2599; x_wconf 87' lang='lat' dir='ltr'><strong>rel</strong></span> <span class='ocrx_word' id='word_1_195' title='bbox 1466 2538 1596 2612; x_wconf 88' lang='lat' dir='ltr'><strong>alteram,</strong></span> 
     </span>
     <span class='ocr_line' id='line_1_21' title="bbox 243 2627 1596 2707; baseline 0.003 -26"><span class='ocrx_word' id='word_1_196' title='bbox 243 2644 382 2686; x_wconf 75' lang='lat' dir='ltr'><strong>excessus</strong></span> <span class='ocrx_word' id='word_1_197' title='bbox 409 2628 488 2687; x_wconf 90' lang='lat' dir='ltr'><strong>enirn</strong></span> <span class='ocrx_word' id='word_1_198' title='bbox 510 2633 579 2687; x_wconf 89' lang='lat' dir='ltr'><strong>sunt</strong></span> <span class='ocrx_word' id='word_1_199' title='bbox 602 2630 638 2702; x_wconf 89' lang='lat'><strong>5,</strong></span> <span class='ocrx_word' id='word_1_200' title='bbox 667 2632 701 2701; x_wconf 84' lang='lat'><strong>4,</strong></span> <span class='ocrx_word' id='word_1_201' title='bbox 726 2631 759 2702; x_wconf 87' lang='lat' dir='ltr'><strong>ii,</strong></span> <span class='ocrx_word' id='word_1_202' title='bbox 782 2646 878 2705; x_wconf 87' lang='lat' dir='ltr'><strong>neque</strong></span> <span class='ocrx_word' id='word_1_203' title='bbox 901 2630 1039 2707; x_wconf 88' lang='lat' dir='ltr'><strong>aequales</strong></span> <span class='ocrx_word' id='word_1_204' title='bbox 1061 2646 1156 2705; x_wconf 88' lang='lat' dir='ltr'><strong>neque</strong></span> <span class='ocrx_word' id='word_1_205' title='bbox 1180 2627 1289 2689; x_wconf 79' lang='lat' dir='ltr'><strong>alaudes</strong></span> <span class='ocrx_word' id='word_1_206' title='bbox 1311 2628 1514 2705; x_wconf 87' lang='lat' dir='ltr'><strong>proportiones</strong></span> <span class='ocrx_word' id='word_1_207' title='bbox 1528 2636 1596 2687; x_wconf 84' lang='lat' dir='ltr'><strong>ter·</strong></span> 
     </span>
     <span class='ocr_line' id='line_1_22' title="bbox 243 2714 1471 2793; baseline 0.002 -24"><span class='ocrx_word' id='word_1_208' title='bbox 243 2714 392 2771; x_wconf 89' lang='lat' dir='ltr'><strong>minorum</strong></span> <span class='ocrx_word' id='word_1_209' title='bbox 416 2716 671 2791; x_wconf 85' lang='lat' dir='ltr'><strong>proportionibus,</strong></span> <span class='ocrx_word' id='word_1_210' title='bbox 694 2715 745 2775; x_wconf 89' lang='lat' dir='ltr'><strong>aed</strong></span> <span class='ocrx_word' id='word_1_211' title='bbox 767 2734 862 2793; x_wconf 89' lang='lat' dir='ltr'><strong>neque</strong></span> <span class='ocrx_word' id='word_1_212' title='bbox 885 2715 986 2776; x_wconf 91' lang='lat' dir='ltr'><strong>eodem</strong></span> <span class='ocrx_word' id='word_1_213' title='bbox 1009 2734 1074 2777; x_wconf 93' lang='lat' dir='ltr'><strong>cum</strong></span> <span class='ocrx_word' id='word_1_214' title='bbox 1098 2715 1156 2775; x_wconf 87' lang='lat' dir='ltr'><strong>illis</strong></span> <span class='ocrx_word' id='word_1_215' title='bbox 1179 2716 1280 2775; x_wconf 89' lang='lat' dir='ltr'><strong>ordine</strong></span> <span class='ocrx_word' id='word_1_216' title='bbox 1302 2723 1471 2775; x_wconf 85' lang='lat' dir='ltr'><strong>crescentes.</strong></span> 
     </span>
    </p>

    <p class='ocr_par' dir='ltr' id='par_1_4' title="bbox 246 2792 1597 3664">
     <span class='ocr_line' id='line_1_23' title="bbox 328 2792 1597 2881; baseline -0.002 -23"><span class='ocrx_word' id='word_1_217' title='bbox 328 2800 419 2859; x_wconf 83' lang='lat' dir='ltr'><strong>xlv.</strong></span> <span class='ocrx_word' id='word_1_218' title='bbox 446 2792 533 2860; x_wconf 82' lang='lat' dir='ltr'><strong>stine</strong></span> <span class='ocrx_word' id='word_1_219' title='bbox 557 2802 730 2880; x_wconf 82' lang='lat' dir='ltr'><strong>exemplum,</strong></span> <span class='ocrx_word' id='word_1_220' title='bbox 753 2806 947 2880; x_wconf 84' lang='lat' dir='ltr'><strong>geometricae</strong></span> <span class='ocrx_word' id='word_1_221' title='bbox 970 2802 1141 2881; x_wconf 87' lang='lat' dir='ltr'><strong>disciplinae</strong></span> <span class='ocrx_word' id='word_1_222' title='bbox 1163 2801 1342 2875; x_wconf 88' lang='lat' dir='ltr'><strong>iamillarius,</strong></span> <span class='ocrx_word' id='word_1_223' title='bbox 1366 2802 1449 2861; x_wconf 78' lang='lat' dir='ltr'><strong>affert</strong></span> <span class='ocrx_word' id='word_1_224' title='bbox 1466 2799 1597 2864; x_wconf 82' lang='lat' dir='ltr'><strong>Bodinua</strong></span> 
     </span>
     <span class='ocr_line' id='line_1_24' title="bbox 246 2886 1595 2967; baseline 0.004 -26"><span class='ocrx_word' id='word_1_225' title='bbox 246 2888 271 2943; x_wconf 89' lang='lat' dir='ltr'><strong>in</strong></span> <span class='ocrx_word' id='word_1_226' title='bbox 291 2886 399 2964; x_wconf 83' lang='lat' dir='ltr'><strong>legum</strong></span> <span class='ocrx_word' id='word_1_227' title='bbox 424 2888 461 2949; x_wconf 89' lang='lat' dir='ltr'><strong>de</strong></span> <span class='ocrx_word' id='word_1_228' title='bbox 485 2889 600 2949; x_wconf 91' lang='lat' dir='ltr'><strong>mulctis</strong></span> <span class='ocrx_word' id='word_1_229' title='bbox 623 2892 875 2967; x_wconf 82' lang='lat' dir='ltr'><strong>interpretatione3</strong></span> <span class='ocrx_word' id='word_1_230' title='bbox 898 2898 931 2950; x_wconf 88' lang='lat' dir='ltr'><strong>rit</strong></span> <span class='ocrx_word' id='word_1_231' title='bbox 954 2898 1029 2966; x_wconf 88' lang='lat' dir='ltr'><strong>quae</strong></span> <span class='ocrx_word' id='word_1_232' title='bbox 1052 2893 1213 2967; x_wconf 87' lang='lat' dir='ltr'><strong>antiquitus</strong></span> <span class='ocrx_word' id='word_1_233' title='bbox 1237 2896 1365 2949; x_wconf 87' lang='lat' dir='ltr'><strong>statutae</strong></span> <span class='ocrx_word' id='word_1_234' title='bbox 1387 2886 1595 2947; x_wconf 89' lang='lat' dir='ltr'><strong>suntmulciae</strong></span> 
     </span>
     <span class='ocr_line' id='line_1_25' title="bbox 249 2976 1597 3056; baseline 0 -25"><span class='ocrx_word' id='word_1_235' title='bbox 249 2978 456 3054; x_wconf 86' lang='lat' dir='ltr'><strong>pecuniariae,</strong></span> <span class='ocrx_word' id='word_1_236' title='bbox 485 2994 537 3053; x_wconf 87' lang='lat' dir='ltr'><strong>pre</strong></span> <span class='ocrx_word' id='word_1_237' title='bbox 560 2980 673 3037; x_wconf 78' lang='lat' dir='ltr'><strong>meone</strong></span> <span class='ocrx_word' id='word_1_238' title='bbox 695 2980 856 3056; x_wconf 76' lang='lat' dir='ltr'><strong>praeseutia</strong></span> <span class='ocrx_word' id='word_1_239' title='bbox 877 2978 1013 3055; x_wconf 91' lang='lat' dir='ltr'><strong>publicae</strong></span> <span class='ocrx_word' id='word_1_240' title='bbox 1035 2978 1202 3055; x_wconf 88' lang='lat' dir='ltr'><strong>opulentiae</strong></span> <span class='ocrx_word' id='word_1_241' title='bbox 1229 2976 1277 3037; x_wconf 83' lang='lat' dir='ltr'><strong>vel</strong></span> <span class='ocrx_word' id='word_1_242' title='bbox 1299 2977 1416 3053; x_wconf 87' lang='lat' dir='ltr'><strong>inopiae</strong></span> <span class='ocrx_word' id='word_1_243' title='bbox 1439 2976 1597 3035; x_wconf 88' lang='lat' dir='ltr'><strong>aestimen-</strong></span> 
     </span>
     <span class='ocr_line' id='line_1_26' title="bbox 249 3057 1595 3143; baseline 0.001 -26"><span class='ocrx_word' id='word_1_244' title='bbox 249 3073 297 3117; x_wconf 80' lang='lat' dir='ltr'><strong>tur.</strong></span> <span class='ocrx_word' id='word_1_245' title='bbox 341 3062 406 3122; x_wconf 89' lang='lat' dir='ltr'><strong>Hie</strong></span> <span class='ocrx_word' id='word_1_246' title='bbox 430 3063 622 3123; x_wconf 90' lang='lat' dir='ltr'><strong>intolerabilis</strong></span> <span class='ocrx_word' id='word_1_247' title='bbox 643 3066 807 3141; x_wconf 88' lang='lat' dir='ltr'><strong>aequalitas</strong></span> <span class='ocrx_word' id='word_1_248' title='bbox 830 3057 1013 3127; x_wconf 84' lang='lat' dir='ltr'><strong>arithmetica</strong></span> <span class='ocrx_word' id='word_1_249' title='bbox 1035 3068 1164 3125; x_wconf 86' lang='lat' dir='ltr'><strong>omnium</strong></span> <span class='ocrx_word' id='word_1_250' title='bbox 1179 3073 1359 3143; x_wconf 90' lang='lat' dir='ltr'><strong>temporum,</strong></span> <span class='ocrx_word' id='word_1_251' title='bbox 1382 3078 1477 3139; x_wconf 87' lang='lat' dir='ltr'><strong>neque</strong></span> <span class='ocrx_word' id='word_1_252' title='bbox 1497 3068 1595 3121; x_wconf 73' lang='lat' dir='ltr'><strong>maren</strong></span> 
     </span>
     <span class='ocr_line' id='line_1_27' title="bbox 253 3148 1597 3228; baseline 0.004 -26"><span class='ocrx_word' id='word_1_253' title='bbox 253 3148 407 3209; x_wconf 88' lang='lat' dir='ltr'><strong>observatu</strong></span> <span class='ocrx_word' id='word_1_254' title='bbox 432 3151 526 3210; x_wconf 86' lang='lat' dir='ltr'><strong>laeilis</strong></span> <span class='ocrx_word' id='word_1_255' title='bbox 547 3154 697 3228; x_wconf 88' lang='lat' dir='ltr'><strong>proportio</strong></span> <span class='ocrx_word' id='word_1_256' title='bbox 719 3155 896 3228; x_wconf 81' lang='lat' dir='ltr'><strong>geometrica</strong></span> <span class='ocrx_word' id='word_1_257' title='bbox 918 3155 947 3211; x_wconf 93' lang='lat' dir='ltr'><strong>in</strong></span> <span class='ocrx_word' id='word_1_258' title='bbox 971 3154 1114 3215; x_wconf 83' lang='lat' dir='ltr'><strong>omnihus.</strong></span> <span class='ocrx_word' id='word_1_259' title='bbox 1157 3152 1263 3228; x_wconf 86' lang='lat' dir='ltr'><strong>ltaque</strong></span> <span class='ocrx_word' id='word_1_260' title='bbox 1290 3168 1344 3227; x_wconf 92' lang='lat' dir='ltr'><strong>pro</strong></span> <span class='ocrx_word' id='word_1_261' title='bbox 1366 3166 1421 3215; x_wconf 87' lang='lat' dir='ltr'><strong>suu</strong></span> <span class='ocrx_word' id='word_1_262' title='bbox 1441 3148 1597 3227; x_wconf 89' lang='lat' dir='ltr'><strong>pmdentia</strong></span> 
     </span>
     <span class='ocr_line' id='line_1_28' title="bbox 249 3233 1596 3315; baseline 0.004 -25"><span class='ocrx_word' id='word_1_263' title='bbox 249 3233 333 3305; x_wconf 77' lang='lat' dir='ltr'><strong>judex</strong></span> <span class='ocrx_word' id='word_1_264' title='bbox 367 3254 484 3315; x_wconf 86' lang='lat' dir='ltr'><strong>proque</strong></span> <span class='ocrx_word' id='word_1_265' title='bbox 505 3256 600 3297; x_wconf 89' lang='lat' dir='ltr'><strong>rerum</strong></span> <span class='ocrx_word' id='word_1_266' title='bbox 623 3242 845 3298; x_wconf 85' lang='lat' dir='ltr'><strong>circumstantiis</strong></span> <span class='ocrx_word' id='word_1_267' title='bbox 868 3240 998 3300; x_wconf 83' lang='lat' dir='ltr'><strong>aradium</strong></span> <span class='ocrx_word' id='word_1_268' title='bbox 1018 3240 1176 3301; x_wconf 84' lang='lat' dir='ltr'><strong>sectabitur</strong></span> <span class='ocrx_word' id='word_1_269' title='bbox 1197 3239 1395 3299; x_wconf 88' lang='lat' dir='ltr'><strong>harmonicum</strong></span> <span class='ocrx_word' id='word_1_270' title='bbox 1423 3236 1596 3315; x_wconf 74' lang='lat' dir='ltr'><strong>curabitque</strong></span> 
     </span>
     <span class='ocr_line' id='line_1_29' title="bbox 255 3322 1597 3405; baseline 0.006 -29"><span class='ocrx_word' id='word_1_271' title='bbox 255 3338 286 3379; x_wconf 91' lang='lat' dir='ltr'><strong>ne</strong></span> <span class='ocrx_word' id='word_1_272' title='bbox 312 3322 361 3382; x_wconf 90' lang='lat' dir='ltr'><strong>rel</strong></span> <span class='ocrx_word' id='word_1_273' title='bbox 391 3324 474 3400; x_wconf 84' lang='lat' dir='ltr'><strong>leges</strong></span> <span class='ocrx_word' id='word_1_274' title='bbox 503 3324 631 3387; x_wconf 84' lang='lat' dir='ltr'><strong>violasse</strong></span> <span class='ocrx_word' id='word_1_275' title='bbox 659 3326 810 3399; x_wconf 86' lang='lat' dir='ltr'><strong>rideatur,</strong></span> <span class='ocrx_word' id='word_1_276' title='bbox 847 3326 894 3388; x_wconf 86' lang='lat' dir='ltr'><strong>rel</strong></span> <span class='ocrx_word' id='word_1_277' title='bbox 920 3327 1020 3404; x_wconf 81' lang='lat' dir='ltr'><strong>legum</strong></span> <span class='ocrx_word' id='word_1_278' title='bbox 1049 3328 1287 3405; x_wconf 85' lang='lat' dir='ltr'><strong>interpretatione</strong></span> <span class='ocrx_word' id='word_1_279' title='bbox 1317 3325 1466 3385; x_wconf 79' lang='lat' dir='ltr'><strong>malitiosa</strong></span> <span class='ocrx_word' id='word_1_280' title='bbox 1495 3326 1597 3401; x_wconf 90' lang='lat' dir='ltr'><strong>inopes</strong></span> 
     </span>
     <span class='ocr_line' id='line_1_30' title="bbox 255 3410 1597 3493; baseline 0.004 -29"><span class='ocrx_word' id='word_1_281' title='bbox 255 3412 461 3485; x_wconf 89' lang='lat' dir='ltr'><strong>opprimantur,</strong></span> <span class='ocrx_word' id='word_1_282' title='bbox 484 3410 678 3490; x_wconf 88' lang='lat' dir='ltr'><strong>locupletibus</strong></span> <span class='ocrx_word' id='word_1_283' title='bbox 701 3430 737 3473; x_wconf 92' lang='lat' dir='ltr'><strong>ac</strong></span> <span class='ocrx_word' id='word_1_284' title='bbox 758 3416 970 3490; x_wconf 86' lang='lat' dir='ltr'><strong>potentioribus</strong></span> <span class='ocrx_word' id='word_1_285' title='bbox 986 3414 1126 3493; x_wconf 89' lang='lat' dir='ltr'><strong>peccandi</strong></span> <span class='ocrx_word' id='word_1_286' title='bbox 1147 3412 1264 3474; x_wconf 86' lang='lat' dir='ltr'><strong>licentia</strong></span> <span class='ocrx_word' id='word_1_287' title='bbox 1279 3413 1370 3473; x_wconf 91' lang='lat' dir='ltr'><strong>detur.</strong></span> <span class='ocrx_word' id='word_1_288' title='bbox 1416 3411 1492 3489; x_wconf 90' lang='lat' dir='ltr'><strong>Quin</strong></span> <span class='ocrx_word' id='word_1_289' title='bbox 1509 3412 1597 3472; x_wconf 89' lang='lat' dir='ltr'><strong>etiam</strong></span> 
     </span>
     <span class='ocr_line' id='line_1_31' title="bbox 257 3494 1597 3579; baseline 0.006 -29"><span class='ocrx_word' id='word_1_290' title='bbox 257 3494 382 3568; x_wconf 81' lang='lat' dir='ltr'><strong>ejusdem</strong></span> <span class='ocrx_word' id='word_1_291' title='bbox 404 3498 575 3560; x_wconf 85' lang='lat' dir='ltr'><strong>hermoniae</strong></span> <span class='ocrx_word' id='word_1_292' title='bbox 599 3500 696 3560; x_wconf 90' lang='lat' dir='ltr'><strong>studio</strong></span> <span class='ocrx_word' id='word_1_293' title='bbox 717 3500 861 3561; x_wconf 89' lang='lat' dir='ltr'><strong>interdum</strong></span> <span class='ocrx_word' id='word_1_294' title='bbox 884 3505 1091 3579; x_wconf 88' lang='lat' dir='ltr'><strong>pecuniarium,</strong></span> <span class='ocrx_word' id='word_1_295' title='bbox 1115 3518 1191 3579; x_wconf 87' lang='lat' dir='ltr'><strong>quse</strong></span> <span class='ocrx_word' id='word_1_296' title='bbox 1214 3506 1452 3573; x_wconf 83' lang='lat' dir='ltr'><strong>contemneretur,</strong></span> <span class='ocrx_word' id='word_1_297' title='bbox 1480 3500 1509 3557; x_wconf 92' lang='lat' dir='ltr'><strong>in</strong></span> <span class='ocrx_word' id='word_1_298' title='bbox 1532 3514 1597 3558; x_wconf 88' lang='lat' dir='ltr'><strong>cor·</strong></span> 
     </span>
     <span class='ocr_line' id='line_1_32' title="bbox 257 3587 1337 3664; baseline 0.004 -21"><span class='ocrx_word' id='word_1_299' title='bbox 257 3599 368 3655; x_wconf 78' lang='lat' dir='ltr'><strong>peream</strong></span> <span class='ocrx_word' id='word_1_300' title='bbox 391 3587 579 3664; x_wconf 84' lang='lat' dir='ltr'><strong>permutabit.</strong></span> <span class='ocrx_word' id='word_1_301' title='bbox 1334 3624 1337 3631; x_wconf 40' lang='grc' dir='ltr'><strong><em>ι</em></strong></span> 
     </span>
    </p>

    <p class='ocr_par' dir='ltr' id='par_1_5' title="bbox 334 3670 1597 3763">
     <span class='ocr_line' id='line_1_33' title="bbox 334 3670 1597 3763; baseline 0.002 -34"><span class='ocrx_word' id='word_1_302' title='bbox 334 3672 408 3731; x_wconf 87' lang='lat' dir='ltr'><strong>XV.</strong></span> <span class='ocrx_word' id='word_1_303' title='bbox 434 3671 557 3752; x_wconf 80' lang='lat' dir='ltr'><strong>Legem,</strong></span> <span class='ocrx_word' id='word_1_304' title='bbox 581 3692 656 3750; x_wconf 89' lang='lat' dir='ltr'><strong>quae</strong></span> <span class='ocrx_word' id='word_1_305' title='bbox 677 3675 756 3734; x_wconf 87' lang='lat' dir='ltr'><strong>iures</strong></span> <span class='ocrx_word' id='word_1_306' title='bbox 779 3676 935 3753; x_wconf 87' lang='lat' dir='ltr'><strong>suspendio</strong></span> <span class='ocrx_word' id='word_1_307' title='bbox 958 3679 1050 3753; x_wconf 90' lang='lat' dir='ltr'><strong>punit,</strong></span> <span class='ocrx_word' id='word_1_308' title='bbox 1075 3675 1206 3735; x_wconf 87' lang='lat' dir='ltr'><strong>Bodinns</strong></span> <span class='ocrx_word' id='word_1_309' title='bbox 1229 3680 1349 3735; x_wconf 88' lang='lat' dir='ltr'><strong>eatenus</strong></span> <span class='ocrx_word' id='word_1_310' title='bbox 1371 3674 1494 3763; x_wconf 86' lang='lat' dir='ltr'><strong>probat,</strong></span> <span class='ocrx_word' id='word_1_311' title='bbox 1518 3670 1597 3749; x_wconf 91' lang='lat' dir='ltr'><strong>qued</strong></span> 
     </span>
    </p>

    <p class='ocr_par' dir='ltr' id='par_1_6' title="bbox 259 3756 1676 5323">
     <span class='ocr_line' id='line_1_34' title="bbox 259 3756 1676 3840; baseline 0.006 -31"><span class='ocrx_word' id='word_1_312' title='bbox 259 3756 350 3816; x_wconf 84' lang='lat' dir='ltr'><strong>rititm</strong></span> <span class='ocrx_word' id='word_1_313' title='bbox 371 3762 495 3833; x_wconf 89' lang='lat' dir='ltr'><strong>ratione,</strong></span> <span class='ocrx_word' id='word_1_314' title='bbox 519 3778 555 3821; x_wconf 88' lang='lat' dir='ltr'><strong>ne</strong></span> <span class='ocrx_word' id='word_1_315' title='bbox 577 3762 655 3821; x_wconf 88' lang='lat' dir='ltr'><strong>iures</strong></span> <span class='ocrx_word' id='word_1_316' title='bbox 678 3770 849 3837; x_wconf 82' lang='lat' dir='ltr'><strong>augeantur,</strong></span> <span class='ocrx_word' id='word_1_317' title='bbox 872 3770 904 3822; x_wconf 90' lang='lat' dir='ltr'><strong>ut</strong></span> <span class='ocrx_word' id='word_1_318' title='bbox 925 3770 1056 3840; x_wconf 84' lang='lat' dir='ltr'><strong>peccata,</strong></span> <span class='ocrx_word' id='word_1_319' title='bbox 1080 3776 1156 3840; x_wconf 88' lang='lat' dir='ltr'><strong>quae</strong></span> <span class='ocrx_word' id='word_1_320' title='bbox 1177 3763 1340 3839; x_wconf 78' lang='lat' dir='ltr'><strong>frequentia</strong></span> <span class='ocrx_word' id='word_1_321' title='bbox 1362 3762 1459 3820; x_wconf 86' lang='lat' dir='ltr'><strong>hrtnru</strong></span> <span class='ocrx_word' id='word_1_322' title='bbox 1473 3760 1597 3833; x_wconf 89' lang='lat' dir='ltr'><strong>iuemnt,</strong></span> <span class='ocrx_word' id='word_1_323' title='bbox 1675 3822 1676 3827; x_wconf 55' lang='grc'>,</span> 
     </span>
     <span class='ocr_line' id='line_1_35' title="bbox 260 3846 1598 3927; baseline 0 -24"><span class='ocrx_word' id='word_1_324' title='bbox 260 3847 371 3916; x_wconf 68' lang='lat' dir='ltr'><strong>narius</strong></span> <span class='ocrx_word' id='word_1_325' title='bbox 394 3849 562 3925; x_wconf 88' lang='lat' dir='ltr'><strong>puniantur,</strong></span> <span class='ocrx_word' id='word_1_326' title='bbox 588 3848 665 3925; x_wconf 90' lang='lat' dir='ltr'><strong>quod</strong></span> <span class='ocrx_word' id='word_1_327' title='bbox 687 3852 893 3924; x_wconf 78' lang='lat' dir='ltr'><strong>geometricam</strong></span> <span class='ocrx_word' id='word_1_328' title='bbox 922 3854 999 3927; x_wconf 84' lang='lat' dir='ltr'><strong>sapit</strong></span> <span class='ocrx_word' id='word_1_329' title='bbox 1020 3853 1245 3927; x_wconf 88' lang='lat' dir='ltr'><strong>proportionem.</strong></span> <span class='ocrx_word' id='word_1_330' title='bbox 1290 3848 1419 3907; x_wconf 84' lang='lat' dir='ltr'><strong>Eandem</strong></span> <span class='ocrx_word' id='word_1_331' title='bbox 1441 3846 1598 3923; x_wconf 89' lang='lat' dir='ltr'><strong>reprehen-</strong></span> 
     </span>
     <span class='ocr_line' id='line_1_36' title="bbox 263 3926 1598 4014; baseline 0.007 -31"><span class='ocrx_word' id='word_1_332' title='bbox 263 3926 297 3987; x_wconf 87' lang='lat' dir='ltr'><strong>dit</strong></span> <span class='ocrx_word' id='word_1_333' title='bbox 317 3934 355 3991; x_wconf 93' lang='lat' dir='ltr'><strong>ob</strong></span> <span class='ocrx_word' id='word_1_334' title='bbox 379 3935 589 4010; x_wconf 82' lang='lat' dir='ltr'><strong>aequalitatem</strong></span> <span class='ocrx_word' id='word_1_335' title='bbox 612 3937 838 3996; x_wconf 88' lang='lat' dir='ltr'><strong>arithmeticam:</strong></span> <span class='ocrx_word' id='word_1_336' title='bbox 861 3938 1094 4013; x_wconf 78' lang='lat' dir='ltr'><strong>frequentissima</strong></span> <span class='ocrx_word' id='word_1_337' title='bbox 1116 3938 1225 4014; x_wconf 91' lang='lat' dir='ltr'><strong>quippe</strong></span> <span class='ocrx_word' id='word_1_338' title='bbox 1247 3937 1325 3996; x_wconf 86' lang='lat' dir='ltr'><strong>aetio</strong></span> <span class='ocrx_word' id='word_1_339' title='bbox 1346 3936 1413 3994; x_wconf 89' lang='lat' dir='ltr'><strong>lurtl</strong></span> <span class='ocrx_word' id='word_1_340' title='bbox 1437 3950 1488 4011; x_wconf 88' lang='lat' dir='ltr'><strong>per</strong></span> <span class='ocrx_word' id='word_1_341' title='bbox 1500 3936 1598 3994; x_wconf 89' lang='lat' dir='ltr'><strong>omnia</strong></span> 
     </span>
     <span class='ocr_line' id='line_1_37' title="bbox 261 4019 1597 4103; baseline 0.006 -32"><span class='ocrx_word' id='word_1_342' title='bbox 261 4019 360 4093; x_wconf 89' lang='lat' dir='ltr'><strong>oppida</strong></span> <span class='ocrx_word' id='word_1_343' title='bbox 383 4038 535 4100; x_wconf 84' lang='lat' dir='ltr'><strong>pagosque</strong></span> <span class='ocrx_word' id='word_1_344' title='bbox 553 4022 668 4099; x_wconf 85' lang='lat' dir='ltr'><strong>judices</strong></span> <span class='ocrx_word' id='word_1_345' title='bbox 690 4023 860 4101; x_wconf 88' lang='lat' dir='ltr'><strong>plerumque</strong></span> <span class='ocrx_word' id='word_1_346' title='bbox 882 4023 1013 4102; x_wconf 85' lang='lat' dir='ltr'><strong>plebejos</strong></span> <span class='ocrx_word' id='word_1_347' title='bbox 1035 4024 1136 4103; x_wconf 87' lang='lat' dir='ltr'><strong>habet,</strong></span> <span class='ocrx_word' id='word_1_348' title='bbox 1160 4027 1209 4099; x_wconf 86' lang='lat' dir='ltr'><strong>qui</strong></span> <span class='ocrx_word' id='word_1_349' title='bbox 1232 4022 1300 4082; x_wconf 91' lang='lat' dir='ltr'><strong>dum</strong></span> <span class='ocrx_word' id='word_1_350' title='bbox 1320 4020 1481 4099; x_wconf 82' lang='lat' dir='ltr'><strong>aequaliter</strong></span> <span class='ocrx_word' id='word_1_351' title='bbox 1496 4035 1597 4080; x_wconf 89' lang='lat' dir='ltr'><strong>omues</strong></span> 
     </span>
     <span class='ocr_line' id='line_1_38' title="bbox 263 4103 1597 4189; baseline 0.003 -29"><span class='ocrx_word' id='word_1_352' title='bbox 263 4103 293 4160; x_wconf 86' lang='lat' dir='ltr'><strong>ad</strong></span> <span class='ocrx_word' id='word_1_353' title='bbox 312 4108 458 4185; x_wconf 88' lang='lat' dir='ltr'><strong>supplicia</strong></span> <span class='ocrx_word' id='word_1_354' title='bbox 479 4112 608 4186; x_wconf 84' lang='lat' dir='ltr'><strong>rapiunt,</strong></span> <span class='ocrx_word' id='word_1_355' title='bbox 633 4128 691 4169; x_wconf 91' lang='lat' dir='ltr'><strong>nou</strong></span> <span class='ocrx_word' id='word_1_356' title='bbox 713 4112 895 4187; x_wconf 80' lang='lat' dir='ltr'><strong>intelligunt,</strong></span> <span class='ocrx_word' id='word_1_357' title='bbox 922 4130 954 4172; x_wconf 89' lang='lat' dir='ltr'><strong>se</strong></span> <span class='ocrx_word' id='word_1_358' title='bbox 976 4112 1185 4189; x_wconf 84' lang='lat' dir='ltr'><strong>iniquissimam</strong></span> <span class='ocrx_word' id='word_1_359' title='bbox 1209 4108 1345 4169; x_wconf 89' lang='lat' dir='ltr'><strong>iuducere</strong></span> <span class='ocrx_word' id='word_1_360' title='bbox 1367 4118 1527 4185; x_wconf 83' lang='lat' dir='ltr'><strong>poenarum</strong></span> <span class='ocrx_word' id='word_1_361' title='bbox 1550 4110 1597 4165; x_wconf 91' lang='lat' dir='ltr'><strong>in-</strong></span> 
     </span>
     <span class='ocr_line' id='line_1_39' title="bbox 263 4194 1598 4275; baseline 0 -22"><span class='ocrx_word' id='word_1_362' title='bbox 263 4194 471 4269; x_wconf 76' lang='lat' dir='ltr'><strong>aequalitatem,</strong></span> <span class='ocrx_word' id='word_1_363' title='bbox 495 4196 563 4255; x_wconf 92' lang='lat' dir='ltr'><strong>dum</strong></span> <span class='ocrx_word' id='word_1_364' title='bbox 585 4196 713 4275; x_wconf 79' lang='lat' dir='ltr'><strong>peccatis</strong></span> <span class='ocrx_word' id='word_1_365' title='bbox 737 4195 1016 4259; x_wconf 77' lang='lat' dir='ltr'><strong>circumstantiarum</strong></span> <span class='ocrx_word' id='word_1_366' title='bbox 1039 4200 1179 4258; x_wconf 83' lang='lat' dir='ltr'><strong>varietate</strong></span> <span class='ocrx_word' id='word_1_367' title='bbox 1208 4196 1455 4273; x_wconf 86' lang='lat' dir='ltr'><strong>inaequalissimis</strong></span> <span class='ocrx_word' id='word_1_368' title='bbox 1475 4194 1598 4255; x_wconf 86' lang='lat' dir='ltr'><strong>eandem</strong></span> 
     </span>
     <span class='ocr_line' id='line_1_40' title="bbox 266 4282 1598 4363; baseline 0.003 -26"><span class='ocrx_word' id='word_1_369' title='bbox 266 4292 375 4349; x_wconf 80' lang='lat' dir='ltr'><strong>poenam</strong></span> <span class='ocrx_word' id='word_1_370' title='bbox 399 4287 538 4360; x_wconf 81' lang='lat' dir='ltr'><strong>irrogant.</strong></span> <span class='ocrx_word' id='word_1_371' title='bbox 582 4284 733 4361; x_wconf 87' lang='lat' dir='ltr'><strong>Plerisque</strong></span> <span class='ocrx_word' id='word_1_372' title='bbox 755 4289 812 4346; x_wconf 90' lang='lat' dir='ltr'><strong>reis</strong></span> <span class='ocrx_word' id='word_1_373' title='bbox 843 4285 925 4347; x_wconf 88' lang='lat' dir='ltr'><strong>deest</strong></span> <span class='ocrx_word' id='word_1_374' title='bbox 943 4286 1046 4363; x_wconf 74' lang='lat' dir='ltr'><strong>Judicii</strong></span> <span class='ocrx_word' id='word_1_375' title='bbox 1079 4284 1241 4359; x_wconf 78' lang='lat' dir='ltr'><strong>firmitudo,</strong></span> <span class='ocrx_word' id='word_1_376' title='bbox 1275 4300 1334 4361; x_wconf 89' lang='lat' dir='ltr'><strong>qua</strong></span> <span class='ocrx_word' id='word_1_377' title='bbox 1357 4284 1412 4343; x_wconf 90' lang='lat' dir='ltr'><strong>rihl</strong></span> <span class='ocrx_word' id='word_1_378' title='bbox 1443 4284 1538 4358; x_wconf 74' lang='lat' dir='ltr'><strong>magis</strong></span> <span class='ocrx_word' id='word_1_379' title='bbox 1560 4282 1598 4342; x_wconf 91' lang='lat' dir='ltr'><strong>ab</strong></span> 
     </span>
     <span class='ocr_line' id='line_1_41' title="bbox 266 4362 1597 4452; baseline 0.002 -26"><span class='ocrx_word' id='word_1_380' title='bbox 266 4362 420 4445; x_wconf 81' lang='lat' dir='ltr'><strong>biouunio,</strong></span> <span class='ocrx_word' id='word_1_381' title='bbox 444 4388 530 4446; x_wconf 91' lang='lat' dir='ltr'><strong>quarn</strong></span> <span class='ocrx_word' id='word_1_382' title='bbox 554 4389 572 4430; x_wconf 87' lang='lat' dir='ltr'><strong>a</strong></span> <span class='ocrx_word' id='word_1_383' title='bbox 595 4372 794 4447; x_wconf 78' lang='lat' dir='ltr'><strong>magnitudine</strong></span> <span class='ocrx_word' id='word_1_384' title='bbox 817 4372 941 4452; x_wconf 89' lang='lat' dir='ltr'><strong>sceleris</strong></span> <span class='ocrx_word' id='word_1_385' title='bbox 956 4391 1062 4434; x_wconf 88' lang='lat' dir='ltr'><strong>cavere</strong></span> <span class='ocrx_word' id='word_1_386' title='bbox 1084 4372 1234 4446; x_wconf 89' lang='lat' dir='ltr'><strong>deberent,</strong></span> <span class='ocrx_word' id='word_1_387' title='bbox 1259 4372 1333 4449; x_wconf 86' lang='lat' dir='ltr'><strong>quos</strong></span> <span class='ocrx_word' id='word_1_388' title='bbox 1348 4371 1473 4444; x_wconf 87' lang='lat' dir='ltr'><strong>occasio,</strong></span> <span class='ocrx_word' id='word_1_389' title='bbox 1496 4370 1597 4443; x_wconf 79' lang='lat' dir='ltr'><strong>tames,</strong></span> 
     </span>
     <span class='ocr_line' id='line_1_42' title="bbox 267 4446 1597 4539; baseline 0.004 -29"><span class='ocrx_word' id='word_1_390' title='bbox 267 4446 568 4533; x_wconf 82' lang='lat' dir='ltr'><strong>liberommstudium,</strong></span> <span class='ocrx_word' id='word_1_391' title='bbox 592 4457 697 4518; x_wconf 81' lang='lat' dir='ltr'><strong>fiducia</strong></span> <span class='ocrx_word' id='word_1_392' title='bbox 718 4459 838 4532; x_wconf 89' lang='lat' dir='ltr'><strong>latendi,</strong></span> <span class='ocrx_word' id='word_1_393' title='bbox 861 4460 974 4521; x_wconf 90' lang='lat' dir='ltr'><strong>alienae</strong></span> <span class='ocrx_word' id='word_1_394' title='bbox 997 4460 1163 4539; x_wconf 80' lang='lat' dir='ltr'><strong>opulentiae</strong></span> <span class='ocrx_word' id='word_1_395' title='bbox 1187 4461 1295 4538; x_wconf 89' lang='lat' dir='ltr'><strong>opinio,</strong></span> <span class='ocrx_word' id='word_1_396' title='bbox 1319 4458 1396 4519; x_wconf 85' lang='lat' dir='ltr'><strong>iures</strong></span> <span class='ocrx_word' id='word_1_397' title='bbox 1418 4460 1501 4533; x_wconf 82' lang='lat' dir='ltr'><strong>lacit3</strong></span> <span class='ocrx_word' id='word_1_398' title='bbox 1533 4472 1597 4516; x_wconf 90' lang='lat' dir='ltr'><strong>cem</strong></span> 
     </span>
     <span class='ocr_line' id='line_1_43' title="bbox 269 4537 1599 4623; baseline 0.002 -22"><span class='ocrx_word' id='word_1_399' title='bbox 269 4537 348 4611; x_wconf 70' lang='lat' dir='ltr'><strong>i[nsum</strong></span> <span class='ocrx_word' id='word_1_400' title='bbox 368 4562 423 4621; x_wconf 91' lang='lat' dir='ltr'><strong>per</strong></span> <span class='ocrx_word' id='word_1_401' title='bbox 443 4562 475 4605; x_wconf 90' lang='lat' dir='ltr'><strong>se</strong></span> <span class='ocrx_word' id='word_1_402' title='bbox 497 4545 608 4604; x_wconf 86' lang='lat' dir='ltr'><strong>lacinus</strong></span> <span class='ocrx_word' id='word_1_403' title='bbox 631 4546 668 4605; x_wconf 91' lang='lat' dir='ltr'><strong>ad</strong></span> <span class='ocrx_word' id='word_1_404' title='bbox 692 4546 750 4607; x_wconf 88' lang='lat' dir='ltr'><strong>alia</strong></span> <span class='ocrx_word' id='word_1_405' title='bbox 773 4546 1251 4623; x_wconf 80' lang='lat' dir='ltr'><strong>comparatum-naturali‘judicio</strong></span> <span class='ocrx_word' id='word_1_406' title='bbox 1275 4544 1484 4623; x_wconf 83' lang='lat' dir='ltr'><strong>vilipendatur,</strong></span> <span class='ocrx_word' id='word_1_407' title='bbox 1519 4542 1599 4620; x_wconf 89' lang='lat' dir='ltr'><strong>quod</strong></span> 
     </span>
     <span class='ocr_line' id='line_1_44' title="bbox 270 4628 1598 4710; baseline 0.003 -23"><span class='ocrx_word' id='word_1_408' title='bbox 270 4628 342 4687; x_wconf 75' lang='lat' dir='ltr'><strong>thum</strong></span> <span class='ocrx_word' id='word_1_409' title='bbox 362 4631 410 4691; x_wconf 88' lang='lat' dir='ltr'><strong>lex</strong></span> <span class='ocrx_word' id='word_1_410' title='bbox 435 4631 543 4705; x_wconf 76' lang='lat' dir='ltr'><strong>diuma,</strong></span> <span class='ocrx_word' id='word_1_411' title='bbox 567 4650 642 4709; x_wconf 88' lang='lat' dir='ltr'><strong>quae</strong></span> <span class='ocrx_word' id='word_1_412' title='bbox 665 4633 820 4710; x_wconf 89' lang='lat' dir='ltr'><strong>quadrupli</strong></span> <span class='ocrx_word' id='word_1_413' title='bbox 843 4643 955 4694; x_wconf 84' lang='lat' dir='ltr'><strong>tautum</strong></span> <span class='ocrx_word' id='word_1_414' title='bbox 977 4636 1160 4696; x_wconf 87' lang='lat' dir='ltr'><strong>restitutione</strong></span> <span class='ocrx_word' id='word_1_415' title='bbox 1182 4634 1288 4694; x_wconf 84' lang='lat' dir='ltr'><strong>iortum</strong></span> <span class='ocrx_word' id='word_1_416' title='bbox 1310 4636 1402 4710; x_wconf 87' lang='lat' dir='ltr'><strong>punit,</strong></span> <span class='ocrx_word' id='word_1_417' title='bbox 1430 4631 1598 4692; x_wconf 85' lang='lat' dir='ltr'><strong>confirmare</strong></span> 
     </span>
     <span class='ocr_line' id='line_1_45' title="bbox 271 4713 1598 4798; baseline 0.005 -27"><span class='ocrx_word' id='word_1_418' title='bbox 271 4713 376 4776; x_wconf 77' lang='lat' dir='ltr'><strong>ridetur.</strong></span> <span class='ocrx_word' id='word_1_419' title='bbox 424 4718 455 4779; x_wconf 87' lang='lat' dir='ltr'><strong>Si</strong></span> <span class='ocrx_word' id='word_1_420' title='bbox 478 4726 573 4779; x_wconf 89' lang='lat' dir='ltr'><strong>tamen</strong></span> <span class='ocrx_word' id='word_1_421' title='bbox 597 4738 723 4796; x_wconf 89' lang='lat' dir='ltr'><strong>aequum</strong></span> <span class='ocrx_word' id='word_1_422' title='bbox 745 4728 774 4781; x_wconf 94' lang='lat' dir='ltr'><strong>et</strong></span> <span class='ocrx_word' id='word_1_423' title='bbox 796 4730 927 4782; x_wconf 90' lang='lat' dir='ltr'><strong>sanctum</strong></span> <span class='ocrx_word' id='word_1_424' title='bbox 951 4727 1003 4797; x_wconf 92' lang='lat' dir='ltr'><strong>est,</strong></span> <span class='ocrx_word' id='word_1_425' title='bbox 1026 4722 1108 4783; x_wconf 85' lang='lat' dir='ltr'><strong>illam</strong></span> <span class='ocrx_word' id='word_1_426' title='bbox 1123 4722 1272 4783; x_wconf 89' lang='lat' dir='ltr'><strong>hominnm</strong></span> <span class='ocrx_word' id='word_1_427' title='bbox 1288 4724 1408 4798; x_wconf 86' lang='lat' dir='ltr'><strong>partem,</strong></span> <span class='ocrx_word' id='word_1_428' title='bbox 1422 4736 1507 4795; x_wconf 65' lang='lat' dir='ltr'><strong>‘quae</strong></span> <span class='ocrx_word' id='word_1_429' title='bbox 1524 4717 1598 4777; x_wconf 85' lang='lat' dir='ltr'><strong>dolie</strong></span> 
     </span>
     <span class='ocr_line' id='line_1_46' title="bbox 275 4805 1598 4887; baseline 0.001 -25"><span class='ocrx_word' id='word_1_430' title='bbox 275 4805 434 4866; x_wconf 77' lang='lat' dir='ltr'><strong>unacum</strong></span> <span class='ocrx_word' id='word_1_431' title='bbox 463 4814 535 4865; x_wconf 90' lang='lat' dir='ltr'><strong>nata</strong></span> <span class='ocrx_word' id='word_1_432' title='bbox 561 4809 686 4867; x_wconf 92' lang='lat' dir='ltr'><strong>murium</strong></span> <span class='ocrx_word' id='word_1_433' title='bbox 713 4815 847 4867; x_wconf 92' lang='lat' dir='ltr'><strong>naturam</strong></span> <span class='ocrx_word' id='word_1_434' title='bbox 875 4810 977 4883; x_wconf 90' lang='lat' dir='ltr'><strong>ralert,</strong></span> <span class='ocrx_word' id='word_1_435' title='bbox 1008 4812 1134 4886; x_wconf 87' lang='lat' dir='ltr'><strong>parietes</strong></span> <span class='ocrx_word' id='word_1_436' title='bbox 1164 4809 1303 4887; x_wconf 80' lang='lat' dir='ltr'><strong>perfodit,</strong></span> <span class='ocrx_word' id='word_1_437' title='bbox 1335 4822 1393 4866; x_wconf 92' lang='lat' dir='ltr'><strong>non</strong></span> <span class='ocrx_word' id='word_1_438' title='bbox 1418 4808 1598 4867; x_wconf 84' lang='lat' dir='ltr'><strong>lortuuaruur</strong></span> 
     </span>
     <span class='ocr_line' id='line_1_47' title="bbox 275 4891 1599 4973; baseline -0.001 -22"><span class='ocrx_word' id='word_1_439' title='bbox 275 4891 382 4965; x_wconf 59' lang='lat' dir='ltr'><strong>butum,</strong></span> <span class='ocrx_word' id='word_1_440' title='bbox 413 4892 577 4953; x_wconf 85' lang='lat' dir='ltr'><strong>sedetiam</strong></span> <span class='ocrx_word' id='word_1_441' title='bbox 606 4896 686 4954; x_wconf 88' lang='lat' dir='ltr'><strong>vitae</strong></span> <span class='ocrx_word' id='word_1_442' title='bbox 708 4899 893 4955; x_wconf 89' lang='lat' dir='ltr'><strong>securitatem</strong></span> <span class='ocrx_word' id='word_1_443' title='bbox 922 4896 1070 4973; x_wconf 89' lang='lat' dir='ltr'><strong>publicam</strong></span> <span class='ocrx_word' id='word_1_444' title='bbox 1092 4896 1203 4970; x_wconf 83' lang='lat' dir='ltr'><strong>turbet,</strong></span> <span class='ocrx_word' id='word_1_445' title='bbox 1235 4897 1305 4971; x_wconf 89' lang='lat' dir='ltr'><strong>reip.</strong></span> <span class='ocrx_word' id='word_1_446' title='bbox 1336 4896 1433 4972; x_wconf 90' lang='lat' dir='ltr'><strong>potius</strong></span> <span class='ocrx_word' id='word_1_447' title='bbox 1456 4908 1545 4953; x_wconf 87' lang='lat' dir='ltr'><strong>eausa</strong></span> <span class='ocrx_word' id='word_1_448' title='bbox 1566 4897 1599 4951; x_wconf 89' lang='lat' dir='ltr'><strong>ut</strong></span> 
     </span>
     <span class='ocr_line' id='line_1_48' title="bbox 275 4978 1599 5062; baseline 0.004 -30"><span class='ocrx_word' id='word_1_449' title='bbox 275 4981 365 5039; x_wconf 80' lang='lat' dir='ltr'><strong>ueteres</strong></span> <span class='ocrx_word' id='word_1_450' title='bbox 386 4980 463 5040; x_wconf 87' lang='lat' dir='ltr'><strong>ieras</strong></span> <span class='ocrx_word' id='word_1_451' title='bbox 487 4998 608 5058; x_wconf 87' lang='lat' dir='ltr'><strong>rapaces</strong></span> <span class='ocrx_word' id='word_1_452' title='bbox 629 4985 733 5055; x_wconf 92' lang='lat' dir='ltr'><strong>minui,</strong></span> <span class='ocrx_word' id='word_1_453' title='bbox 764 4990 840 5044; x_wconf 90' lang='lat' dir='ltr'><strong>certe</strong></span> <span class='ocrx_word' id='word_1_454' title='bbox 862 4979 1010 5061; x_wconf 85' lang='lat' dir='ltr'><strong>respectus</strong></span> <span class='ocrx_word' id='word_1_455' title='bbox 1033 4987 1122 5062; x_wconf 82' lang='lat' dir='ltr'><strong>reip,</strong></span> <span class='ocrx_word' id='word_1_456' title='bbox 1145 4990 1178 5042; x_wconf 90' lang='lat' dir='ltr'><strong>ut</strong></span> <span class='ocrx_word' id='word_1_457' title='bbox 1200 4998 1290 5059; x_wconf 86' lang='lat' dir='ltr'><strong>saepe</strong></span> <span class='ocrx_word' id='word_1_458' title='bbox 1303 4980 1420 5053; x_wconf 88' lang='lat' dir='ltr'><strong>dictum,</strong></span> <span class='ocrx_word' id='word_1_459' title='bbox 1442 4978 1599 5057; x_wconf 87' lang='lat' dir='ltr'><strong>respondet</strong></span> 
     </span>
     <span class='ocr_line' id='line_1_49' title="bbox 278 5066 1598 5149; baseline 0.001 -24"><span class='ocrx_word' id='word_1_460' title='bbox 278 5068 408 5126; x_wconf 79' lang='lat' dir='ltr'><strong>urantui</strong></span> <span class='ocrx_word' id='word_1_461' title='bbox 430 5066 614 5141; x_wconf 86' lang='lat' dir='ltr'><strong>harmonico,</strong></span> <span class='ocrx_word' id='word_1_462' title='bbox 641 5069 696 5129; x_wconf 87' lang='lat' dir='ltr'><strong>n&#39;ec</strong></span> <span class='ocrx_word' id='word_1_463' title='bbox 709 5072 780 5130; x_wconf 84' lang='lat' dir='ltr'><strong>sine</strong></span> <span class='ocrx_word' id='word_1_464' title='bbox 803 5074 1021 5131; x_wconf 87' lang='lat' dir='ltr'><strong>accuratissima</strong></span> <span class='ocrx_word' id='word_1_465' title='bbox 1042 5071 1251 5149; x_wconf 79' lang='lat' dir='ltr'><strong>temperatione</strong></span> <span class='ocrx_word' id='word_1_466' title='bbox 1273 5069 1443 5128; x_wconf 87' lang='lat' dir='ltr'><strong>harmonica</strong></span> <span class='ocrx_word' id='word_1_467' title='bbox 1464 5068 1598 5142; x_wconf 82' lang='lat' dir='ltr'><strong>quaestio</strong></span> 
     </span>
     <span class='ocr_line' id='line_1_50' title="bbox 278 5142 1598 5236; baseline 0.004 -29"><span class='ocrx_word' id='word_1_468' title='bbox 278 5142 333 5208; x_wconf 72' lang='lat' dir='ltr'><strong>laec</strong></span> <span class='ocrx_word' id='word_1_469' title='bbox 350 5156 476 5214; x_wconf 84' lang='lat' dir='ltr'><strong>exerceri</strong></span> <span class='ocrx_word' id='word_1_470' title='bbox 499 5154 594 5229; x_wconf 90' lang='lat' dir='ltr'><strong>debet,</strong></span> <span class='ocrx_word' id='word_1_471' title='bbox 618 5173 663 5228; x_wconf 91' lang='lat' dir='ltr'><strong>ne,</strong></span> <span class='ocrx_word' id='word_1_472' title='bbox 686 5156 755 5216; x_wconf 91' lang='lat' dir='ltr'><strong>dum</strong></span> <span class='ocrx_word' id='word_1_473' title='bbox 777 5160 846 5236; x_wconf 90' lang='lat' dir='ltr'><strong>reip.</strong></span> <span class='ocrx_word' id='word_1_474' title='bbox 871 5158 1041 5229; x_wconf 92' lang='lat' dir='ltr'><strong>consulitur,</strong></span> <span class='ocrx_word' id='word_1_475' title='bbox 1064 5158 1181 5231; x_wconf 89' lang='lat' dir='ltr'><strong>multis,</strong></span> <span class='ocrx_word' id='word_1_476' title='bbox 1205 5158 1254 5233; x_wconf 92' lang='lat' dir='ltr'><strong>qui</strong></span> <span class='ocrx_word' id='word_1_477' title='bbox 1277 5168 1359 5235; x_wconf 88' lang='lat' dir='ltr'><strong>spem</strong></span> <span class='ocrx_word' id='word_1_478' title='bbox 1381 5156 1450 5215; x_wconf 90' lang='lat' dir='ltr'><strong>boni</strong></span> <span class='ocrx_word' id='word_1_479' title='bbox 1473 5156 1547 5215; x_wconf 89' lang='lat' dir='ltr'><strong>ciris</strong></span> <span class='ocrx_word' id='word_1_480' title='bbox 1568 5156 1598 5212; x_wconf 94' lang='lat' dir='ltr'><strong>in</strong></span> 
     </span>
     <span class='ocr_line' id='line_1_51' title="bbox 280 5240 1511 5323; baseline -0.003 -16"><span class='ocrx_word' id='word_1_481' title='bbox 280 5243 402 5307; x_wconf 76' lang='lat' dir='ltr'><strong>iimreca</strong></span> <span class='ocrx_word' id='word_1_482' title='bbox 423 5242 561 5320; x_wconf 85' lang='lat' dir='ltr'><strong>praebere</strong></span> <span class='ocrx_word' id='word_1_483' title='bbox 582 5240 721 5321; x_wconf 87' lang='lat' dir='ltr'><strong>possunt,</strong></span> <span class='ocrx_word' id='word_1_484' title='bbox 744 5245 808 5307; x_wconf 82' lang='lat' dir='ltr'><strong>vita</strong></span> <span class='ocrx_word' id='word_1_485' title='bbox 829 5252 937 5307; x_wconf 90' lang='lat' dir='ltr'><strong>temera</strong></span> <span class='ocrx_word' id='word_1_486' title='bbox 956 5247 998 5306; x_wconf 92' lang='lat' dir='ltr'><strong>ob</strong></span> <span class='ocrx_word' id='word_1_487' title='bbox 1018 5246 1078 5308; x_wconf 87' lang='lat' dir='ltr'><strong>hoo</strong></span> <span class='ocrx_word' id='word_1_488' title='bbox 1098 5262 1191 5323; x_wconf 77' lang='lat' dir='ltr'><strong>genus</strong></span> <span class='ocrx_word' id='word_1_489' title='bbox 1213 5245 1340 5305; x_wconf 86' lang='lat' dir='ltr'><strong>criminis</strong></span> <span class='ocrx_word' id='word_1_490' title='bbox 1366 5244 1511 5323; x_wconf 88' lang='lat' dir='ltr'><strong>eripiatur.</strong></span> 
     </span>
    </p>
   </div>
   <div class='ocr_carea' id='block_1_3' title="bbox 0 0 2142 6384">
    <p class='ocr_par' dir='ltr' id='par_1_7' title="bbox 0 0 2142 6384">
     <span class='ocr_line' id='line_1_52' title="bbox 0 0 2142 6384; baseline 0 0"><span class='ocrx_word' id='word_1_491' title='bbox 0 0 2142 6384; x_wconf 95' lang='lat' dir='ltr'><strong> </strong></span> 
     </span>
    </p>
   </div>
  </div>
 </body>
</html>
