4242 6384
457 837 478 894 4
1036 827 1206 884 Prooemium

456 1025 562 1070 munus
580 1009 610 1067 iu
625 1008 776 1086 gymnasio
794 1005 953 1068 Grastiano
968 1005 1041 1066 adiit
1054 1005 1200 1084 Keplerus
1219 1001 1349 1088 (1594),
1371 1012 1458 1065 antea
1480 1005 1645 1064 universam
1667 1011 1800 1064 veterum

457 1095 673 1174 philosophiam
703 1095 783 1154 hand
812 1101 889 1154 certo
920 1093 1040 1155 consilio
1071 1093 1253 1171 complexus,
1284 1092 1383 1152 studia
1415 1110 1471 1152 sua
1497 1091 1539 1155 ud
1573 1101 1682 1152 certum
1712 1090 1799 1150 duem

458 1183 570 1243 direxit.
599 1183 757 1260 Regnlsria
771 1182 957 1259 Pythagorae
980 1197 1102 1258 corpora
1124 1181 1191 1256 alia,
1215 1197 1303 1257 quam
1322 1181 1362 1239 ab
1385 1180 1442 1240 hoc
1462 1180 1573 1240 lactum
1594 1186 1664 1253 erat,
1686 1179 1800 1237 ratione

458 1288 523 1332 cum
539 1271 719 1349 planetarum
734 1271 860 1330 motibus
875 1271 1049 1347 coniungere
1065 1268 1210 1344 studebat,
1226 1267 1495 1346 Pythagoraeorum
1510 1265 1661 1346 symbolos
1673 1267 1800 1325 retinens

458 1375 614 1438 eorumque
635 1359 774 1436 mysticos
796 1370 930 1417 numeros
952 1356 1032 1416 haud
1054 1358 1096 1416 ita
1116 1357 1201 1434 parvi
1222 1355 1361 1432 pendens.
1407 1354 1475 1432 ,Ad
1503 1371 1688 1414 numerorum
1716 1370 1801 1413 men-

457 1459 564 1520 suram,
586 1449 690 1522 inquit,
714 1443 846 1504 conditus
869 1451 913 1504 est
934 1444 1068 1518 mundns,
1091 1461 1160 1520 ergo
1183 1442 1221 1502 ad
1244 1444 1438 1519 quantitatum
1460 1459 1641 1518 mensuram,
1670 1443 1700 1499 in
1721 1439 1801 1499 linea

457 1551 528 1594 vero
550 1533 648 1593 nullus
671 1539 714 1593 est
735 1549 872 1592 numerus
894 1549 948 1590 nec
969 1534 1000 1590 in
1021 1531 1182 1608 superlicio,
1204 1530 1256 1590 sed
1275 1529 1402 1589 infinitas
1417 1562 1459 1575 -
1474 1531 1563 1607 igitur
1576 1531 1606 1587 in
1622 1528 1800 1605 corporibus.

457 1619 519 1681 Nec
545 1638 616 1682 vero
645 1626 785 1696 superant
807 1635 959 1679 numerum
984 1621 1001 1678 6
1030 1619 1089 1678 ista
1115 1634 1250 1696 corpora,
1282 1617 1319 1677 ad
1347 1617 1447 1676 mnudi
1469 1619 1712 1678 constructionem
1732 1631 1802 1691 per-

458 1711 593 1782 tinentia,
628 1708 738 1766 seilicet
765 1707 871 1785 globus
900 1709 963 1766 sive
991 1707 1089 1782 potius
1117 1706 1301 1783 sphaericum
1331 1721 1507 1780 concavum,
1542 1713 1571 1764 et
1595 1705 1613 1763 5
1640 1702 1799 1764 rectilinea.

458 1794 648 1873 sphaericum
668 1793 772 1858 ultimo
788 1795 870 1854 coelo
890 1793 1018 1868 debetur,
1041 1811 1110 1852 nam
1124 1793 1232 1871 duplex
1248 1801 1292 1857 est
1306 1791 1440 1868 muudus,
1461 1793 1579 1852 mobilis
1594 1799 1624 1852 et
1638 1793 1801 1868 quiescens,

459 1882 508 1942 ille
530 1882 568 1942 ad
590 1884 747 1959 imaginem
768 1881 834 1956 Dei,
858 1889 1002 1957 quatenus
1023 1889 1116 1955 creat,
1144 1881 1193 1941 hic
1215 1879 1253 1940 ad
1275 1883 1432 1956 imaginem
1455 1881 1598 1940 essentiae
1621 1879 1749 1938 Divinae
1771 1880 1801 1934 in

458 1987 490 2030 se
513 1969 721 2030 consideratae.
767 1967 895 2029 curvum
918 1969 991 2043 Deo,
1022 1976 1133 2028 rectum
1163 1974 1310 2028 creaturae
1339 1976 1531 2045 eomparatur.
1576 1967 1611 2026 In
1639 1967 1728 2044 globo
1756 1973 1804 2024 est

458 2059 586 2116 trinitas:
610 2057 800 2134 sphaericum,
824 2064 961 2131 centrum,
985 2058 1147 2133 capacitas3
1170 2057 1257 2115 sicin
1271 2055 1379 2117 mundo
1395 2058 1494 2132 quieto
1508 2053 1593 2129 brae,
1616 2053 1677 2128 Sol,
1700 2051 1803 2113 aethra

457 2144 637 2206 intermedia.
671 2143 800 2203 Mundus
821 2143 938 2204 mobilis
961 2160 996 2203 cx
1017 2142 1175 2204 rectilineis
1198 2143 1373 2218 censendum
1396 2142 1511 2203 illor'um
1532 2151 1600 2202 sunt
1623 2144 1750 2218 quinque
1773 2148 1803 2200 et

457 2231 484 2290 si
506 2231 557 2292 illa
578 2248 631 2310 pro
654 2233 783 2292 terminis
803 2228 942 2291 habenda
962 2238 1043 2306 sunt,
1067 2248 1126 2290 non
1149 2231 1286 2308 poterunt
1306 2231 1404 2309 plures
1426 2249 1471 2291 res
1494 2230 1685 2307 distinguere,
1713 2245 1802 2305 quam

458 2335 522 2378 sex:
549 2337 600 2379 sex
622 2321 711 2396 igitur
731 2319 852 2378 mobilia
874 2317 974 2379 Solem
997 2320 1303 2379 circumambeuntia.“
1352 2317 1438 2378 Hanc
1460 2321 1633 2378 sententiam
1655 2313 1802 2393 quomodo

457 2405 603 2482 Keplerus
631 2407 832 2484 explicaverit,
864 2405 1010 2482 quomodo
1038 2409 1166 2482 quinque
1180 2397 1339 2482 *regularia
1367 2421 1490 2482 corpora
1519 2406 1549 2462 in
1575 2405 1709 2482 planetas
1739 2413 1803 2462 tum

458 2497 592 2570 cognitos
615 2493 759 2567 diviserit,
788 2501 942 2560 retrectare
965 2483 1093 2553 alienum
1115 2511 1179 2554 esse
1201 2493 1240 2554 ab
1262 2491 1406 2553 hocloco
1428 2492 1551 2554 videtur.
1605 2491 1713 2552 Videre
1734 2489 1803 2549 licet

457 2581 493 2640 de
508 2581 553 2640 his
568 2583 735 2658 primarium
750 2579 870 2657 Kepleri
885 2597 967 2657 opus,
991 2579 1239 2654 Prodromum,
1262 2581 1355 2657 primo
1371 2580 1519 2639 volumine
1541 2579 1629 2655 hujus
1651 2578 1802 2652 editionis;

456 2669 541 2728 nohis
572 2673 643 2728 setis
672 2671 767 2728 visum
795 2663 969 2742 intendisse,
1003 2668 1149 2744 quomodo
1173 2667 1319 2745 Keplerus
1341 2669 1475 2728 notiones
1501 2669 1575 2727 inter
1599 2665 1803 2743 philosophica

456 2755 554 2816 studia
569 2757 722 2834 Tubingae
745 2755 781 2816 de
795 2753 999 2834 Pythagoricis
1022 2756 1169 2834 mysteriis
1191 2763 1348 2832 conceptas
1370 2757 1400 2814 iu
1423 2772 1507 2816 usum
1528 2771 1615 2813 suum
1637 2753 1801 2825 contulerit,

457 2853 490 2904 ut
512 2846 611 2904 statim
633 2853 863 2904 astronomorum
886 2845 1073 2919 omniumque
1095 2841 1246 2904 homiuum
1266 2843 1358 2904 literis
1381 2841 1559 2903 eruditorum
1580 2844 1693 2901 animos
1714 2842 1745 2898 in
1770 2857 1802 2900 se

428 2993 429 3001 ,
460 2939 649 2996 converteret
694 2930 829 2991 Proxime
859 2937 958 3000 eutem
986 2929 1043 2990 hoc
1071 2929 1173 2992 libello
1200 2931 1310 2992 laetum
1341 2938 1397 3005 cst,
1433 2938 1467 2990 ut
1493 2937 1723 2990 astronomorum
1750 2927 1801 2986 illo

456 3017 586 3095 tem'por'e
609 3017 810 3093 celeberrimo,
843 3017 976 3094 Pychoni
998 3017 1104 3093 Brahe,
1132 3020 1338 3093 innotesceret,
1369 3019 1420 3095 qui
1450 3034 1518 3079 eum
1544 3017 1626 3078 brevi
1656 3024 1738 3094 post,
1770 3022 1803 3074 ut

453 3105 571 3184 juvenis
605 3107 723 3181 ingenio
754 3107 784 3162 in
817 3121 901 3164 suam
934 3123 995 3165 rem
1024 3106 1206 3179 abuteretur,
1239 3105 1366 3182 Pragam
1398 3105 1558 3165 arcessivit
1609 3104 1647 3163 llt
1677 3105 1802 3181 primum

392 3185 397 3194 “
457 3191 574 3268 quidem
594 3191 696 3270 Tycho
719 3187 848 3270 collegae
867 3193 971 3268 juveni
993 3193 1153 3266 mandavit,
1177 3201 1211 3253 ut
1230 3196 1328 3269 ipsnm
1349 3191 1451 3253 libello
1473 3190 1680 3253 conscribendo
1702 3198 1802 3251 contra

456 3279 626 3340 Reimarum
647 3277 754 3340 Ursum
776 3277 951 3340 detenderet.
1000 3277 1092 3342 Ursus
1114 3282 1192 3341 euim
1213 3298 1281 3340 cum
1302 3279 1362 3340 alia
1382 3279 1516 3357 Tycheni
1539 3281 1651 3340 crimini
1674 3277 1801 3350 dederat,

457 3357 519 3426 tum
545 3381 639 3427 retum
669 3369 867 3428 universitatis
896 3369 1052 3443 rationem,
1083 3367 1217 3446 Tychoni
1242 3357 1411 3448 probatam,
1438 3383 1498 3426 non
1520 3385 1584 3427 esse
1606 3383 1727 3440 novam,
1751 3364 1803 3426 sed

458 3453 578 3515 Graecis
600 3455 748 3515 veteribus
771 3454 870 3514 deberi
892 3457 1069 3530 auctoribus,
1091 3462 1264 3516 asseruerat
1287 3455 1428 3531 Idemque
1443 3451 1535 3515 Ursus
1558 3471 1637 3515 uova
1659 3453 1803 3530 quaedam

458 3541 495 3601 dc
518 3545 719 3602 astronomicis
740 3542 952 3620 hypothesibus
974 3543 1122 3619 professus
1145 3550 1215 3617 erat,
1239 3561 1313 3619 quas
1335 3543 1406 3602 dicit
1427 3542 1563 3617 „fictitias
1587 3541 1803 3619 suppositiones

457 3631 631 3705 minimeque
646 3647 730 3690 veras
745 3647 798 3688 seu
813 3630 1049 3706 substantialem,
1067 3629 1231 3706 cujusmodi
1245 3630 1423 3708 hypotheses
1437 3629 1675 3706 „concentrieas“
1687 3628 1803 3689 Eudoxi

458 3724 487 3776 et
512 3718 728 3792 ,excentricas“
752 3717 1021 3794 Pythagoraeorum
1049 3725 1167 3778 auctore
1190 3717 1347 3778 Aristotele
1369 3719 1586 3792 nominaverat,
1616 3734 1745 3794 suaeque
1768 3716 1804 3776 de

457 3803 668 3882 hypothesibus
699 3807 861 3864 sententiae
891 3799 1149 3866 astronomicarum
1180 3805 1388 3884 hypothesium
1416 3805 1581 3880 historiam,
1614 3822 1684 3865 vera
1713 3803 1802 3878 falsis,

458 3901 536 3951 certa
550 3891 692 3951 sabulosis
706 3892 786 3951 nidlo
799 3892 910 3968 judicio
926 3896 1126 3968 commiscens,
1149 3901 1336 3956 annexuerat.
1375 3893 1483 3954 Contra
1497 3892 1578 3953 illam
1598 3891 1804 3970 hypothesium

458 3977 669 4053 definitionem,
708 3986 809 4040 contra
844 3979 994 4041 historiam
1028 3984 1071 4042 ita
1106 3988 1270 4058 corruptam
1301 3982 1364 4058 jam
1396 3980 1540 4057 Keplerus
1574 3979 1672 4057 prodit
1702 3978 1803 4039 libello

458 4065 598 4126 adversus
621 4063 726 4126 Ursum
751 4069 928 4145 conscripto,
953 4067 1032 4146 quod
1053 4075 1087 4131 ut
1107 4068 1229 4143 laceret,
1259 4069 1359 4129 studia
1379 4070 1539 4129 novissimo
1562 4075 1691 4145 tempore
1713 4069 1803 4126 inter-

458 4155 548 4214 missa
569 4156 696 4230 recipere
720 4162 840 4216 coactus
863 4165 926 4216 eret
949 4159 1007 4220 (ch.
1025 4161 1046 4214 1.
1067 4160 1190 4230 ilisa).
1235 4155 1318 4231 Quae
1336 4156 1405 4216 dum
1426 4159 1544 4233 repetit,
1567 4157 1686 4234 propius
1707 4172 1805 4214 rursus

459 4234 501 4303 ad
520 4259 586 4302 eum
608 4241 753 4302 accedunt
772 4243 971 4322 Pythagorica
993 4243 1137 4320 symbola,
1160 4245 1281 4316 numeri,
1303 4242 1414 4319 figurae
1436 4253 1466 4304 et
1487 4244 1655 4304 humaniue
1680 4245 1804 4301 arctius-

460 4347 516 4406 que
538 4347 570 4388 se
594 4329 773 4405 conjungunt
795 4347 862 4390 cum
884 4333 934 4404 iis,
959 4345 1034 4405 quae
1058 4329 1094 4392 de
1116 4349 1203 4404 nexu,
1226 4345 1355 4404 numero,
1378 4330 1592 4408 magnitudine,
1615 4328 1753 4388 distantia
1776 4337 1805 4390 et

458 4424 542 4476 motu
561 4415 744 4492 planetarum
765 4425 862 4502 mente
886 4425 1059 4494 conceperat
1081 4425 1111 4477 et
1131 4435 1208 4495 quae
1223 4415 1341 4492 quidem
1362 4424 1459 4489 mente
1481 4423 1622 4495 conceptu
1643 4417 1723 4492 prins
1740 4416 1803 4493 jam

457 4504 700 4581 pronunciaturus
722 4503 816 4563 luerat
839 4503 1054 4564 conscribendis
1075 4505 1208 4582 pluribus
1230 4503 1348 4580 libellis,
1371 4522 1445 4580 quos
1460 4505 1553 4566 literls
1569 4504 1607 4566 ad
1621 4503 1804 4564 Herwartnm

459 4592 535 4652 detis
558 4596 707 4651 enumerat
730 4592 904 4662 (clr.1.62).

555 4678 696 4757 'lychone
719 4684 832 4738 mortuo
856 4672 974 4760 (1601)
997 4683 1183 4738 echonomus
1205 4678 1399 4740 Caesarianus
1421 4685 1544 4754 creatus,
1568 4696 1634 4739 eum
1654 4678 1804 4758 Tyehonis

459 4779 548 4841 opera
569 4767 807 4826 relicte'eernere
831 4771 860 4823 et
882 4765 966 4824 edere
985 4765 1087 4842 jussus
1110 4773 1196 4842 esset,
1218 4767 1334 4844 Prsgae
1356 4765 1464 4844 degens
1487 4765 1643 4845 impeditus
1665 4775 1718 4841 est,
1746 4785 1804 4844 qno

460 4853 771 4930 minusprcpositnm,
794 4851 873 4928 quod
897 4852 1029 4926 drimus,
1053 4853 1211 4929 perficeret.
1250 4854 1292 4913 At
1313 4852 1383 4915 dnm
1404 4873 1451 4915 res
1472 4873 1492 4915 a
1512 4857 1662 4932 proposito
1684 4855 1803 4930 alienas

458 4937 607 5015 Rudolphi
629 4942 815 5017 Imperatoris
839 4947 868 5000 et
891 4939 1052 5000 aulicorum
1074 4957 1174 5001 amore
1196 4949 1226 5002 et
1247 4944 1452 5019 superstitione
1474 4943 1619 5019 obtrusas,
1642 4945 1712 5020 agit
1735 4942 1804 5004 dum

458 5025 569 5101 majore
597 5029 627 5085 in
657 5029 718 5088 dies
745 5027 885 5104 astrologi
912 5029 1028 5089 nominc
1058 5029 1253 5090 inclarescens
1276 5029 1312 5090 de
1334 5029 1479 5091 sideribus
1501 5029 1647 5091 nataliciis
1669 5037 1699 5090 et
1719 5032 1804 5107 geni·

459 5115 531 5172 turis
551 5116 583 5172 in
605 5116 757 5178 consilinm
779 5122 901 5177 vocatur
929 5123 959 5176 et
987 5133 1081 5176 rerum
1108 5118 1208 5194 inopia
1235 5117 1453 5180 consulentibus
1479 5118 1654 5199 respondere
1680 5119 1802 5194 cogitur,

458 5200 521 5262 fieri
542 5219 601 5260 nen
623 5205 728 5279 potuit,
757 5207 827 5281 quin
850 5201 892 5264 illi
914 5203 961 5263 his
984 5204 1072 5264 rehus
1095 5212 1237 5282 occupato
1265 5208 1356 5282 notio,
1386 5224 1473 5284 quam
1503 5207 1538 5270 de
1567 5205 1803 5284 proportionibus

459 5287 635 5352 harmonicis
657 5307 724 5352 cum
745 5291 914 5366 coelestium
941 5308 1094 5369 corporum
1120 5300 1203 5356 motu
1231 5293 1443 5372 conjungendis
1469 5292 1654 5373 conceperat,
1678 5295 1804 5372 propius
