4242 6384
767 847 1012 907 Demonstratloue.
1046 848 1130 907 Liber
1145 852 1167 911 1.
1598 858 1642 927 gp*

377 1023 457 1095 Quod
478 1024 561 1083 blase
580 1022 653 1083 tales
673 1022 776 1090 lineae,
802 1022 871 1081 duos
892 1026 1038 1097 rmuisltos
1060 1026 1175 1087 merrus
1197 1032 1380 1099 peremtas,
1403 1030 1557 1092 ιιεεεεειιίο
1574 1035 1642 1103 fisus

305 1100 438 1163 binominis
454 1111 485 1163 ει
500 1112 637 1177 apotome,
656 1104 859 1163 demonstratur
875 1106 911 1164 td
928 1110 1046 1167 eundem
1058 1108 1185 1180 medum,
1209 1106 1245 1165 ad
1261 1125 1341 1181 quem
1358 1111 1391 1165 Χ.
1410 1111 1454 1169 33.
1473 1120 1516 1171 εει
1533 1114 1643 1173 demeu-

303 1191 383 1255 m
402 1190 510 1246 butum
527 1190 559 1244 ui
576 1199 628 1256 pro
646 1184 753 1241 duabus
770 1184 857 1255 ὖῃιιις
874 1190 1082 1255 mustaceus
1100 1188 1280 1247 adhibeantur
1297 1189 1371 1261 ῥηται
1381 1211 1464 1261 optat,
1482 1188 1510 1249 et
1526 1192 1573 1249 ubi
1590 1214 1643 1257 vox

304 1280 371 1331 paros
386 1265 516 1333 osma-rit,
535 1264 616 1337 ipses
631 1269 761 1335 ponatur:
780 1269 809 1319 et
824 1264 920 1322 ultim
938 1274 1112 1339 eempmetur
1129 1268 1250 1327 definitio
1267 1268 1410 1327 binominis
1429 1276 1458 1327 ei
1474 1280 1624 1343 apotomes.

374 1341 456 1413 Quod
473 1349 565 1401 autem
582 1358 618 1401 ex
635 1342 831 1414 oranpoaitioue
848 1349 876 1399 et
893 1344 1076 1403 abstractione
1093 1347 1238 1405 binominis
1256 1353 1284 1404 ει
1301 1356 1449 1421 apotomes,
1467 1348 1536 1411 duos
1553 1357 1642 1427 requi·

305 1422 360 1479 sitos
376 1420 494 1481 effectus
511 1422 724 1493 praestantium,
741 1420 791 1477 fiat
806 1438 914 1478 rursum
932 1422 1062 1491 effabilis,
1081 1426 1121 1482 sic
1138 1436 1227 1497 patet:
1400 1448 1449 1499 sua.
1463 1450 1481 1491 r.

301 1516 350 1554 rum
366 1500 439 1555 enim
457 1514 564 1556 summa
580 1500 773 1575 quadratorum
791 1501 827 1557 sit
844 1498 974 1565 cerbon,
996 1509 1025 1558 et
1040 1507 1230 1577 rectangulum

299 1579 408 1642 effabile,
433 1579 645 1650 compositarum
662 1580 745 1652 igitur
760 1578 789 1634 in
806 1596 890 1636 unum
907 1580 1068 1652 quadratum
1094 1586 1230 1644 constabit

298 1674 324 1712 rr
342 1658 489 1731 utriusque
508 1659 642 1731 quadrato
667 1666 696 1716 et
718 1660 826 1716 dnobus
846 1660 1013 1731 rectaugulis
1030 1664 1226 1735 communibus,

298 1754 323 1793 ar
337 1738 446 1795 duabus
468 1754 508 1797 so
526 1740 651 1811 partibus
668 1732 834 1797 effabilibus:
853 1754 938 1811 qnare
958 1746 988 1795 et
1008 1745 1095 1796 totum
1112 1744 1228 1811 quadra·

298 1827 342 1873 tm
362 1816 478 1875 statne
501 1821 565 1889 erit,
587 1820 672 1887 igitur
693 1826 723 1877 et
744 1820 817 1877 linea
840 1820 1005 1891 composita,
1037 1826 1135 1890 potens
1160 1820 1228 1879 illud

297 1897 458 1970 gudram
502 1898 544 1954 eit
565 1898 693 1955 binomen
714 1906 761 1969 ip,
786 1899 845 1969 ejus
869 1899 1031 1970 quadratum
1057 1921 1103 1968 ao,
1134 1900 1171 1957 sit
1202 1908 1230 1958 et

296 1985 413 2048 apotamo
430 1984 482 2045 to,
505 1979 566 2051 ejus
583 1978 717 2049 quanam
734 1986 781 2045 oa,
799 1986 828 2036 ot
844 1980 900 2035 siut
915 1985 961 2044 ea,
978 1999 1011 2034 ro
1033 1979 1130 2049 juncta
1147 1980 1228 2037 simul

296 2058 413 2127 maffia
432 2061 471 2117 sit
482 2065 512 2115 et
524 2058 712 2129 reetnugulnm
723 2063 817 2128 exii,
834 2064 869 2124 tp
886 2054 1004 2126 effabile,
1020 2055 1116 2113 talium
1134 2064 1226 2113 autem

298 2138 340 2197 duo
355 2163 400 2213 ιμ,
423 2143 453 2201 ιε
471 2138 610 2209 complent
627 2136 789 2208 quadratum
806 2136 890 2193 totins
901 2142 942 2201 eu
960 2138 1134 2205 compositae,
1153 2138 1226 2209 quud
1256 2158 1266 2239 ι

296 2220 620 2295 pandntumesteu..

369 2310 416 2365 De
439 2306 625 2364 abstractione
646 2302 779 2375 probatur
798 2303 828 2359 in
844 2302 919 2359 buno
945 2302 1064 2359 modum
1100 2303 1129 2360 Si
1154 2306 1225 2366 euim
1250 2308 1400 2383 composita
1417 2324 1452 2365 ex
1470 2315 1521 2379 el,
1544 2296 1596 2381 at,
1615 2310 1644 2367 id

296 2398 331 2449 est
345 2396 400 2460 eu,
420 2393 466 2444 est
482 2385 612 2457 effabilis,
635 2385 687 2441 erit
703 2390 732 2440 et
748 2381 859 2439 dimidia
875 2386 917 2436 iu
934 2381 1063 2455 effabilis,
1086 2389 1216 2456 tauquam
1233 2386 1322 2456 majus
1340 2398 1438 2443 nomen
1455 2394 1484 2443 et
1502 2394 1536 2442 ιιι
1553 2389 1643 2447 minus

296 2485 398 2539 nomen,
427 2466 562 2524 etaltera
580 2464 691 2521 dimidia
707 2480 762 2533 xp3
789 2462 868 2519 aufer
889 2460 924 2517 ab
941 2477 975 2519 ea
997 2464 1190 2533 coaequalem
1208 2466 1261 2536 ipsi
1278 2473 1331 2537 ut,
1358 2467 1411 2522 erit
1438 2473 1467 2523 et
1483 2468 1592 2525 residua
1609 2484 1643 2525 uc

296 2546 411 2617 edibilis,
430 2552 460 2602 ει
476 2553 536 2602 tota
553 2546 591 2614 io,
610 2559 647 2600 sc.
666 2542 751 2612 dupla
767 2541 854 2611 ipsius
871 2556 912 2596 se.
947 2541 985 2596 At
1002 2556 1038 2597 so
1053 2550 1097 2599 est
1114 2544 1224 2601 residue
1241 2552 1304 2616 post
1321 2544 1486 2601 ablationem
1503 2552 1644 2617 apotomes

295 2647 323 2691 με
336 2643 352 2681 a
367 2626 509 2681 binomine
527 2630 568 2691 tu,
586 2622 725 2678 residuum
741 2636 806 2689 erge
823 2619 855 2675 fit
873 2618 989 2677 effabile.
1141 2634 1144 2643 ’

370 2700 481 2761 XXV.
502 2698 704 2759 Definitio.
747 2696 843 2773 Igitur
863 2712 901 2757 ex
929 2692 1059 2756 secunda
1081 2696 1152 2773 biga
1181 2699 1258 2759 serti
1291 2697 1400 2777 gradus
1421 2716 1501 2759 num.
1524 2699 1643 2761 xvm.

296 2790 454 2865 praemitto
476 2786 621 2847 nuruum
641 2787 716 2845 inter
737 2800 770 2870 se
791 2783 880 2861 plene
905 2779 1260 2861 incommutabilium,
1291 2786 1398 2871 quibus
1425 2804 1540 2849 summa
1568 2806 1644 2866 qum

298 2876 442 2938 ιιιιοιιιιιι
464 2879 510 2937 εει
531 2872 672 2947 eliabiiis,
701 2870 904 2948 metaugulum
926 2888 1043 2946 meson,
1067 2874 1280 2951 compositione
1301 2876 1432 2935 nascitur
1453 2877 1567 2950 minen,
1590 2894 1644 2937 sou

297 2965 381 3041 major
412 2963 509 3039 diota3
543 2961 741 3022 abauaueom
782 2958 901 3021 dassen
927 2975 980 3020 seu
1009 2960 1112 3021 minor.
1156 2960 1200 3020 lix
1224 2962 1325 3035 tonia,
1356 2962 1408 3021 ubi
1430 2978 1544 3027 summe
1567 2980 1644 3039 qua-

298 3053 450 3138 iratorum⁴
463 3058 512 3111 est
530 3066 642 3122 meson,
663 3046 867 3125 metaugnlum
889 3046 1022 3122 effabile,
1046 3064 1122 3124 quae
1144 3048 1348 3133 componendo
1370 3052 1515 3124 nuscitur,
1536 3066 1643 3111 nomeu

296 3140 377 3201 babet
397 3145 510 3218 potens
532 3136 649 3197 eliabile
671 3145 702 3196 et
723 3152 834 3209 mesca,
857 3151 934 3212 quae
955 3134 1163 3211 abstrahendo,
1187 3136 1297 3198 iudeus
1321 3154 1386 3197 cum
1410 3138 1519 3197 effabili
1542 3155 1644 3199 meson

296 3236 392 3288 totum.
438 3226 587 3302 Denique
600 3241 636 3285 ex
660 3230 765 3300 quarta
786 3223 857 3299 biga
877 3224 995 3309 septimi
1016 3223 1139 3300 gratim,
1169 3240 1248 3284 num.
1272 3222 1363 3283 XIX.
1387 3226 1562 3301 praemissa,
1591 3226 1644 3287 nbi

295 3324 411 3393 uosque
433 3314 557 3375 eureus
577 3311 612 3371 lit
632 3328 751 3387 meson,
783 3309 986 3389 componendo
1014 3311 1049 3371 lit
1074 3319 1180 3389 puteus
1206 3312 1278 3373 bina
1304 3311 1416 3387 media,
1446 3312 1645 3393 abstrahendo

294 3403 397 3465 noma
420 3419 488 3463 cum
509 3416 594 3460 meso
613 3415 716 3460 mesen
737 3404 841 3458 totum.
1264 3412 1268 3419 ⁴
1636 3458 1639 3463 .

373 3487 414 3550 Et
444 3504 514 3550 ecee
544 3488 685 3565 originem
717 3484 872 3549 duedecim
907 3486 1071 3563 specierum
1101 3484 1309 3550 Euclidearum
1342 3503 1502 3567 earumque
1532 3490 1645 3549 numeri

295 3594 407 3638 mrum.
452 3576 530 3637 Nam
553 3572 592 3636 ad
613 3574 800 3649 remotiores,
822 3590 900 3651 qnae
922 3572 972 3634 ael
993 3590 1138 3633 summam
1161 3575 1386 3651 quadratorum,
1416 3574 1467 3637 vel
1489 3583 1647 3655 reetaugu·

293 3664 350 3725 lum
372 3680 541 3738 commune,
562 3662 613 3723 vel
635 3669 791 3739 utrumque
811 3662 963 3739 proterunt
983 3660 1061 3722 ultra
1083 3660 1211 3725 effabilia
1232 3670 1263 3724 et
1294 3678 1377 3729 mesa
1404 3665 1434 3722 in
1457 3663 1646 3745 ignobiliores

293 3754 415 3831 speeies,
435 3768 497 3812 nou
520 3751 635 3812 meruit
655 3748 794 3811 Euclides
815 3749 873 3809 sibi
894 3748 1138 3827 progrediendum
1161 3767 1234 3812 esse.

372 3838 496 3901 xxvi
527 3837 718 3899 Definitio
753 3844 790 3896 et
829 3836 1089 3915 Comparatio.
1134 3836 1274 3901 eufficcra
1303 3838 1361 3899 iste
1384 3844 1528 3914 'poterant
1556 3839 1646 3899 edam

292 3930 374 3989 uobis
395 3927 436 3989 ad
452 3924 675 3988 eousbtneodes
689 3923 799 4003 gratim
813 3922 1103 3999 demonstrationum,
1126 3928 1233 4003 qulbus
1254 3926 1349 3988 latere
1371 3925 1538 4003 figurarum,
1560 3926 1646 3994 uobis

293 4016 331 4076 sd
349 4016 524 4079 harmonica
544 4016 784 4087 uenenariorum,
804 4010 1036 4090 distinguuntur:
1059 4013 1116 4071 uisi
1139 4014 1315 4090 quibusdam
1337 4030 1374 4074 ex
1387 4014 1538 4073 recensitis
1560 4029 1647 4073 aece-

292 4105 391 4166 derent
414 4102 493 4165 aliae
513 4103 633 4179 insuper
653 4103 863 4178 proprietates,
895 4101 955 4159 imo
976 4101 1034 4159 uisi
1055 4102 1299 4177 praevenirentur
1319 4101 1462 4161 homenes
1484 4101 1646 4161 recensitae

291 4193 483 4271 proprietates
504 4188 700 4251 nobilioribus
722 4189 799 4263 aliie,
822 4187 930 4265 quibus
952 4186 1138 4273 cumulantur
1152 4186 1261 4265 gradus
1282 4186 1508 4251 scientificarnm
1522 4186 1646 4247 demum

291 4284 472 4343 serdonum.
1306 4304 1310 4313 ⁴
1407 4316 1411 4327 ·

377 4367 512 4428 Ventum
535 4370 581 4425 est
602 4362 651 4423 ad*
665 4364 907 4441 compositionem
930 4368 960 4423 et
981 4362 1224 4439 abstractionem,
1247 4363 1299 4425 ubi
1321 4362 1415 4423 lineas
1429 4360 1647 4441 componendas

293 4457 335 4515 rel
356 4452 573 4518 amentarius
593 4450 662 4512 lare
684 4452 850 4527 sumsimus,
873 4450 1172 4528 subsisteremus
1194 4458 1291 4513 certae
1315 4451 1644 4529 quantitatisrueoessl·

217 4573 219 4608 =
292 4550 354 4605 tate.
404 4541 520 4619 Quodsi
539 4545 601 4610 ism
624 4538 840 4616 adstringamus
862 4538 959 4617 leges,
985 4540 1126 4616 imposita
1148 4546 1227 4600 certa
1248 4540 1438 4618 proportione
1460 4538 1555 4615 bigis,
1586 4551 1645 4597 uon

217 4681 219 4688 .
294 4631 406 4707 quidem
429 4632 482 4690 sie
496 4628 583 4700 datis,
605 4633 640 4687 nt
661 4626 731 4687 illae
750 4626 872 4703 junctae
893 4644 983 4687 uuam
1006 4625 1161 4689 duodecim
1176 4630 1339 4705 specierum
1361 4627 1500 4700 iecerunt,
1523 4624 1575 4685 sed
1596 4626 1644 4684 bl-

293 4722 330 4795 gis
352 4718 449 4780 aliter'
467 4716 554 4790 datis,
577 4716 629 4774 uei
652 4715 764 4775 scilieet
785 4721 883 4775 rectae
906 4712 994 4775 datae
1017 4721 1047 4775 ει
1071 4715 1136 4791 ejus
1157 4716 1234 4793 parti
1257 4716 1361 4791 mejeri
1385 4710 1589 4785 inveniendae,
1612 4718 1646 4771 ut

293 4809 324 4866 sit
344 4808 488 4865 nimirum
509 4802 559 4864 sel
581 4804 677 4862 minor
697 4818 767 4881 pars
789 4799 828 4861 ed
850 4802 992 4878 maiorem
1014 4808 1048 4861 ut
1068 4802 1165 4879 maior
1186 4801 1227 4862 ad
1248 4798 1480 4880 componendam
1503 4814 1539 4859 ex
1561 4804 1645 4859 uba·

295 4911 353 4969 que,
377 4892 428 4954 vel
453 4892 584 4952 vicissim
606 4890 701 4967 major
721 4888 760 4950 ad
782 4891 923 4949 minorem
945 4896 979 4949 ut
1000 4890 1095 4949 minor
1116 4888 1155 4950 ad
1177 4889 1340 4950 residuam:
1364 4888 1443 4964 quod
1457 4893 1566 4946 manet
1588 4887 1645 4947 ab·

295 4983 449 5041 mandene
473 4979 597 5040 duarum
618 4978 711 5052 iacta,
733 4994 792 5037 nou
815 4994 931 5054 semper
951 4976 1001 5037 fiet
1024 4976 1133 5054 gradm
1157 4978 1265 5053 aliquis
1287 4977 1439 5050 remotior,
1463 4971 1515 5035 sed
1537 4990 1590 5051 pro
1612 4991 1644 5035 re

294 5075 359 5128 urta
379 5066 547 5137 recidemus
568 5066 600 5124 iu
621 5082 710 5126 uuam
733 5064 944 5143 explicaturum
965 5066 1127 5143 specierum
1149 5071 1179 5126 et
1200 5080 1336 5143 regressu
1365 5061 1458 5139 lamo,
1490 5076 1644 5139 eompara-

293 5154 386 5217 bimua
405 5154 518 5217 lineam
540 5150 760 5247 conmitutst
773 5170 850 5227 puae
872 5162 925 5231 per
945 5168 979 5214 se
1002 5158 1048 5213 est
1071 5154 1170 5215 octavi
1190 5150 1322 5229 padus„
1346 5166 1412 5211 cnm
1439 5149 1526 5211 lineis
1548 5150 1644 5225 quarti

294 5242 405 5320 gusua

381 5328 637 5412 Quemadmodum
666 5328 742 5429 euim
768 5327 800 5386 iu
822 5332 927 5407 quomo
956 5327 1049 5408 gradu
1073 5326 1149 5391 defin
1170 5325 1242 5389 XV.
1269 5323 1346 5389 dune
1373 5328 1472 5389 ιεειεε
1499 5324 1645 5393 communi
