4242 6384
657 846 835 908 Harmonicis.
870 850 954 908 Liber
970 849 1018 909 ΠΙ.
1040 854 1130 925 eaput
1139 794 1220 911 1ΧΝ.

813 1144 956 1215 CAPUT
983 1144 1064 1264 llll.

525 1288 572 1353 Ile
591 1287 702 1345 modi-s
724 1245 965 1360 melodiarum,
988 1278 1073 1359 quos
1095 1297 1194 1347 tonos
1217 1298 1349 1348 nocant

341 1447 389 1505 De
411 1448 508 1512 modis
530 1450 660 1510 dicturus
682 1452 808 1527 primum
832 1449 1156 1513 hodiernos-admoneo
1179 1456 1323 1527 musicos,
1348 1472 1423 1531 qnos
1445 1458 1486 1517 illi
1509 1459 1612 1521 modes

256 1536 405 1613 appellare
426 1536 539 1611 solent,
571 1554 613 1597 se
635 1540 853 1617 proportionem
881 1547 977 1599 tactim
999 1539 1133 1617 dumam,
1166 1541 1286 1619 triplam·
1312 1552 1341 1601 et
1363 1544 1473 1605 similes
1495 1544 1610 1627 (quales

255 1621 356 1705 modos
378 1623 455 1683 lorte
478 1624 700 1686 lecerunt-olim
722 1627 804 1707 tibiis
825 1627 854 1684 iu
878 1611 1037 1688 comoediis
1061 1624 1283 1705 Rommomm),
1308 1629 1344 1689 de
1358 1632 1394 1691 iis
1418 1632 1498 1706 milri,
1523 1652 1610 1711 prae-

256 1720 387 1789 terquam
410 1711 490 1786 quod
509 1713 573 1788 jam
596 1722 641 1771 est
663 1712 789 1785 dictum,
811 1730 986 1774 sermonem
1011 1732 1070 1773 non
1093 1716 1164 1773 lore.
1209 1714 1314 1781 Medos
1344 1734 1401 1793 ego
1423 1720 1502 1795 deo,
1535 1738 1610 1798 ques

256 1798 309 1872 ipsi
328 1815 400 1869 ‚enm
424 1801 571 1873 veteribus
592 1800 690 1859 solent
710 1799 860 1877 appellate
882 1810 984 1875 tonos,
1007 1820 1073 1873 cum
1097 1804 1269 1878 quaeritur,
1285 1805 1369 1881 eujus
1393 1808 1452 1865 toni
1477 1812 1516 1867 sit
1538 1827 1610 1870 eam

256 1895 311 1941 tna
355 1884 432 1944 Sunt
460 1888 538 1945 enirn
569 1896 664 1946 cenae
693 1898 796 1946 cantus
824 1890 958 1947 concinni
986 1906 1039 1948 seu
1069 1890 1227 1965 qualitates
1258 1908 1311 1951 seu
1335 1897 1461 1969 species,
1496 1896 1611 1959 numm

255 1974 374 2029 summis
397 1986 538 2048 generum
560 1972 743 2047 differentiis,
768 1974 831 2033 duri
855 1984 884 2034 et
907 1974 1018 2047 mollis,
1042 1975 1143 2037 eontra
1166 1996 1197 2036 se
1220 1978 1343 2036 diremti.

340 2058 449 2136 Graeci
471 2083 597 2139 τροπους
618 2070 648 2121 et
668 2059 730 2139 ἢθη
753 2062 867 2135 dixere,
896 2062 969 2121 illud
991 2082 1010 2123 a
1032 2064 1125 2123 lorma
1152 2068 1334 2143 systematis,
1364 2066 1421 2125 hoe
1443 2069 1482 2127 ab
1505 2071 1609 2131 effectu

256 2154 355 2205 cantus
370 2150 400 2205 in
419 2148 546 2222 homine,
569 2151 639 2224 qnia
654 2148 784 2227 plerique
806 2148 1007 2225 legislatorum
1031 2152 1339 2235 cenederunt,‚modos
1360 2164 1499 2215 cantuum
1514 2159 1609 2217 lacere

257 2234 293 2290 ad
312 2250 410 2294 mores
433 2236 664 2295 conformandos.
1066 2301 1069 2309 ,

330 2322 385 2381 De
417 2323 519 2381 horum
550 2326 639 2399 igitur
666 2331 800 2383 tonorum
829 2337 949 2382 numero
985 2328 1015 2384 et
1042 2323 1256 2385 discriminibus
1287 2344 1344 2384 non
1373 2326 1461 2389 hodie
1496 2337 1610 2390 tantum

257 2426 379 2484 magnae
409 2418 478 2469 sunt
504 2413 579 2471 inter
601 2414 728 2471 musicos
752 2414 982 2487 connoverslae,
1008 2412 1064 2471 aed
1087 2420 1122 2471 et*
1142 2412 1206 2489 jam
1229 2412 1298 2472 olim
1323 2416 1453 2490 luerunt,
1486 2434 1610 2493 quarum

255 2495 367 2572 aliquas
390 2498 471 2574 apud
493 2499 717 2572 Ptolemaeum,
744 2499 899 2575 plerasque
922 2498 1001 2575 apud
1025 2498 1212 2559 vmcennum
1237 2499 1403 2561 Galilaenm
1432 2502 1530 2564 videre
1554 2514 1609 2565 est.

255 2582 327 2641 Mihi
349 2597 421 2643 vero
444 2602 497 2644 nec
520 2588 686 2645 examinare
710 2600 950 2661 quorumcunque
973 2588 1132 2645 sententias
1156 2598 1201 2647 est
1223 2593 1421 2671 propositum,
1443 2606 1538 2667 neque
1560 2610 1608 2653 re·

255 2670 361 2745 lutare;
384 2675 567 2759 itaque-non
591 2680 740 2750 exspectet
760 2674 891 2731 musicus
914 2692 933 2731 a
955 2690 1001 2731 me
1025 2674 1165 2751 quicquid
1188 2674 1269 2733 aliud
1294 2678 1322 2733 in
1344 2676 1403 2735 hac
1425 2680 1605 2753 quaestione,

257 2776 340 2833 qnam
361 2758 394 2817 id
417 2761 544 2834 unicum,
568 2760 606 2819 ad
629 2760 709 2836 quod
731 2779 797 2819 mea
820 2778 866 2821 sne
890 2759 999 2819 ducunt
1022 2763 1166 2845 principia
1189 2762 1330 2821 hactenus
1350 2764 1503 2839 explicata.
1542 2764 1606 2825 Etsi

258 2848 330 2905 enim
350 2848 416 2906 toni
437 2848 476 2907 ab
500 2865 535 2907 eo
558 2845 628 2907 dicti
650 2847 800 2917 videntur,
829 2846 909 2923 quod
930 2847 1036 2907 modes
1060 2848 1135 2906 unns
1158 2848 1256 2909 altero·
1283 2851 1328 2908 vel
1352 2850 1441 2921 altius
1465 2850 1511 2909 vel
1535 2868 1605 2927 pro·

258 2934 369 2992 lnndim
391 2936 515 3012 incipiat
541 2938 628 2993 unius
656 2936 717 2993 toni
740 2931 803 3015 (vel
836 2931 999 3015 semitonii)
1021 2936 1192 3015 intervallo,
1224 2926 1309 2995 tonos
1332 2946 1429 2997 tamen
1460 2954 1515 3013 ego
1546 2954 1606 2997 non
1651 2982 1653 2990 ,

259 3022 317 3097 ipsa
337 3038 391 3099 per
412 3038 446 3080 sc
468 3030 573 3081 cantus
595 3022 749 3082 altitudine
772 3022 820 3081 vel
843 3024 987 3097 gravitate
1011 3021 1188 3097 discrimino,
1214 3023 1292 3099 quod
1316 3024 1409 3083 solum
1433 3024 1605 3085 observasse

259 3108 397 3183 quosdam
426 3108 601 3183 Vincentius
633 3106 785 3168 Galilesus
817 3116 958 3182 testatur,
996 3108 1222 3171 sed-numerum
1252 3116 1352 3170 eorum
1385 3110 1422 3169 ad
1454 3128 1606 3173 numerum

259 3199 416 3271 specierum
437 3199 526 3255 nnius
547 3194 689 3274 diapason
718 3213 784 3255 eum
806 3195 978 3257 Ptolemaeo
1002 3198 1088 3273 exigo
1119 3198 1243 3275 dicoque
1275 3196 1395 3283 totidem
1423 3214 1487 3257 esse
1510 3207 1605 3275 tonos,

260 3292 326 3357 quot
345 3292 472 3360 possunt
494 3300 559 3343 esse
581 3283 693 3343 soelata
715 3286 884 3361 systematis
907 3292 1030 3345 octavae
1052 3284 1185 3360 legitima
1207 3294 1236 3344 et
1259 3286 1414 3357 concinna,
1437 3286 1604 3361 generibus,

262 3370 355 3430 ordine
377 3373 585 3431 concinnornm
607 3371 827 3430 intervallorum
851 3379 881 3429 et
903 3373 962 3429 sitn
978 3372 1237 3445 tetrachordorum,
1261 3388 1312 3431 seu
1329 3370 1470 3431 eleetlone
1493 3373 1606 3433 medie-

261 3465 346 3517 tatum
368 3458 505 3519 binarum
533 3458 766 3517 lrermenicarnm
794 3460 870 3517 inter
900 3476 949 3519 se.
963 3454 1136 3519 differentia
1183 3459 1255 3517 'l'res
1285 3459 1420 3517 nimirum
1452 3468 1521 3518 sunt
1548 3478 1604 3535 res,
1642 3522 1644 3527 ,

262 3562 329 3619 qnae
350 3553 439 3604 tonos
461 3546 579 3604 variam
599 3549 733 3623 interque
757 3560 823 3604 sese
846 3544 1044 3621 distinguunt:
1076 3564 1181 3623 genus,
1205 3544 1325 3619 sequela
1347 3549 1553 3607 coricinnorum
1575 3556 1606 3609 et

264 3630 420 3691 articulatio
442 3632 544 3692 sceleti
567 3651 602 3692 ex
626 3636 825 3693 consonantiis
847 3634 1017 3693 minoribus.

337 3719 468 3779 Primum
490 3736 598 3798 genera
620 3721 688 3793 dcto,
712 3738 775 3797 cap.
794 3722 821 3779 li.
846 3722 1005 3778 constituta
1022 3718 1174 3788 divisionis
1190 3720 1358 3794 systematis
1375 3728 1507 3794 octavae,
1531 3738 1603 3781 oon·
1639 3716 1643 3728 ’

258 3810 376 3877 stitutum
394 3808 481 3871 nobis
504 3806 578 3867 deos
600 3808 744 3883 principes
767 3815 804 3866 ot
818 3816 923 3865 natans
945 3810 1054 3883 pdmos
1076 3816 1177 3877 tonos,
1202 3820 1267 3863 cnm
1290 3807 1354 3880 ipso
1380 3824 1419 3866 se.
1443 3816 1602 3885 systemate

259 3898 337 3953 nnius
359 3892 452 3953 solius
475 3903 600 3974 somnae
630 3904 718 3953 ortos.
763 3893 880 3955 Deinde
902 3897 931 3951 in
955 3904 1079 3967 unoque
1101 3908 1207 3966 genere
1229 3896 1414 3967 systematis,
1445 3904 1507 3953 tam
1529 3894 1601 3955 duro

260 3998 340 4057 qaam
361 3980 458 4054 molli,
488 3982 759 4058 unomposittone
781 3981 907 4041 duorum
927 3979 1071 4055 diapason
1096 3981 1124 4035 in
1144 3986 1237 4037 ‘nuum
1265 3979 1361 4053 majus
1390 3992 1420 4039 et
1442 3982 1602 4056 perlectum

258 4081 390 4146 systema,
411 4084 501 4144 quam
523 4069 696 4129 tradidimus
718 4074 814 4145 capite
840 4072 888 4139 ll,
913 4068 1018 4125 dantdr
1037 4074 1199 4142 systemata
1213 4065 1404 4139 singularium
1421 4074 1601 4143 octavarum,

260 4156 413 4217 ddsrentia
442 4156 593 4215 radicibus
622 4174 679 4216 sse
696 4159 795 4227 metis,
825 4156 932 4231 quibus
959 4152 1160 4225 includentem
1193 4160 1260 4209 sunt
1288 4161 1386 4210 autem
1414 4152 1482 4213 illae
1505 4163 1600 4215 metae

260 4242 314 4305 losa
337 4245 503 4320 systematis
532 4243 675 4304 muralis
697 4242 834 4324 diversa,
862 4260 915 4300 seu
943 4241 1083 4300 hodierno
1113 4238 1260 4299 vocabulo
1281 4238 1380 4298 claves
1404 4240 1480 4301 aliae
1511 4250 1600 4317 atque
1690 4280 1693 4289 .

261 4331 349 4404 aliae,
368 4346 441 4405 qaas
468 4333 657 4408 consequitur
678 4333 843 4389 necessario
872 4329 996 4389 diversa
1005 4326 1134 4387 altitudo
1158 4332 1290 4402 respectu
1321 4331 1489 4403 systematis
1511 4336 1600 4388 natu-

261 4415 327 4491 rrlis,
354 4416 431 4494 qnod
452 4435 473 4475 a
495 4415 522 4481 G
544 4421 662 4495 incipit,
685 4426 716 4476 et
737 4436 788 4494 per
810 4418 890 4476 illam
912 4416 1045 4475 diversus
1069 4416 1157 4473 etlam
1179 4416 1253 4471 situs
1274 4416 1431 4489 semitonii,
1454 4416 1533 4493 quod
1556 4425 1600 4476 est

262 4507 298 4564 rel
320 4505 408 4564 tertio
430 4502 478 4563 rel
500 4508 617 4581 penimo
648 4506 696 4565 vel
725 4508 784 4563 imo
807 4504 872 4563 loco
895 4513 1028 4563 octavae.
1074 4502 1149 4561 Nam
1178 4496 1257 4577 quod
1280 4504 1384 4561 attinet
1413 4502 1597 4563 altitudinem
1649 4532 1655 4539 ·

263 4594 348 4667 ¹»psam
372 4592 507 4652 ubmlute
529 4592 758 4670 consideratum,
790 4590 842 4649 ills
868 4597 921 4666 p'er
949 4608 981 4649 se
1009 4589 1081 4646 nihil
1105 4596 1198 4647 mutat
1222 4591 1356 4663 speciem
1383 4598 1498 4663 cantus,
1534 4606 1599 4669 cnm

264 4680 354 4740 eadem
373 4680 485 4754 speeies
508 4680 555 4740 sel
577 4680 637 4739 alte
658 4681 754 4756 possit
781 4680 907 4736 intonari
936 4678 983 4737 rel
1006 4674 1176 4737 humilima·
1206 4676 1309 4752 Neque
1332 4676 1538 4752 adstringimur
1560 4678 1598 4737 ad

263 4764 314 4839 loe,
339 4774 525 4825 ettenorum
546 4766 724 4843 reliquorum
753 4764 902 4823 dimidiam
932 4772 1043 4839 partem
1060 4780 1215 4823 sumamus
1247 4780 1313 4823 cnm
1335 4762 1505 4845 Ptolemaeo
1527 4782 1598 4840 pro-

264 4852 409 4919 lmdlorem
437 4862 595 4930 systemate
620 4852 822 4930 Gprincipali
845 4863 874 4911 et
890 4850 1038 4924 naturali,
1071 4850 1220 4909 dimidiam
1247 4850 1388 4909 altiorem.
1435 4852 1596 4913 Possumus

265 4944 329 5001 enim
351 4939 397 5000 vel
415 4954 519 5019 omnes
543 4942 677 5014 altiores,
708 4941 756 5000 vel
784 4955 883 5004 omnes
911 4938 1084 5015 humiliores,
1103 4954 1231 5007 sumere,
1267 4938 1432 4996 cumidem
1463 4941 1597 5015 utrinqne

266 5036 387 5105 sequatur
409 5027 480 5087 ordo
502 5032 718 5101 concinnatum,
742 5036 811 5086 tnnc
832 5028 982 5098 nimirum,
1012 5027 1037 5083 si
1060 5032 1190 5101 systema
1213 5020 1337 5099 duplicis
1360 5032 1484 5085 nemeae
1508 5034 1597 5087 natu·

267 5115 349 5185 taliter
369 5118 562 5192 compositum
584 5104 745 5191 incipiatis
766 5114 844 5173 elavi
870 5111 906 5172 G.
952 5113 992 5171 At
1013 5115 1039 5171 si
1061 5118 1175 5193 partem
1198 5109 1383 5185 humiliores,
1414 5120 1527 5189 partem
1550 5113 1597 5173 al-

266 5204 338 5263 tiores
358 5202 497 5263 {mamus
520 5220 585 5262 enm
607 5201 792 5274 Ptolemaeo,
824 5209 951 5267 systema
973 5200 1106 5263 naturale
1136 5202 1179 5259 sic
1201 5199 1255 5256 erit
1283 5199 1530 5275 componendum,
1564 5208 1596 5260 nt
1640 5228 1642 5233 v

268 5289 327 5350 inira
346 5292 479 5367 diapente
502 5290 658 5362 addamus,
688 5306 777 5363 supra
799 5286 996 5361 diatessaron,
1027 5295 1057 5347 et
1088 5289 1129 5346 sic
1161 5292 1292 5363 systema
1314 5290 1507 5364 compositum
1539 5287 1597 5348 du·

1375 5391 1439 5453 12·
