4242 6384
762 811 767 818 ¹
815 821 905 879 Notas
922 819 1052 880 ilditoris.
1298 813 1305 822 ’
1543 829 1607 890 tte

232 989 322 1058 quod
349 997 438 1054 totum
455 955 600 1064 ¹negotium
618 991 718 1050 turbat.
754 993 810 1051 Sed
833 995 920 1066 primo
944 1011 998 1051 non
1016 995 1108 1068 pergit
1129 996 1158 1051 iu
1174 995 1230 1050 iliis
1247 1003 1361 1066 propter
1377 997 1461 1052 animi
1477 996 1607 1054 velocita-

231 1077 296 1124 tem
321 1079 377 1127 etc
414 1073 556 1144 Secundo,
574 1089 628 1129 non
648 1081 764 1144 possunt
782 1089 833 1132 sua
850 1083 949 1130 natura
969 1089 1064 1130 omnes
1081 1075 1241 1146 succedere,
1267 1084 1331 1132 sunt
1350 1091 1448 1147 nempe
1468 1077 1557 1133 malae
1573 1093 1609 1134 ex

231 1151 385 1218 quadrtto
409 1153 514 1210 Martis.
551 1153 643 1210 Tertio
661 1153 740 1209 Luna
764 1153 792 1209 in
809 1153 871 1210 XII.
897 1161 987 1224 notat,
1014 1154 1185 1210 invenustam
1209 1155 1369 1232 esseapud
1391 1155 1515 1212 bomines
1537 1157 1608 1212 bano

229 1235 466 1304 astutiam,‘una
483 1247 544 1290 cum
562 1233 668 1290 ceteris.
1173 1242 1175 1247 '

317 1313 411 1369 Homo
429 1311 580 1382 hicusdue
598 1309 633 1366 'ad
651 1327 752 1368 annum
770 1313 812 1383 26,
832 1326 886 1384 quo
904 1313 973 1369 baec
992 1311 1167 1382 saripsidait
1183 1313 1296 1370 udonis
1311 1329 1365 1369 non
1379 1313 1501 1384 audiens,
1519 1315 1606 1386 map‘s

226 1397 341 1446 tamen
363 1391 392 1446 in
406 1385 560 1460 juventute.
595 1391 701 1447 Deinde
726 1391 780 1469 init
806 1391 886 1447 valde
909 1391 1055 1447 multarum
1081 1399 1109 1445 et
1128 1392 1263 1447 variarum
1287 1393 1424 1448 actionum
1441 1394 1607 1462 negotiosus.

229 1469 343 1526 Tertio
361 1485 416 1526 non
434 1469 525 1524 omnia
542 1468 609 1524 uidit
628 1475 726 1540 suopte
746 1469 843 1528 biarte.
880 1467 924 1526 Ex
942 1470 1040 1538 quibus
1058 1470 1148 1525 tribus
1160 1470 1242 1527 rebus
1258 1472 1384 1542 sequitur
1398 1479 1532 1543 perpetua
1541 1486 1607 1541 poe·

227 1549 344 1604 nitudo
362 1551 490 1620 priorum.
843 1613 848 1624 ,

336 1629 465 1686 Dicamus
484 1627 600 1698 primum
624 1627 658 1684 de
676 1627 779 1683 ultimo.
817 1629 854 1684 Et
877 1641 945 1683 sane
967 1629 1025 1682 sine
1042 1627 1240 1697 signiticatibne
1262 1629 1388 1685 natalitia
1409 1628 1439 1683 in
1458 1628 1605 1707 juvenibus

230 1710 320 1764 inest
342 1707 487 1784 mulmrim
505 1722 594 1761 rerum
614 1707 775 1776 ignorantia,
793 1707 821 1762 in
840 1707 894 1762 hoc
911 1709 985 1762 certe
1003 1707 1094 1762 minus
1112 1723 1194 1778 quam
1211 1708 1239 1763 in
1252 1708 1321 1764 aliis.
1357 1707 1419 1762 Jam
1432 1706 1466 1763 de
1478 1707 1605 1762 secundo.

229 1785 328 1856 Quod
347 1787 434 1844 muita
451 1787 547 1856 incipit
558 1799 636 1842 nora
654 1785 789 1858 prioribus
807 1783 984 1854 imperfectis,
1004 1790 1107 1840 causae
1117 1785 1257 1858 naturales
1274 1786 1328 1842 bae
1340 1793 1416 1842 sunt:
1437 1785 1467 1854 i)
1484 1787 1604 1842 mmmm

227 1865 358 1935 laboris,
375 1865 433 1921 s'ise
451 1866 532 1920 ardor
550 1867 657 1922 subitus
676 1873 706 1921 et
721 1881 776 1922 non
795 1863 933 1921 durabilis.
970 1865 1040 1920 Nam
1058 1866 1181 1936 quamvis
1200 1873 1242 1920 est
1256 1864 1494 1933 laboriosissimus,
1513 1873 1604 1922 tamen

230 1951 280 1998 est
311 1943 419 1998 laboris
439 1937 509 2000 osor
526 1943 682 2000 acerrimus.
719 1945 841 2000 Laborat
865 1951 959 1998 autem
983 1951 1097 2013 propter
1120 1943 1297 2017 cupiditatem
1315 1941 1418 1998 edendi
1440 1950 1469 1998 et
1486 1958 1604 1998 amorem

228 2022 367 2092 tingendi
385 2029 418 2078 et
431 2021 565 2077 fictorum.
601 2021 627 2090 2]
648 2021 738 2077 Causa
747 2022 808 2090 alia,
828 2014 900 2091 quod
920 2030 1017 2091 coepta
1029 2021 1223 2094 non‘abaoltit,
1240 2023 1270 2078 in
1287 2023 1535 2079 iortunaearbitrio
1552 2032 1603 2094 est,

229 2101 278 2154 vel
301 2101 399 2170 potius
427 2101 455 2154 in
473 2096 628 2178 conditione
648 2107 769 2156 naturae.
804 2101 874 2154 Nam
899 2097 1067 2169 impossibile
1085 2106 1140 2168 est,
1166 2108 1197 2158 ut
1221 2102 1310 2157 omnia
1334 2101 1393 2170 eius
1415 2101 1604 2171 incantatam

228 2180 331 2235 muita
350 2179 506 2236 succedant.
543 2179 634 2248 Atque
662 2179 743 2234 etiam
770 2173 924 2238 exardere
949 2179 1039 2233 omnia
1061 2179 1114 2235 arbi
1141 2179 1231 2235 iacriia
1256 2180 1417 2250 persuadet,
1444 2197 1515 2250 quae
1539 2188 1602 2236 sant

224 2267 332 2314 tamen
356 2257 384 2312 in
409 2271 491 2326 opere
512 2255 675 2312 *difficillima
697 2265 745 2312 aut
766 2257 917 2328 longissimi
942 2258 1083 2328 temporis.
1119 2261 1190 2315 Nam
1208 2260 1345 2328 ingenium
1366 2257 1448 2332 lunge
1466 2258 1601 2330 subtilius,

226 2336 350 2405 agilius,
368 2335 485 2392 celerius
503 2337 713 2414 expeditiusque
732 2339 782 2406 esi,
802 2355 883 2407 quana
902 2338 1064 2406 majusquam
1081 2355 1188 2394 mnas.
1225 2337 1278 2394 sao
1296 2345 1396 2406 tamen,
1414 2347 1445 2392 ut
1462 2338 1527 2400 dixi,
1546 2339 1601 2393 ior·

226 2423 323 2471 tunae
343 2415 424 2486 eulpa
438 2409 596 2486 intervenit,
620 2425 652 2472 ut
669 2417 750 2472 etiam
768 2417 831 2488 illa,
857 2433 929 2486 quae
946 2433 997 2472 sna
1014 2422 1114 2474 natura
1131 2418 1191 2473 deri
1208 2424 1351 2487 poterant.
1374 2415 1536 2472 dirmmtm
1552 2425 1602 2474 aut

228 2493 433 2562 impediantur,
452 2495 534 2550 creda
547 2496 611 2565 quia
626 2489 654 2572 Q
668 2498 752 2553 estin
776 2491 812 2566 []
838 2501 877 2562 d.
917 2497 987 2553 Sunt
1003 2503 1097 2552 autem
1122 2497 1170 2554 illa
1185 2498 1219 2552 in
1233 2497 1334 2566 duplici
1353 2494 1522 2567 differenQ
1549 2507 1599 2554 aut

225 2574 307 2627 enim
328 2589 374 2629 res
393 2581 437 2630 est
453 2574 488 2629 ab
507 2573 567 2629 aliis
585 2573 753 2632 absolvenda
770 2575 929 2648 artifimbus,
949 2591 1030 2645 qaam
1048 2575 1230 2646 ipseinpenio
1243 2592 1295 2631 suo
1306 2575 1405 2644 eoepit,
1422 2574 1470 2630 ubi
1486 2589 1595 2632 rumam

227 2651 301 2705 nibil
327 2653 392 2709 nori
410 2653 522 2724 accidit,
547 2655 572 2709 ai
593 2657 622 2710 iu
640 2653 770 2710 artifices·
783 2654 826 2709 sui
850 2654 950 2710 similes
974 2670 1029 2709 nou
1047 2655 1155 2726 incidit,
1180 2656 1237 2711 rari
1255 2656 1337 2710 euim-
1351 2661 1427 2722 sunt,
1451 2662 1480 2713 et
1498 2655 1599 2727 eximia

228 2725 358 2800 felicitas
381 2740 455 2789 essm
477 2734 505 2788 in
527 2732 597 2788 tales
621 2729 749 2790 incidere.
791 2731 933 2801 Quaedam
952 2733 1252 2792 Ι11111111ιιοοοιεειιίο
1282 2741 1412 2804 umnam
1438 2733 1600 2802 adjumentis

229 2810 420 2876 perficiuntur
436 2819 465 2867 et
482 2805 547 2868 sunt
564 2809 686 2867 moralia.
722 2813 775 2868 libi
793 2813 948 2868 infelicitati
965 2813 1097 2882 peculiari
1115 2814 1163 2883 do,
1190 2815 1264 2884 qaod
1280 2820 1329 2869 aut
1350 2813 1380 2882 iu
1396 2810 1536 2882 arbutores
1553 2829 1600 2868 aa·

230 2903 316 2944 cesse
337 2891 421 2963 habet
438 2891 566 2960 incidere,
585 2899 634 2946 aut
652 2891 811 2960 adjumenta
828 2893 907 2948 tarda
923 2901 995 2948 sunt,
1035 2893 1090 2947 Sed
1107 2893 1249 2950 diduntur
1266 2893 1319 2948 boo
1336 2893 1365 2948 in
1375 2891 1452 2948 iilam
1464 2888 1600 2960 cumdo-

231 2983 315 3037 nem,
342 2985 391 3026 cnr
415 2972 496 3028 bomo
514 2971 559 3027 bio
581 2971 672 3027 omnia
689 2987 739 3041 per
756 2971 826 3028 alios
843 2971 958 3040 eiiciat,
981 2971 1050 3026 nibil
1069 2970 1152 3041 (qaod
1176 2971 1335 3026 felicitatem
1352 2972 1470 3039 spectet)
1487 2985 1536 3040 per
1560 2985 1598 3025 se.

234 3043 337 3103 Tertia
355 3057 453 3117 causa,
472 3051 545 3120 quod
564 3065 635 3106 nova
649 3049 734 3106 muita
750 3051 856 3122 incipit,
875 3061 918 3110 est
935 3051 1091 3121 multiplex:
1109 3050 1235 3120 quamvis
1251 3049 1494 3106 mmaabstemere
1509 3050 1599 3118 ipsum

233 3123 367 3196 deberet,
393 3121 467 3198 quod
491 3131 584 3199 priora
607 3137 676 3184 suut
695 3129 867 3201 imperfecta,
894 3129 1030 3202 cupiditas
1048 3137 1140 3184 tamen
1157 3139 1230 3184 nora
1245 3127 1382 3187 umuli
1405 3127 1486 3198 longe
1503 3128 1600 3184 iortior

232 3211 285 3259 est
328 3207 491 3276 cupiditatis
508 3208 593 3278 bujus
611 3207 755 3264 illecebrae
773 3216 839 3265 sunt
860 3210 923 3264 rita
933 3208 1099 3264 scholastica
1123 3214 1153 3262 et
1178 3206 1344 3278 umbratilis,
1369 3221 1432 3264 nara
1454 3207 1599 3264 sidiffiorii

237 3299 329 3341 onere
348 3281 496 3342 innodomis
515 3287 704 3358 metueretur,
721 3303 777 3342 nou
793 3295 888 3358 posset
905 3286 1046 3358 indulgere
1064 3285 1208 3356 cupiditati
1224 3284 1289 3340 huic
1306 3285 1479 3355 speculandi,
1491 3294 1532 3342 ⁴ut
1547 3301 1599 3342 nec
1628 3342 1632 3354 ,

231 3365 301 3432 tum,
326 3363 350 3419 si
374 3371 497 3434 egestate
520 3373 698 3436 premeretur.
738 3367 835 3436 itaque
856 3366 949 3422 naula
973 3366 1056 3434 hujus
1079 3364 1237 3434 cupiditatis
1261 3371 1304 3424 est
1330 3363 1386 3420 rita
1408 3381 1460 3422 nec
1486 3369 1597 3425 summis

233 3437 388 3497 bonoribus
412 3451 536 3510 onerata,
564 3451 761 3513 nec-egestate
784 3460 896 3514 pressa,
921 3446 955 3501 de
973 3446 1053 3514 cnjus
1078 3443 1245 3513 uena-vide
1261 3450 1368 3512 postea
1404 3444 1486 3512 Quod
1502 3455 1595 3502 autam

233 3519 416 3587 cupiditatem
438 3523 526 3592 ipsam
545 3524 658 3592 attinet,
684 3537 746 3580 cum
765 3523 841 3582 nulla
864 3524 901 3579 sit
917 3524 1035 3579 eruditio
1054 3524 1115 3579 sine
1132 3521 1195 3594 ilia,
1222 3535 1304 3578 omne
1327 3538 1391 3600 vero
1414 3525 1553 3593 ingenium
1570 3535 1599 3584 at

235 3600 355 3654 eruditio
374 3615 391 3656 a
408 3601 553 3674 Mercurio,
572 3603 698 3658 exbdmo
717 3603 893 3673 cupiditatem
911 3603 983 3660 banc
1001 3603 1149 3673 signiiioari
1167 3602 1333 3664 abierourio
1351 3601 1454 3671 relooe,
1473 3605 1598 3678 orientali
1659 3611 1667 3624 ·

234 3673 261 3729 in
276 3677 341 3732 VIi.
377 3679 416 3734 Et
434 3679 505 3742 iorte
524 3682 642 3737 adama
670 3677 707 3752 [i
729 3687 774 3753 (ς,
797 3681 844 3751 qni
861 3683 986 3744 ardonem
1010 3690 1038 3738 et
1062 3683 1298 3752 praecipitandam
1320 3681 1435 3738 denotat
1448 3675 1596 3740 'nocentem

235 3761 262 3808 et
281 3771 313 3810 se
331 3756 420 3827 ipsam
438 3758 638 3828 impedientem.
781 3763 783 3768 ’
1066 3789 1072 3800 ·
1109 3777 1112 3786 ·
1135 3800 1138 3806 ,

325 3835 557 3894 Sedaccenditur
572 3844 604 3894 ut
620 3838 767 3908 pimimum
785 3838 854 3895 baec
871 3835 1017 3910 cupiditas¹
1027 3840 1161 3910 exemplis
1178 3840 1293 3895 aliorum
1311 3848 1340 3896 et
1357 3839 1417 3910 ipsa
1434 3839 1597 3898 difficultate

235 3923 340 3984 rerum,
364 3915 438 3984 quod
455 3919 565 3988 proprie
584 3919 681 3974 biantis
700 3924 756 3989 est,
781 3925 812 3974 ut
836 3925 864 3973 et
881 3919 966 3988 ignis,
990 3919 1071 3989 cnjus
1089 3927 1214 3974 naturam
1239 3919 1422 3975 babetbiars.
1459 3919 1595 3988 Exempla

237 3984 342 4049 faciunt
365 3996 588 4078 aemulationem,
613 4013 685 4067 qnae
707 4004 751 4052 est
772 3999 906 4053 abiarta.
942 3998 995 4052 Est
1018 4005 1110 4052 mrtem
1137 4014 1215 4054 amor
1232 3999 1302 4064 reri,
1329 3997 1450 4068 pulchri,
1477 3997 1595 4073 bonuti,

237 4065 340 4144 laudis,
367 4075 484 4148 gloriae,
507 4079 702 4138 nutrimentum
721 4083 749 4131 et
765 4075 828 4138 linia
851 4075 934 4144 hujus
952 4075 1123 4145 cupiditatie,
1140 4091 1212 4144 qnae
1231 4076 1368 4146 cupiditas
1390 4076 1487 4132 barum
1504 4091 1619 4132 rerum‘

238 4151 308 4206 unde
332 4153 381 4220 sit,
405 4153 471 4209 abbi
489 4153 715 4210 considerandum
739 4163 789 4210 est.
824 4155 910 4209 Porro
934 4167 968 4208 er
991 4153 1040 4208 iila
1062 4153 1271 4224 praecipitantia
1293 4160 1322 4209 et
1337 4154 1494 4224 cupiditate,
1512 4170 1594 4224 quam

240 4229 360 4285 nocivam
379 4231 443 4302 dixi,
462 4231 517 4288 boc·
533 4233 671 4302 seqnitur,
690 4241 720 4290 ut
737 4235 814 4304 prius
832 4231 934 4302 aliquid
952 4232 1054 4288 iumdat
1072 4233 1230 4302 dicendum,
1248 4249 1331 4302 qnam
1347 4233 1483 4303 perpendi
1497 4232 1593 4302 possit
1671 4255 1675 4261 =

239 4321 318 4373 quam
336 4307 439 4366 bonbm
459 4311 503 4367 sit.
540 4313 610 4368 ilino
628 4313 814 4368 hallucinatur
831 4318 969 4380 perpetuo·
982 4311 1010 4364 in
1029 4323 1170 4373 ammone,
1186 4311 1251 4366 laiac
1269 4327 1304 4366 ne
1321 4303 1432 4380 cuidem
1450 4312 1594 4384 epistolam

239 4382 304 4443 bene
328 4390 423 4445 scribit
449 4405 484 4445 er
511 4398 643 4462 tempure.
679 4391 789 4447 Modica
803 4405 879 4446 ,vero
906 4390 1077 4456 aomaodone
1103 4385 1239 4460 adbibita,
1269 4393 1360 4446 omnia
1386 4390 1456 4446 liunt
1480 4391 1592 4461 optima.

240 4463 310 4522 liene
328 4468 438 4538 quidem
452 4468 579 4539 loquitur
596 4477 625 4525 at
643 4471 711 4526 bene
730 4471 832 4536 scribit,
851 4470 982 4540 quamdin
1000 4468 1069 4525 nibil
1086 4469 1200 4539 premit,
1217 4471 1271 4526 nisi
1289 4470 1364 4539 quod
1380 4471 1592 4540 praemeditatus

241 4543 299 4601 olim
317 4548 414 4604 inerat
451 4549 505 4606 Sed
521 4549 652 4618 loquenti,
670 4551 800 4606 scribenti
817 4557 951 4621 perpetua
968 4549 1127 4604 intercurrit
1141 4548 1274 4620 ooputio
1291 4549 1327 4604 de
1345 4548 1423 4605 nosia
1442 4549 1485 4604 vei
1502 4548 1591 4604 verbis

242 4625 278 4678 rei
295 4627 375 4688 rebus
393 4628 436 4683 rei
453 4627 541 4686 modis
560 4629 690 4699 loquendi
708 4637 763 4686 aut
774 4627 988 4700 argumentandi,
1007 4627 1057 4683 rel*
1068 4627 1103 4684 de
1120 4643 1191 4682 noro
1209 4626 1322 4682 consilio
1339 4626 1383 4682 vei
1400 4625 1435 4682 do
1452 4625 1591 4682 reticendo

241 4700 282 4760 illo
300 4707 374 4778 ipso,
401 4708 481 4778 quod'
493 4707 623 4778 loquitur.
661 4709 727 4764 Cum
754 4709 838 4778 igitur
854 4709 912 4778 alii,
937 4713 969 4762 ut
987 4707 1121 4776 Scaliger,
1148 4721 1184 4760 ex
1202 4704 1466 4774 temporeaeribant
1482 4707 1590 4776 optima,

242 4795 347 4841 neumae
365 4781 422 4856 est,
446 4785 508 4842 iilos
526 4785 628 4841 babere
646 4788 858 4857 signideatorem
882 4787 1001 4856 optimae
1024 4785 1152 4856 rationis,
1173 4785 1301 4853 innuunt
1321 4783 1499 4852 signffiasori
1516 4786 1591 4856 cupi·

243 4859 336 4920 ditatis.
362 4864 444 4934 JQuid
462 4865 559 4926 mirum
578 4873 678 4932 antem,
697 4865 721 4920 si
738 4881 827 4924 sermo
846 4871 888 4921 est
906 4864 1048 4919 obaractm
1059 4863 1140 4933 vitae,
1158 4863 1233 4932 auco
1244 4869 1304 4922 etat
1322 4862 1400 4920 initio
1410 4863 1589 4935 propositum.

244 4937 331 5012 Neque
348 4951 440 5002 umen
452 4944 531 5014 alius,
550 4947 595 5002 aui
607 4937 692 5023 astQ
712 4944 741 4999 iu
754 4946 813 5000 vii.
827 4942 976 5013 orientalia,
994 4942 1084 5008 relos,
1108 4942 1402 5012 &maus-propterea
1413 4941 1589 5000 sutimidem

244 5021 299 5090 erit,
323 5023 398 5093 qu'od
419 5023 475 5091 bic,
499 5025 564 5094 quia
582 5031 707 5080 naturam
728 5016 829 5092 ingenii
854 5031 963 5092 oportet
986 5037 1047 5078 esse
1073 5021 1154 5078 simul
1172 5036 1301 5090 capacem
1323 5028 1365 5075 tot
1390 5020 1586 5089 cogitationum

249 5102 383 5158 unitarum.
420 5103 496 5158 ilaec
518 5111 633 5158 naturae
655 5101 792 5174 capacitas
816 5115 879 5164 esse
902 5101 1010 5156 ridetur
1026 5115 1044 5154 a
1060 5090 1104 5177 Ο)
1126 5106 1155 5155 et
1170 5101 1235 5172 Aac.
1255 5097 1337 5154 siuml
1354 5097 1588 5168 camsteilisplu·

246 5178 322 5252 uuis,
340 5179 414 5252 uude
432 5181 589 5250 imaginatio
608 5190 637 5238 ot
653 5179 855 5238 reminiscentia
870 5179 1002 5238 mbabilis
1020 5180 1103 5238 iunius
1120 5189 1156 5234 ea
1173 5177 1240 5248 alio,
1263 5192 1325 5234 oum
1341 5185 1432 5234 umen
1449 5176 1587 5240 memoria,

247 5259 324 5324 tulis
344 5259 466 5330 inaliia,
488 5275 628 5331 nunqnam
652 5260 735 5317 merit
752 5262 838 5329 bonas
866 5259 920 5316 boe
942 5266 999 5326 est,
1024 5272 1095 5328 quae
1119 5256 1227 5328 speciae
1251 5255 1364 5314 casola
1379 5254 1518 5314 audaeus
1538 5263 1588 5314 aut
