4242 6384
525 779 588 836 454
700 797 703 812 ·
994 774 1160 844 Appendicie
1178 771 1401 830 Harmonieorum

525 949 594 1010 dum
616 947 691 1022 dixi,
719 967 907 1028 nequaquam
930 949 1035 1012 eodem
1056 959 1190 1030 respectu
1213 951 1315 1012 lormis
1342 952 1525 1036 quantitates
1551 949 1665 1020 inesse,
1694 961 1752 1022 quo
1770 946 1849 1000 insunt

523 1039 672 1098 materiae.

611 1123 754 1184 Numeros
782 1129 813 1197 l,
839 1129 875 1204 2,
899 1128 917 1184 3
941 1143 1000 1201 qrro
1024 1133 1055 1184 tu
1078 1141 1177 1194 sensu,
1201 1142 1260 1200 quo
1284 1125 1420 1200 exemplo
1442 1119 1679 1200 proportionales
1701 1117 1786 1186 dim,
1805 1119 1853 1190 'tlte

524 1210 649 1282 viderim
674 1213 701 1268 in
724 1215 884 1286 geometria
900 1212 1134 1288 proportionales
1149 1223 1217 1270 aunt
1233 1214 1283 1270 isti
1301 1216 1328 1284 l,
1353 1217 1382 1281 2,
1406 1213 1444 1284 4,
1459 1213 1503 1269 sic
1522 1214 1548 1282 l,
1574 1211 1602 1280 3,
1628 1210 1658 1278 9,
1682 1209 1726 1262 sic
1739 1207 1767 1273 42
1789 1205 1813 1269 ὅ,
1832 1203 1854 1260 9·

525 1297 558 1356 lu
583 1297 629 1358 bis
654 1301 680 1368 l,
705 1303 734 1370 2,
759 1303 777 1358 3
801 1299 974 1358 formalibus
997 1301 1125 1372 (scilicet
1146 1309 1179 1356 ut
1200 1311 1269 1358 suut
1291 1295 1425 1379 figurati)
1449 1298 1621 1356 delitescere
1641 1296 1688 1352 ais
1709 1293 1857 1367 mysterium

524 1385 694 1444 barmoniae
725 1385 909 1446 mundanae..
947 1387 1028 1446 Lare
1057 1389 1194 1446 nimirum
1225 1389 1315 1448 uteris
1346 1404 1421 1446 voce
1443 1386 1620 1453 'hermonim
1653 1378 1735 1456 quod
1760 1380 1787 1434 sl
1812 1393 1858 1433 non

525 1482 604 1530 esset
628 1483 656 1544 et
680 1473 704 1528 si
727 1473 763 1532 de
787 1475 852 1551 ipso
874 1477 1099 1552 proportionum
1121 1482 1187 1532 ortu
1211 1473 1381 1548 loquereris,
1405 1490 1482 1549 qnae
1497 1471 1704 1548 proportiones
1724 1469 1753 1522 in
1768 1467 1860 1522 musica

525 1561 704 1632 suavitatem
734 1561 892 1620 conciliant
925 1563 1000 1620 binis
1024 1563 1200 1622 consociatis
1230 1565 1323 1634 sonis,
1339 1607 1342 1615 .
1356 1561 1456 1620 tbema
1478 1561 1536 1624 boc
1557 1565 1637 1616 esset
1666 1571 1735 1612 meo
1758 1551 1860 1610 themati

524 1647 708 1718 eontrarium,
733 1647 812 1722 qnod
836 1652 905 1707 totis
929 1650 1021 1708 tribus
1045 1650 1145 1725 primis
1167 1645 1362 1706 Harmonicee
1384 1665 1468 1708 meae
1490 1647 1573 1705 libris
1595 1646 1673 1716 ursi,
1699 1657 1758 1699 non
1779 1641 1859 1712 itaque

523 1735 567 1792 sic
590 1731 666 1792 uude
690 1735 827 1794 affirmari
850 1747 967 1820 posset,
996 1739 1195 1812 quippepost
1219 1735 1397 1796 decisionem
1419 1752 1544 1806 causae,
1560 1725 1631 1790 ‘nisi
1653 1727 1780 1789 eaodmn
1800 1743 1861 1782 nors

527 1824 617 1880 etiam
632 1821 796 1892 molimine,
820 1827 905 1882 novis
922 1827 1102 1898 argumentis
1118 1831 1267 1880 censueris
1283 1821 1470 1894 fulciendam,
1486 1822 1634 1880 contraria
1648 1835 1720 1876 mea
1734 1813 1861 1871 diluenda

612 1907 684 1966 Non
714 1926 773 1966 esse
803 1909 1007 1970 diversissimo
1030 1912 1194 1969 materiam
1217 1917 1245 1968 et
1264 1911 1419 1986 formam,
1444 1901 1489 1968 ‘ert
1511 1925 1547 1968 eo
1570 1907 1681 1980 arguis,
1711 1906 1786 1978 quio
1806 1918 1862 1955 cosr-

528 1997 655 2065 oenr'ont
677 1997 711 2052 in
733 1999 851 2054 actione
873 2005 901 2056 el
920 2001 1071 2072 passione.
1117 1995 1265 2070 Quarrtam
1286 2014 1343 2076 ogo
1369 1997 1535 2058 molestiam
1565 1995 1652 2068 capio
1677 1989 1795 2051 vetulus
1816 1988 1862 2043 dis-

527 2079 621 2138 cendit
644 2080 681 2145 do
702 2099 783 2142 novo
808 2091 876 2144 tuae
900 2083 1106 2160 philosophiae
1134 2083 1246 2158 linguai
1294 2083 1370 2143 Nam
1398 2085 1561 2160 antiquitus
1589 2099 1648 2138 non
1673 2079 1794 2136 diversa
1812 2085 1863 2132 tsn-

524 2175 604 2238 tum,
632 2167 685 2226 sed
708 2177 737 2228 et
760 2173 906 2230 contraria
928 2171 1081 2242 eluebant,
1113 2187 1189 2244 quae
1217 2173 1247 2228 in
1270 2188 1302 2230 se
1333 2179 1567 2246 mutuoagunt.
1614 2166 1763 2240 Adeoque
1793 2165 1862 2220 elien

525 2247 629 2328 figuris
653 2254 778 2314 diversis
801 2268 921 2316 utuntur
943 2258 994 2317 ille
1018 2260 1059 2316 tui
1083 2258 1210 2335 exempli
1235 2261 1279 2314 vir
1300 2270 1330 2316 et
1353 2259 1405 2318 illa
1419 2257 1532 2329 mulier,
1555 2259 1749 2330 inquantum
1771 2251 1862 2307 scilieet

523 2349 616 2414 agunt
645 2345 869 2420 patiunturquer
899 2363 987 2422 quam
1019 2345 1131 2417 figurae
1162 2345 1364 2404 diversitatem
1395 2349 1483 2405 etiam
1514 2346 1643 2404 numeris
1673 2339 1863 2419 Pythagoricis

526 2445 694 2504 expressam
719 2432 833 2492 invenis
855 2433 931 2492 libro
954 2449 1020 2492 meo
1043 2430 1100 2490 IV.
1120 2432 1311 2492 Harmoniae.

610 2515 782 2578 Formarum
813 2537 868 2593 ego
897 2537 962 2580 cum
992 2522 1124 2578 meteriis
1156 2520 1391 2578 convenientiam
1422 2534 1476 2577 seu
1506 2518 1750 2592 conjunctionem
1780 2527 1861 2568 recuso

522 2600 691 2663 barmoniae
714 2604 887 2682 indigetari,
919 2624 1007 2668 sensu
1031 2608 1114 2664 vocis
1144 2617 1215 2682 apto
1243 2610 1317 2664 meis
1346 2606 1613 2682 speculationibus3
1641 2602 1861 2678 conjunctionem

526 2691 622 2764 ipsam
653 2707 711 2750 uon
742 2683 856 2754 recuso]
903 2693 1077 2771 Exemplum
1107 2711 1204 2752 meum
1233 2693 1402 2752 diurnorum
1435 2689 1705 2767 motuuro.blartia
1736 2697 1767 2748 et
1794 2685 1861 2744 loris

523 2793 603 2836 nova
627 2779 743 2838 inscitia
773 2783 861 2841 miror
882 2782 1014 2858 [mendic
1036 2781 1190 2856 appellari.
1235 2781 1303 2840 Duo
1327 2783 1440 2840 termini
1467 2780 1590 2838 sensiles
1612 2788 1696 2848 sunt,
1732 2773 1860 2851 proportio

522 2867 597 2922 inter
627 2863 694 2929 illos
717 2881 763 2924 res
786 2877 832 2926 est
853 2869 919 2931 sola
946 2877 1043 2927 mente
1072 2867 1277 2947 percipienda,
1306 2867 1506 2939 aestimanda,
1536 2865 1668 2926 [ruenda.
1717 2863 1782 2922 Nisi
1803 2861 1861 2918 enin

522 2951 629 3008 mentis
652 2951 751 3012 luoreo
774 2957 883 3014 inesset
906 2958 934 3012 in
957 2955 1069 3024 auditu,
1094 2972 1153 3013 non
1167 2958 1194 3016 is
1215 2953 1409 3016 delectaretur
1424 2956 1613 3031 proportione
1629 2957 1655 3019 l,
1669 2951 1746 3010 ad3
1774 2951 1799 3006 in
1820 2962 1859 3001 ro·

522 3037 622 3110 cibus,
655 3049 685 3098 et
707 3041 762 3098 nisi
785 3044 865 3116 priua
889 3044 917 3100 io
942 3041 1031 3100 ideali
1055 3042 1164 3100 circulo
1194 3045 1277 3100 intus
1300 3044 1330 3100 in
1351 3053 1449 3100 mente
1473 3043 1612 3100 creatrice
1642 3036 1861 3096 retexissem

522 3127 684 3201 proportio,
703 3142 761 3184 non
773 3129 878 3190 suisset
890 3128 940 3188 illa
955 3129 1049 3188 indita
1058 3131 1199 3207 motibus,
1221 3130 1339 3189 Saturni
1351 3129 1517 3187 tardissimo
1534 3136 1565 3187 et
1575 3126 1663 3186 Jovls
1679 3123 1860 3184 velocissimo.

612 3211 781 3288 Incongrua
803 3217 856 3276 tibi
880 3216 996 3276 videtur
1019 3217 1176 3276 affirmatio
1198 3231 1273 3290 msa,
1297 3215 1368 3277 dum
1390 3215 1466 3293 dieo,
1489 3216 1708 3276 diversissimae
1728 3229 1792 3272 esse
1812 3219 1861 3264 toa

522 3297 695 3374 barmoniae
719 3317 738 3358 a
759 3304 841 3360 mels.
887 3303 922 3362 Et
947 3321 1038 3376 quare
1061 3304 1244 3378 incongrua?
1289 3302 1368 3377 Quia
1395 3321 1462 3362 cum
1484 3304 1538 3365 tibi
1560 3304 1599 3360 sit
1621 3301 1777 3360 harmonia
1805 3299 1862 3352 tntu

524 3383 622 3444 lucem
645 3395 676 3445 et
697 3391 865 3464 materiam,
897 3390 969 3448 mibi
992 3392 1067 3450 inter
1089 3399 1202 3449 motum
1226 3399 1255 3450 et
1277 3400 1405 3462 motum,
1436 3395 1532 3455 motus
1558 3385 1656 3448 tamen
1679 3391 1746 3463 ipsa
1775 3383 1861 3442 alors

523 3472 587 3562 tibi,
607 3489 674 3532 esse
706 3474 829 3536 videtur.
876 3477 967 3552 Atqui
991 3494 1008 3536 o
1032 3479 1124 3548 bone,
1156 3495 1227 3541 non.
1246 3476 1323 3536 idern
1347 3479 1488 3536 terminus
1515 3487 1577 3548 est,
1608 3477 1659 3534 lux
1682 3487 1717 3532 ut
1739 3478 1861 3532 nauseet

523 3567 624 3618 motus
649 3569 681 3618 ut
703 3563 836 3640 effeetus,
859 3581 915 3622 non
941 3563 1044 3624 eadem
1066 3566 1257 3634 combinatio,
1282 3565 1335 3622 tibi
1358 3564 1478 3638 quidem
1494 3563 1634 3622 materiae
1657 3570 1687 3620 et
1702 3561 1786 3628 lucis,
1807 3555 1860 3614 uribi

525 3644 650 3706 duorum
672 3658 823 3722 proteum,
852 3649 926 3710 lueis
949 3647 988 3731 (si
1014 3655 1056 3710 ita
1078 3649 1140 3732 vis)
1163 3652 1328 3710 effectuum.
1376 3651 1606 3727 Etsiqnaeatio,
1630 3667 1668 3708 an
1692 3656 1791 3706 motus
1810 3641 1860 3720 pla-

522 3732 657 3792 netarum
687 3754 705 3796 a
734 3735 798 3796 luce
821 3737 900 3796 Solis
924 3742 1049 3808 oriatur,
1083 3747 1211 3798 nonest
1237 3737 1313 3798 adeo
1335 3739 1491 3814 expedita,
1523 3747 1556 3796 ut
1582 3741 1659 3796 inter
1687 3734 1860 3794 fundamenta

521 3825 616 3896 possit
638 3825 757 3882 assumi.
802 3825 865 3900 Ego
890 3827 919 3884 in
942 3825 1054 3886 Comm.
1078 3825 1116 3886 de
1138 3828 1267 3884 molibus
1289 3825 1399 3892 Stellae
1415 3825 1519 3894 Martie
1541 3827 1630 3900 inque
1654 3825 1730 3883 libro
1746 3822 1781 3880 V⁴
1804 3818 1859 3891 lipt-

523 3919 620 3968 tomes
644 3909 853 3972 astronomiae
876 3913 1044 3972 demonstro
1068 3931 1202 3984 eausam,
1230 3931 1308 3987 quae
1331 3914 1466 3988 planetas
1489 3916 1569 3972 circa
1590 3911 1689 3975 Solem
1712 3912 1787 3985 agit,
1815 3919 1858 3962 non

523 4013 589 4056 esse
611 3996 722 4078 lucem,
753 3998 805 4060 sed
835 3999 947 4076 aliquid
974 4001 1033 4060 luci
1060 4017 1202 4078 perquam
1228 3995 1323 4059 simile
1352 4002 1381 4056 in
1411 4000 1511 4059 multia
1534 3999 1779 4076 proprietatibus,
1809 3991 1858 4050 illos

523 4100 593 4142 vero
617 4093 730 4157 motus,
763 4089 812 4162 qui
836 4088 909 4146 fiurrt
931 4088 1150 4146 harmoniarum
1173 4085 1344 4146 coelestium
1367 4089 1496 4158 termini,
1526 4087 1645 4157 {ormari
1669 4095 1699 4144 et
1723 4081 1857 4143 moraris

521 4187 665 4230 concursu
690 4175 795 4232 insitae
820 4177 936 4234 virtutis
960 4177 989 4231 in
1012 4175 1139 4249 planetis
1162 4176 1445 4248 eccentricitatisone
1460 4175 1598 4251 planetas
1614 4172 1728 4232 aSole.
1772 4170 1856 4239 Imque

521 4255 648 4318 tarditas
672 4266 701 4318 et
725 4261 868 4321 velocitas
891 4269 1024 4320 motuum
1046 4279 1234 4338 nequaquam
1257 4263 1295 4320 ab
1312 4263 1378 4338 ipsa
1392 4261 1458 4321 luce
1480 4278 1535 4320 nec
1556 4262 1594 4320 ab
1612 4279 1648 4321 ea
1664 4278 1764 4330 causa,
1787 4268 1856 4330 quw

522 4345 589 4418 ejus
613 4347 748 4406 comitem
773 4347 848 4420 dixi,
878 4353 971 4424 primo
994 4351 1100 4421 oritur,
1124 4349 1177 4410 sed
1200 4349 1238 4407 ab
1261 4350 1477 4408 eceentricitate
1505 4346 1651 4426 planetae.
1696 4347 1763 4406 Tibi
1784 4344 1855 4402 etiam

522 4430 574 4489 lux
605 4431 681 4491 idem
711 4435 856 4510 estquod
884 4437 978 4494 lorma
1005 4443 1036 4495 et
1058 4439 1174 4508 anima,
1205 4435 1277 4494 mibi
1304 4443 1402 4495 motus
1424 4434 1609 4511 planetarum
1635 4433 1719 4493 nulla
1746 4431 1855 4501 indigent

523 4521 632 4589 anima,
657 4519 788 4592 indigent
804 4539 874 4584 vero
886 4525 979 4582 torma
994 4532 1144 4600 corporea,
1163 4540 1240 4597 onae
1254 4524 1390 4582 consistit
1405 4525 1433 4592 ip
1449 4523 1530 4582 fibris
1545 4523 1676 4599 corporis
1693 4514 1852 4594 magnerico.

608 4604 763 4682 Quomodo
799 4611 887 4668 etiam
919 4609 1059 4688 diversae¹
1087 4612 1231 4670 crassitiei
1260 4609 1388 4670 elrordae
1419 4611 1562 4686 resipiant
1596 4608 1701 4668 eodem
1738 4609 1851 4680 respectu

521 4695 717 4854 ᾳὲιῖιηὶωιεε,
757 4703 846 4772 supra
877 4697 1053 4774 explicatum
1087 4707 1142 4759 est.
1195 4698 1243 4756 Ita
1281 4696 1405 4756 dilutam
1444 4699 1582 4756 existimo
1614 4697 1848 4771 magnimos

520 4796 537 4838 o
571 4789 675 4842 cctam.
1559 4781 1563 4790 '

579 4914 593 4942 ⁴.
609 4867 663 4928 Ad
687 4869 871 4946 Analysin
894 4869 985 4930 XXI.
1029 4870 1143 4931 Hieta
1166 4871 1284 4930 divellis
1306 4877 1424 4938 textum
1439 4888 1538 4930 meum
1560 4887 1687 4945 eumque
1709 4871 1847 4947 perpotiti

519 4955 689 5030 aggrederis
722 4958 860 5016 inermem
890 4967 920 5018 et
941 4961 1116 5018 exanimem.
1160 4960 1253 5033 Atqui
1276 4966 1335 5016 tres
1358 4957 1459 5016 ordino
1482 4976 1502 5016 a
1523 4965 1554 5018 te
1580 4959 1744 5016 collocatae
1771 4961 1847 5031 parrer

520 5049 632 5115 textus,
665 5042 802 5104 videlicet
826 5049 882 5118 bl,
915 5049 955 5104 22
979 5039 1010 5104 et
1033 5048 1073 5104 23
1103 5045 1253 5118 conjuncti
1280 5061 1398 5104 sensum
1421 5045 1532 5109 babent
1560 5063 1667 5116 unum,
1698 5043 1846 5111 adduntque

521 5127 625 5188 ceteris
650 5127 879 5206 discriminibus,
905 5150 981 5208 quae
1004 5133 1169 5214 snotinter
1191 5141 1221 5192 te
1244 5140 1273 5192 et
1295 5149 1358 5203 me,
1382 5150 1472 5192 unum
1495 5136 1630 5209 insuper,
1655 5131 1735 5208 quod
1756 5115 1844 5189 settim

520 5223 551 5274 tu
573 5223 671 5300 partes
694 5220 736 5286 rei
759 5219 918 5304 cujusque,
948 5237 1036 5302 qoam
1066 5236 1120 5297 pro
1143 5219 1278 5298 subjecto
1301 5219 1471 5280 barmoniae
1501 5219 1653 5294 venditas,
1682 5237 1741 5278 non
1769 5216 1845 5287 allon
