4242 6384
849 776 990 846 Apologia
1528 784 1593 841 42³

259 961 282 1013 et
306 955 487 1032 patientium,
518 967 606 1032 quam
635 953 866 1032 byperpbyaicas
897 959 961 1036 typi
989 965 1019 1016 at
1045 956 1211 1034 archetypi.
1263 957 1328 1018 Non
1359 956 1462 1033 culpo,
1491 957 1594 1029 babes,

257 1042 345 1116 lateor,
368 1045 465 1102 socios
488 1045 517 1100 in
541 1042 597 1102 boc
620 1059 678 1102 usu
699 1045 794 1114 vocis,
817 1042 1010 1121 philosophos
1033 1046 1170 1115 eximios,
1200 1043 1269 1102 dum
1291 1043 1397 1104 ludunt
1418 1048 1448 1101 in
1469 1049 1595 1122 poc-a·
1645 1085 1648 1090 ι

257 1130 336 1208 tibus,
358 1145 433 1206 quos
456 1133 531 1190 inter
550 1137 583 1190 ut
598 1127 729 1211 l’roclus,
754 1130 838 1205 cujus
861 1130 908 1189 bic
930 1139 975 1190 est
998 1131 1034 1190 de
1049 1131 1172 1191 Phoebo
1189 1130 1350 1190 versiculus
1365 1130 1416 1189 iol.
1431 1148 1497 1190 mco
1514 1132 1593 1190 325:

645 1218 821 1296 Κιθαρῃ
844 1212 901 1278 ὑπο
924 1221 1054 1279 drosela
1075 1220 1195 1291 uulnus

539 1298 649 1372 Εὐιιιζ-
654 1327 677 1362 ι
674 1325 735 1380 .ppra
737 1327 756 1362 ιι
779 1327 853 1377 κυμα
876 1307 1105 1382 βαρυφλοισβιιιο
1129 1307 1275 1386 pastina,

258 1391 451 1448 suavissimum
475 1391 599 1448 innuens
622 1389 804 1449 harmoniam
835 1393 909 1450 inter
931 1399 1043 1451 marem
1064 1400 1094 1451 et
1115 1392 1290 1451 feminam
1283 1409 1312 1448 m
1335 1398 1402 1450 actu
1426 1393 1595 1469 generatio-

257 1481 308 1550 alep
331 1488 360 1536 et
383 1478 438 1536 bic
455 1476 491 1536 dc
514 1470 677 1536 Paeanea'
1184 1492 1193 1513 ⁸

537 1557 698 1640 lllqoua
682 1583 817 1639 αρμοιιης
838 1585 1042 1641 ιιιιιιιιιημοιος
1064 1561 1154 1643 ιῦρια
1175 1585 1295 1636 nocuos,

255 1648 324 1724 quod
345 1649 480 1730 intelligo
503 1647 539 1710 de
562 1651 722 1708 omnifariis
745 1650 921 1723 naturalium
943 1653 1106 1712 motionum
1128 1652 1322 1712 successibus.

327 1735 437 1809 Patior,
461 1739 588 1813 inquam,
614 1747 641 1796 ta
665 1737 787 1808 vocibus
811 1739 852 1796 uti
876 1739 1017 1798 arbitratu
1040 1747 1101 1811 tuo,
1124 1739 1197 1798 illud
1221 1748 1318 1809 tamen
1341 1741 1505 1799 necessario
1527 1756 1595 1798 mo·

257 1839 314 1891 nso,
336 1833 366 1884 te
389 1825 445 1883 sub
468 1824 524 1884 bac
547 1817 739 1899 ambiguitate
762 1823 926 1884 latitantem
948 1825 1090 1902 plurimas
1103 1830 1221 1904 passim
1244 1827 1344 1885 turb'as
1357 1830 1494 1900 excitare,
1517 1843 1595 1902 qnae

255 1909 360 1968 detecta
393 1914 638 1986 aequivocatione
670 1909 808 1970 lucillime
839 1915 1003 1988 sopiuntur.
1058 1914 1119 1971 Aut
1147 1916 1172 1972 si
1201 1915 1298 1988 detegi
1332 1930 1389 1972 non
1420 1921 1517 1989 potest
1546 1917 1595 1987 (ut

254 1995 360 2071 quidem
394 1996 450 2056 boc
479 2002 543 2074 ipso
573 1999 639 2057 loco
660 1997 761 2072 plures
790 2000 818 2056 in
847 2007 899 2057 tuo
921 1999 1104 2058 barmoniae
1124 2001 1232 2060 nucleo
1259 2017 1310 2058 ssu
1327 2000 1468 2059 ‘medulla
1484 2017 1595 2059 sensus

253 2084 349 2156 latent,
376 2101 464 2160 qnam
488 2101 570 2144 meus
593 2094 695 2162 stupor
718 2101 822 2161 cepere
846 2088 970 2170 possit),
1002 2097 1071 2144 tnnc
1094 2089 1360 2146 irritisconatibns
1381 2087 1595 2164 congredimur,

254 2173 358 2246 quaerit
382 2172 546 2230 insolutum
570 2181 737 2247 tectumque
768 2173 857 2230 lorica
880 2173 1078 2249 inexplicabili
1103 2173 1254 2238 homulnm
1282 2174 1424 2253 anhelans
1455 2175 1517 2234 iera
1538 2173 1595 2253 ds·

253 2261 371 2334 seritque
404 2276 462 2316 non
492 2257 664 2332 inventum
693 2261 846 2317 frustratur
876 2275 930 2318 sua
959 2260 1111 2336 voluptate
1141 2270 1305 2339 spectatorq
1335 2261 1445 2320 nullam
1474 2265 1595 2336 inquam
1706 2286 1709 2294 ·

255 2344 336 2403 lector
359 2345 518 2405 utilitatem
541 2348 621 2423 capit
643 2363 679 2404 cx
704 2349 919 2406 concertatione
943 2347 1128 2406 tenebrarum
1151 2344 1302 2428 plena.⁴¹)

331 2433 385 2490 sd
408 2432 597 2510 Anslysin
620 2431 674 2494 Χ.·
708 2431 875 2509 Propterea,
900 2434 1134 2510 inquam-quod
1158 2434 1207 2494 ille
1230 2439 1312 2513 praxi
1336 2436 1430 2510 magis
1453 2433 1594 2508 indulget,

252 2535 298 2592 ego
319 2519 468 2591 theoriae,
504 2522 558 2596 ipsi
589 2520 708 2595 quidem
730 2521 861 2596 picturae
884 2530 952 2580 sunt
976 2521 1162 2592 commodae,
1192 2524 1265 2600 mibi
1289 2521 1477 2590 theoremata
1522 2520 1590 2578 Non

253 2607 456 2679 injuriam'tibi
480 2607 552 2678 leci,
586 2607 730 2684 Robortc3
760 2605 873 2664 nullum
902 2609 929 2664 in
960 2625 1047 2684 opere
1071 2618 1122 2667 tuo
1145 2609 1193 2666 lixi
1224 2611 1335 2685 migma
1362 2604 1511 2679 inuidiae,
1542 2607 1594 2665 sed

251 2709 315 2767 opus
337 2694 441 2752 lectori
457 2713 476 2752 a
490 2710 544 2752 sna
559 2697 676 2770 propria
692 2702 764 2752 nota
776 2695 929 2769 descripsi,
945 2703 978 2753 ut
994 2697 1091 2771 sciret,
1107 2699 1157 2770 qui
1172 2695 1302 2754 nondum
1314 2697 1392 2766 emit,
1407 2695 1594 2753 insontumm

252 2797 277 2836 se
298 2781 377 2856 quod
410 2781 551 2852 delectet,
584 2789 670 2856 prout
701 2782 848 2854 ingenium
869 2783 958 2840 luorit
980 2781 1114 2840 bominis.
1160 2782 1235 2841 Nam
1266 2793 1297 2842 et
1317 2781 1437 2857 picturis
1467 2796 1502 2839 ex
1525 2794 1593 2839 aero
1713 2842 1721 2855 Ι

254 2867 377 2926 aboridat
403 2883 528 2926 excusus
548 2867 633 2940 liber,
657 2874 687 2926 et
709 2874 771 2926 tuto
794 2869 857 2942 ipae
880 2866 995 2945 arralysi
1011 2869 1067 2930 ΙΙΙ.
1090 2869 1178 2927 modo
1193 2870 1371 2939 recensuisti,
1395 2867 1502 2942 quibus
1524 2879 1595 2926 uta-

253 2955 284 3011 ris
304 2956 429 3030 picturis
453 2958 481 3010 in
498 2957 593 3012 sicam
608 2957 759 3024 sermonis,
783 2953 901 3030 templo,
926 2954 1078 3028 columnia,
1102 2955 1336 3038 hieroglyphicas,
1359 2953 1593 3031 speculatum,

251 3041 454 3117 triangulorum
477 3041 606 3120 ligurias
624 3040 662 3099 ad
686 3057 760 3115 quas
782 3049 814 3098 tu
837 3043 877 3100 ibi
901 3041 957 3100 loci
988 3059 1045 3100 non
1070 3043 1156 3101 aliter
1177 3059 1335 3118 provocas,
1365 3057 1454 3115 qnam
1476 3041 1594 3100 matire-
1626 3099 1630 3107 ,

253 3131 368 3187 maticus
393 3127 501 3202 aliquis
524 3127 561 3186 ad
585 3143 653 3186 anas
676 3130 891 3204 propositiones
915 3135 944 3186 et
966 3129 1160 3199 theoremata,
1185 3145 1316 3205 quasque
1339 3130 1428 3186 etlam
1450 3127 1507 3187 bac
1528 3129 1594 3203 ipsa

252 3215 320 3272 anal.
336 3215 382 3273 X.
407 3207 459 3293 pro
483 3213 745 3290 diagrammutibus
768 3217 826 3272 tuis
850 3215 951 3274 lraberi
975 3219 1029 3274 vis.
1076 3215 1263 3290 Quinetiam
1288 3216 1388 3273 lateris
1411 3217 1531 3284 iterato,
1564 3226 1592 3272 te

251 3304 372 3376 picturas
407 3300 602 3360 introduxisse
636 3300 784 3378 plurimas.
813 3301 889 3360 ΙΟιιι
924 3305 1012 3377 igitur
1036 3301 1214 3362 succenses?
1259 3303 1304 3360 ilo
1328 3301 1502 3377 exprobrari
1537 3303 1592 3360 tibi

252 3387 351 3464 ignras
376 3397 411 3447 ut
433 3387 569 3458 insulsas,
593 3397 626 3446 ut
648 3385 797 3446 dedecus?
843 3388 901 3447 Cur
924 3391 1010 3463 igitur
1032 3392 1117 3465 quasi
1139 3397 1272 3447 mutuum
1291 3405 1445 3467 reponeres
1468 3398 1497 3447 et
1512 3405 1592 3447 meas

252 3474 304 3550 ipse
326 3476 438 3554 figuras
453 3490 617 3548 recenses,
648 3469 724 3550 q'uae
751 3483 850 3534 manen
880 3492 936 3533 non
968 3487 1036 3535 aunt
1057 3474 1137 3533 alind
1162 3491 1251 3550 quam
1274 3474 1510 3557 diagrammata?
1557 3476 1594 3534 lli

252 3579 327 3636 quem
361 3565 392 3620 in
422 3571 450 3620 te
473 3564 590 3637 genium
613 3577 786 3637 agnoscam,
819 3564 867 3637 qui
893 3563 982 3622 verba
1011 3563 1216 3635 indifferentia,
1239 3577 1304 3621 cum
1328 3557 1466 3622 facillime
1488 3580 1592 3639 posses

254 3650 275 3705 in
297 3651 407 3708 bonam
430 3650 712 3728 acciperepartem,
742 3651 835 3706 masia
866 3651 895 3706 in
919 3647 1045 3707 malam?
1088 3648 1162 3707 Tuis
1184 3651 1305 3725 picturis
1336 3667 1402 3708 mea
1423 3653 1592 3728 comparavi

253 3734 467 3812 diagrammata,
490 3737 586 3795 lassus
608 3735 713 3792 librum
736 3753 832 3794 mcum
855 3749 912 3793 non
936 3751 1029 3809 aeque
1052 3743 1141 3809 atque
1165 3744 1246 3792 tuum
1270 3746 1403 3795 ornatum
1427 3754 1507 3807 asae,
1537 3753 1592 3796 nec

252 3822 369 3882 loturum
393 3823 431 3882 ad
454 3831 571 3897 gustum
594 3821 711 3880 lectoris
734 3820 907 3897 cujuslibet;
931 3823 1070 3880 excusari
1093 3822 1171 3879 bunc
1194 3821 1337 3881 delectam
1360 3843 1379 3881 a
1400 3824 1590 3902 professione,

251 3925 307 3968 cum
337 3919 394 3985 ego
422 3909 659 3978 mathematicum
691 3925 787 3984 agam.
833 3911 872 3965 At
902 3917 933 3964 tu
963 3907 1030 3964 hinc
1048 3909 1243 3977 ‘iactantiam
1273 3913 1371 3968 nescio
1394 3927 1483 3992 quam
1506 3909 1588 3969 dicis.

251 3994 423 4058 lactantium
453 3995 501 4055 odi
525 4003 553 4054 ct
576 3995 697 4068 damno,
729 3995 780 4052 scd
803 3996 831 4052 in
854 3993 968 4069 pulpito
988 4003 1072 4052 'stans
1095 3995 1260 4053 discrimina
1289 4011 1390 4072 rernm,
1407 3996 1589 4056 dissimulare

251 4099 300 4140 non
322 4099 459 4162 possum3
483 4082 654 4142 invitandus
677 4089 720 4140 est
743 4081 811 4140 mibi
835 4079 994 4157 discipulus
1017 4080 1055 4140 ad
1077 4081 1346 4140 matbematicarum
1371 4083 1588 4159 disciplinarum

252 4171 387 4242 studium,
418 4169 662 4247 suppeditandum
681 4171 782 4252 animo
804 4168 917 4228 sincero
940 4167 1111 4247 consilium,
1139 4185 1198 4243 qno
1221 4185 1365 4244 quemque
1396 4169 1588 4245 libro-jurari

253 4260 417 4318 existimem.
426 4253 470 4331 4’·’)
514 4257 617 4334 Liceat
639 4255 710 4322 milri
733 4259 891 4314 etiamnum
913 4255 1039 4330 prolerre
1063 4273 1165 4314 vocem
1188 4258 1282 4331 magis
1303 4255 1434 4314 claram:
1451 4261 1503 4333 qui
1524 4275 1589 4316 ma-

253 4339 465 4404 tbematic'arum
494 4341 710 4418 disciplinarum
742 4340 943 4402 certitudinem
974 4351 1070 4415 amat,
1099 4342 1165 4418 plus
1193 4341 1244 4401 ille
1273 4345 1369 4418 capiet
1398 4343 1530 4403 utilitatis
1560 4347 1588 4401 in

254 4440 326 4504 parte
348 4431 570 4492 matbematices
594 4429 762 4488 harmonica
783 4427 975 4506 perdiscenda
997 4445 1033 4488 ex
1049 4445 1136 4506 opsrs
1152 4445 1218 4488 meo
1235 4429 1477 4502 harmonicorum,
1501 4449 1589 4528 quam

255 4535 284 4574 er
299 4519 424 4579 Roberti
449 4517 490 4578 ds·
507 4517 667 4576 Fluctibus.
714 4513 771 4590 Qui
795 4532 865 4574 vero
889 4517 1037 4592 ingenium
1059 4516 1247 4592 philosophia
1269 4519 1392 4593 mystica
1416 4505 1509 4622 (qnae
1539 4535 1590 4593 per

254 4610 414 4682 aenigmata
441 4604 525 4664 tradi
543 4599 651 4683 solat),
674 4603 775 4662 oculos
804 4605 924 4678 picturis
947 4619 1067 4680 pascers
1088 4605 1184 4680 cupit,
1217 4603 1296 4679 qnod
1314 4607 1447 4679 quaerit,
1472 4608 1501 4663 in
1523 4621 1589 4664 meo

255 4689 320 4753 libro
343 4709 401 4752 non
425 4693 563 4750 inveniet.
572 4687 612 4767 ⁴³)

335 4779 391 4839 Ad
414 4779 598 4854 Analyairi
620 4775 678 4834 Xl.
722 4775 779 4834 Hic
801 4791 904 4838 ansam
925 4777 1055 4853 aliquam
1078 4777 1232 4849 invenisti,
1254 4753 1395 4849 Roberte,
1427 4778 1497 4836 mibi
1521 4795 1589 4836 suc·

256 4866 392 4938 censendi,
415 4873 496 4925 teucs
520 4866 597 4924 enim
620 4881 666 4922 mc
690 4863 898 4935 verbiameis,
928 4865 1047 4940 perinde
1071 4867 1151 4923 acsi
1174 4865 1398 4939 egomeslnci
1421 4882 1590 4942 comparas·

258 4967 326 5026 aem,
357 4961 409 5012 toa
441 4953 539 5011 omnia
567 4951 702 5010 tenebris.
747 4949 856 5008 Vemm
889 4953 914 5009 si
944 4950 1064 5034 paulum
1092 4960 1121 5009 te
1145 4952 1293 5010 continere
1322 4952 1360 5010 ab
1388 4953 1589 5028 indignatione

257 5041 374 5112 poteris,
403 5039 527 5100 alliciam
558 5035 732 5096 declarando
760 5041 826 5094 inca
856 5037 963 5112 rerba,
986 5043 1019 5096 ui
1049 5055 1106 5096 non
1130 5044 1243 5096 tantum
1273 5039 1302 5095 in
1332 5047 1360 5096 ts
1392 5038 1590 5115 dolorganimi

257 5134 420 5205 conceptus,
451 5141 537 5204 qusm
561 5126 664 5188 verbis
682 5125 795 5186 acerbis
818 5126 948 5202 testaris,
978 5127 1139 5208 mitigetur,
1168 5123 1220 5184 sad
1242 5127 1330 5186 etiam
1353 5117 1465 5202 iocor,
1488 5128 1512 5184 si
1536 5127 1588 5205 qui
