4242 6384
551 809 614 870 394
1059 805 1209 862 Ptolemaei
1225 807 1382 865 Harmorda

550 977 662 1035 stabiles
680 979 808 1050 quinque.
844 979 891 1036 Sin
909 987 999 1038 antem
1018 981 1077 1037 sine
1094 997 1177 1039 causa
1193 981 1285 1053 placet
1302 979 1441 1052 duplicare
1457 981 1597 1054 diapason,
1614 984 1733 1055 placebit
1743 985 1784 1040 alii
1798 987 1863 1056 cipli·

550 1073 622 1124 care,
641 1063 671 1112 ut
688 1057 780 1127 plures
799 1057 898 1114 babeat
917 1059 1042 1131 stabiles,
1062 1061 1144 1116 etiam
1161 1061 1298 1118 veteribus
1317 1061 1412 1116 dictos.
1448 1063 1503 1118 Tot
1518 1063 1603 1132 igitur
1619 1063 1766 1120 nominibus
1781 1065 1865 1120 mullet

550 1135 721 1206 septenarius
740 1135 878 1192 stabilium
896 1153 1031 1194 sonorum.

639 1215 711 1270 Nota
728 1215 776 1270 IX.
812 1217 836 1272 Ε
855 1225 950 1274 contre
968 1219 1138 1288 septenarius
1156 1235 1284 1274 numerus
1302 1218 1472 1290 planetarum
1489 1229 1532 1276 est
1549 1221 1577 1275 in
1595 1222 1707 1290 antiqua
1723 1227 1818 1276 tantam
1832 1237 1868 1276 seo

551 1299 717 1356 Ptolemaica
734 1299 906 1368 astronomia,
926 1307 956 1354 ut
973 1299 1019 1356 illa
1038 1300 1116 1356 nobis
1134 1299 1266 1356 terricolis
1284 1314 1315 1353 sc
1331 1315 1382 1368 per
1400 1299 1493 1356 oculos
1510 1301 1640 1368 insinuat,
1657 1317 1720 1356 cum
1735 1302 1824 1370 reipsa
1837 1319 1869 1356 res

551 1381 631 1450 longe
649 1379 748 1434 babeat
764 1379 849 1435 aliter.
886 1381 955 1434 Nam
974 1380 996 1434 si
1015 1377 1157 1448 primarios
1175 1381 1300 1449 planetae
1325 1379 1353 1434 in
1371 1379 1472 1434 mundo
1491 1379 1660 1440 consideres,
1684 1388 1748 1436 aunt
1763 1381 1781 1434 ii
1796 1397 1870 1434 secun

551 1460 615 1514 dum
639 1459 816 1528 Copernicum
840 1475 951 1515 numero
974 1475 1031 1514 sex.
1066 1459 1146 1514 Luna
1164 1457 1254 1513 Solem
1278 1475 1332 1512 non
1355 1457 1578 1528 circumvehitur,
1605 1457 1653 1514 sed
1676 1458 1818 1524 Tellurem,
1839 1474 1870 1512 ess

549 1539 633 1606 igitur
649 1539 721 1592 inter
739 1537 928 1607 secundarios,
948 1546 977 1593 ut
995 1541 1011 1594 4
1030 1537 1244 1605 circumjaciales
1263 1545 1291 1592 et
1308 1538 1400 1593 ceteri.
1436 1538 1483 1592 Sin
1501 1553 1596 1593 omnes
1614 1553 1784 1593 numeramus
1799 1537 1871 1604 plane·

549 1625 601 1685 tas,
621 1617 702 1674 ιιιιιιιι
720 1617 907 1686 secundarios,
933 1625 960 1674 et
978 1617 1025 1688 qui
1044 1617 1170 1688 planetas
1188 1617 1256 1672 alios
1275 1616 1514 1672 circumvehuntur
1535 1617 1651 1688 epicycli
1667 1623 1755 1686 motu,
1775 1618 1825 1685 jam
1838 1633 1871 1668 er·

549 1696 682 1766 perientis
704 1695 739 1750 ad
760 1697 791 1752 13
810 1711 895 1765 usque
922 1697 1050 1752 excurrit.
1086 1696 1217 1752 Omnibus
1241 1695 1323 1764 igitur
1345 1697 1431 1751 modis
1457 1695 1570 1752 fortuita
1593 1705 1636 1751 cst
1653 1698 1814 1766 conspiratio
1828 1711 1871 1762 sep

549 1777 713 1830 teneriorem
730 1775 852 1828 istorum.

634 1851 708 1908 licta
725 1853 756 1906 X.
793 1853 868 1922 Quae
886 1853 931 1907 hic
948 1851 982 1906 de
1000 1861 1075 1908 motu
1094 1853 1190 1908 diurno
1208 1854 1292 1908 totius
1304 1853 1397 1909 mnndi
1415 1854 1450 1910 ab
1462 1861 1524 1909 ortu
1536 1855 1715 1924 inoccatum,
1733 1862 1761 1908 et
1776 1853 1871 1908 demoto

549 1931 682 2002 sphaerae
700 1929 814 1984 lixarum
833 1931 987 1986 tardissimo
1005 1931 1032 1984 in
1046 1931 1210 1986 contrariam
1222 1933 1331 2002 plagam
1344 1933 1477 2002 dicuntur,
1496 1949 1530 1988 ea
1541 1941 1606 1988 sunt
1617 1941 1798 1989 consentanea
1808 1940 1871 1986 asco

551 2009 657 2064 nomiae
674 2009 863 2064 Ptolemaicae.
899 2009 1064 2077 Copernlcus
1082 2009 1169 2065 reales
1188 2009 1239 2066 bos
1257 2019 1348 2066 motus
1367 2028 1421 2067 non
1439 2011 1570 2080 agnoscit,
1588 2011 1637 2066 sed
1654 2012 1774 2081 priorem
1789 2010 1871 2080 quiden

550 2087 721 2142 transscribit
738 2087 869 2142 solutioni
888 2087 1004 2143 Telluris
1023 2089 1096 2144 circa
1109 2105 1188 2145 snum
1206 2105 1285 2146 arem
1302 2091 1330 2146 in
1342 2091 1450 2162 plagam
1462 2091 1624 2162 oppositam,
1643 2093 1817 2162 posteriorem
1827 2105 1873 2142 rem

551 2165 678 2220 emotioni
696 2167 755 2221 axis
774 2165 892 2220 Telluris
910 2181 926 2220 e
944 2181 994 2221 suo
1013 2167 1068 2222 situ
1086 2163 1224 2236 parallelo.
1411 2171 1415 2177 ’

637 2245 708 2300 Nota
725 2245 771 2302 XI.
808 2245 840 2300 ln
859 2247 1024 2300 astronomia
1042 2247 1184 2316 copernici
1203 2247 1347 2304 dicendum
1365 2249 1410 2304 hic
1428 2255 1511 2316 esset,
1530 2263 1652 2318 apogaea
1668 2249 1819 2318 limitesque
1833 2247 1874 2314 pla·

548 2331 671 2380 netarum
688 2324 785 2380 boreos
811 2333 838 2380 et
855 2327 991 2381 austrinos
1010 2335 1143 2396 perpetuo
1168 2329 1220 2382 sub
1237 2328 1333 2384 iisdem
1356 2327 1419 2384 fixis
1437 2329 1593 2398 quiescere;
1615 2328 1669 2383 hoc
1691 2329 1764 2383 enim
1786 2324 1875 2379 credidit

548 2402 721 2458 Ptolemaeus
740 2403 774 2458 de
792 2405 908 2474 planetis
927 2407 1053 2474 quinque.
1088 2407 1124 2461 At
1143 2405 1296 2461 observatio
1315 2405 1442 2474 longioris
1456 2407 1515 2461 aeri
1533 2406 1637 2462 detexit
1651 2407 1749 2474 plura3
1767 2421 1823 2460 nam
1832 2418 1875 2456 snc-

549 2481 650 2538 cedunt
667 2484 748 2537 etiam
765 2485 833 2538 haec
851 2493 953 2554 puncta
970 2485 1129 2554 imaginaria
1152 2485 1242 2541 atixa
1264 2486 1299 2540 ad
1317 2485 1400 2542 fixam
1423 2485 1511 2554 aliam,
1531 2494 1558 2540 et
1579 2483 1774 2555 inaequalibus
1791 2480 1874 2550 quiden

551 2562 692 2618 celeritate
709 2563 906 2632 progressibus.

637 2661 710 2720 Noa
727 2663 787 2718 ΧΠ.
824 2661 887 2716 dem
911 2662 984 2730 qnod
1003 2661 1180 2730 sphaerarum
1198 2661 1397 2730 magnitudines
1416 2661 1530 2726 attinet,
1555 2675 1604 2714 eae
1625 2658 1704 2714 nullo
1727 2657 1805 2713 modo
1824 2669 1875 2708 men-

552 2755 643 2794 suram
661 2741 773 2796 eandem
792 2739 948 2808 observant,
974 2756 1053 2810 quam
1074 2739 1236 2795 chordarum
1254 2739 1410 2810 longitudo,
1435 2753 1469 2792 ac
1492 2753 1527 2793 ne
1544 2738 1649 2792 eminus
1667 2737 1779 2806 quidem
1804 2748 1876 2804 appre

552 2821 693 2888 pinqnant,
712 2821 759 2876 sed
779 2819 982 2888 generalissima
1000 2819 1132 2887 quaedam
1151 2819 1288 2886 allegetur
1305 2819 1510 2888 proportionum
1532 2814 1811 2884 inaequalissimarum
1826 2809 1876 2864 sini·

550 2898 649 2968 litudo,
675 2906 702 2953 et
727 2899 829 2954 nudum
853 2914 941 2952 meses
958 2913 1072 2959 nomen,
1099 2905 1128 2952 et
1150 2899 1271 2967 opinatio
1297 2897 1331 2952 de
1354 2897 1532 2966 sphaerarum
1557 2895 1759 2966 magnitudine,
1783 2893 1876 2963 quaein

548 2980 720 3034 astronomia
736 2977 885 3034 Ptolemaei
903 2977 988 3032 libere
1006 2969 1114 3046 quidem
1134 2985 1184 3045 est,
1203 2977 1252 3031 sed
1270 2991 1287 3030 a
1303 2989 1368 3029 vera
1380 2973 1548 3030 astronomia
1558 2975 1705 3030 refutatur.
1743 2971 1877 3042 Quinetiam

548 3055 614 3110 ordo
638 3055 810 3126 planetarum
837 3057 973 3112 veteribus
994 3051 1118 3112 'creditus
1140 3057 1221 3124 longe
1245 3053 1328 3108 habet
1352 3053 1431 3108 aliter
1449 3053 1522 3121 apud
1541 3051 1724 3122 Copemicurn
1747 3058 1775 3106 et
1797 3057 1878 3118 praeter

545 3133 715 3202 opinionem.
750 3135 812 3189 Etsi
831 3136 901 3190 enim
919 3135 947 3189 iu
967 3135 1094 3203 Saturno,
1110 3135 1186 3201 Jove,
1205 3134 1295 3188 Marte
1312 3132 1405 3187 nullus
1423 3147 1500 3186 error
1516 3131 1628 3200 ordinis,
1646 3138 1676 3185 at
1693 3147 1747 3186 nec
1764 3132 1790 3184 in
1801 3128 1878 3180 Venere

547 3223 574 3267 et
595 3213 744 3280 Mercurio,
771 3222 897 3283 respectu
920 3213 1080 3269 inclusionis
1103 3222 1131 3269 et
1149 3212 1420 3281 circumscriptionis3
1447 3218 1476 3265 at
1498 3209 1528 3264 in
1546 3208 1609 3264 Sole
1627 3217 1704 3262 erret
1725 3215 1802 3262 retus
1817 3214 1878 3258 estro

548 3292 649 3358 nomia,
670 3307 731 3344 cum
750 3293 906 3348 certissimis
926 3293 1117 3361 experimentis
1136 3292 1350 3347 demonstratum
1368 3291 1526 3356 habeamus,
1539 3289 1673 3343 Venerem
1687 3291 1785 3358 (eoque
1797 3281 1878 3336 erse-

548 3370 661 3435 curium)
690 3369 760 3424 circa
779 3369 868 3425 Solem
886 3371 933 3438 ire,
952 3379 1007 3425 tam
1026 3371 1137 3426 altiores
1154 3371 1201 3424 illo
1220 3369 1396 3438 quandoque,
1413 3383 1494 3438 quam
1512 3368 1629 3422 vicissim
1646 3367 1804 3424 humiliores
1819 3363 1877 3418 alias:

547 3455 574 3503 et
599 3447 763 3502 Mercurium
785 3447 892 3516 quidem
910 3449 1016 3504 Venere
1035 3467 1107 3506 nunc
1125 3450 1262 3518 altiorem,
1281 3448 1305 3502 si
1323 3455 1388 3504 sunt
1405 3447 1564 3503 humiliores
1583 3445 1662 3514 Sole,
1681 3461 1757 3501 nnnc
1774 3461 1804 3500 ea
1818 3439 1877 3496 ιιιιιι

546 3527 656 3596 liorem,
675 3528 698 3582 si
717 3527 795 3580 ambo
814 3525 877 3581 Sole
896 3525 1013 3582 altiores.
1050 3529 1147 3596 Itaque
1172 3537 1204 3583 ut
1224 3527 1384 3584 emendetur
1399 3527 1444 3581 hic
1463 3525 1530 3581 ordo
1552 3524 1703 3580 secundum
1722 3523 1878 3596 Cepernicunt

548 3604 665 3660 Telluris
690 3611 718 3658 et
736 3605 806 3658 Solis
826 3605 992 3660 conditiones
1011 3613 1076 3660 sunt
1093 3609 1303 3678 permutandae,
1327 3614 1359 3663 ut
1381 3624 1435 3671 non
1454 3606 1513 3675 Sol,
1536 3605 1584 3660 sed
1603 3605 1689 3659 Terra
1718 3603 1826 3658 circuito
1846 3613 1879 3650 sut

553 3681 654 3738 mediet
678 3681 749 3737 inter
766 3683 902 3752 planetas,
929 3683 1055 3738 Solvere
1075 3701 1122 3740 cor
1144 3687 1181 3741 sit
1197 3687 1316 3742 omnium
1333 3692 1362 3741 et
1386 3691 1518 3751 centrum,
1545 3699 1601 3738 non
1618 3683 1715 3738 Terra.
1759 3681 1795 3736 Et
1815 3685 1878 3732 unca

549 3761 636 3816 etiam
654 3761 693 3816 sic
713 3761 848 3829 (restituto
867 3761 961 3816 ordine
980 3765 1053 3832 vero)
1073 3764 1194 3819 exulabit
1213 3781 1228 3817 ι
1246 3781 1360 3820 numero
1378 3766 1464 3830 Luna,
1483 3771 1515 3818 ut
1532 3778 1603 3832 quae
1621 3759 1761 3817 Tellurem
1779 3755 1884 3839 droant,

559 3855 645 3910 eoque
664 3855 680 3894 a
698 3847 791 3895 centro
811 3838 981 3909 planetarum
1000 3842 1080 3895 abest
1097 3841 1204 3908 longius
1216 3843 1323 3898 Venere
1341 3850 1370 3897 et
1390 3843 1536 3898 Mercurio.
1570 3843 1613 3896 lta
1632 3836 1878 3910 netehyperboleon

559 3919 662 3974 nullum
680 3919 792 3974 habehit
810 3918 955 3988 planetam,
974 3925 1032 3990 aut,
1050 3924 1081 3974 ut
1097 3919 1203 3974 Lunam
1220 3921 1333 3990 habeat,
1353 3937 1367 3975 e
1385 3935 1497 3976 numero
1509 3919 1652 3974 eximenda
1669 3927 1698 3973 et
1716 3916 1780 3973 alibi
1796 3910 1878 3969 seorsis

559 3999 613 4055 erit
628 3993 771 4054 tendenda.

647 4079 725 4147 Quod
743 4092 807 4132 vero
821 4075 877 4144 jam
897 4075 1009 4131 mobiles
1027 4075 1092 4130 hinc
1110 4091 1192 4132 sonos
1210 4093 1259 4131 seu
1276 4077 1364 4146 locos,
1388 4075 1451 4132 inde
1469 4075 1648 4146 particulares
1666 4073 1828 4144 singulorum
1840 4065 1877 4153 plt-

562 4164 686 4213 netarum
706 4155 837 4223 sphaeras
855 4154 962 4222 attinet,
979 4155 1025 4209 hic
1036 4155 1135 4211 iterum
1147 4156 1339 4225 impedimenta
1350 4156 1444 4224 multa,
1463 4173 1517 4225 quo
1535 4157 1623 4210 minus
1640 4153 1803 4224 comparatio
1818 4153 1879 4218 poet

561 4233 675 4290 ins'titui.
711 4236 781 4288 Nam
799 4232 1085 4302 proslambanomenos
1103 4235 1259 4288 nonhabet
1278 4235 1367 4290 socios
1385 4234 1508 4302 mobiles,
1528 4251 1589 4288 curn
1604 4233 1739 4288 Saturnus
1755 4239 1836 4286 umen
1848 4224 1877 4275 ιι·

560 4311 624 4366 beat
642 4311 799 4381 epicyclum,
819 4319 847 4366 et
864 4311 943 4365 Luna
961 4313 1082 4382 epicyclo
1100 4314 1219 4368 secundo
1239 4315 1281 4376 tin
1292 4315 1459 4370 astronomia
1475 4321 1620 4382 utrumque
1631 4311 1807 4376 Ptolemaios)
1822 4310 1877 4360 affl

560 4406 621 4444 cum
640 4389 676 4445 sit
694 4389 767 4458 apud
786 4395 867 4443 neten
887 4390 961 4445 socia
979 4390 1096 4458 mobilis,
1115 4400 1253 4460 paranete.
1290 4392 1361 4446 Mam
1378 4393 1451 4462 quod
1463 4393 1636 4448 Ptolemaeus
1648 4393 1878 4462 Lunaepereccu·

559 4471 642 4524 tricos
661 4469 741 4522 etiam
760 4468 856 4522 tribuit
873 4465 969 4537 longos
988 4467 1136 4526 descensus
1154 4487 1339 4540 ascensusque
1356 4483 1445 4542 (quern
1463 4483 1513 4540 ego
1532 4471 1725 4526 adnumerum
1737 4461 1877 4536 margini?m

558 4547 813 4602 temperassem
838 4546 934 4599 merito
956 4551 1080 4616 secutus,
1108 4550 1208 4620 quippe
1230 4551 1344 4620 loquens
1371 4549 1454 4606 velut
1468 4566 1503 4605 ex
1526 4551 1586 4618 ejus
1609 4559 1680 4620 oret,
1707 4549 1830 4605 refutatus
1849 4541 1878 4588 0³

559 4627 660 4684 dudum
678 4624 866 4680 astronomicis
884 4626 1087 4694 experimentis.
1125 4628 1178 4683 Sed
1196 4643 1247 4683 nec
1266 4629 1434 4698 respondent
1452 4629 1633 4704 epicyclorum
1655 4627 1840 4698 megmtudines
1852 4631 1877 4668 ιι

559 4706 680 4766 tervallis
698 4706 769 4759 inter
786 4703 904 4768 stabiles,
921 4721 1009 4774 neque
1027 4706 1257 4775 magnitudinibus
1276 4707 1316 4775 (nt
1334 4714 1449 4778 apparet
1466 4724 1500 4766 ex
1518 4725 1558 4777 eo,
1578 4709 1651 4778 qnod
1663 4700 1876 4782 triplicandaeine

558 4793 622 4840 runt
640 4785 833 4854 proportiones
852 4784 1145 4854 systematismnsici),
1171 4800 1260 4854 neque
1279 4785 1454 4842 similitudine
1471 4787 1669 4856 proportionis,
1687 4803 1743 4840 non
1759 4787 1877 4862 tantuna

560 4866 763 4934 comparatione
790 4864 824 4918 ad
850 4875 880 4918 se
897 4869 1003 4932 mutuo,
1031 4861 1080 4917 sed
1105 4863 1187 4915 etiarn
1211 4863 1245 4917 ad
1264 4867 1346 4920 orbes
1363 4879 1443 4934 suos3
1469 4863 1512 4918 his
1532 4865 1602 4918 enim
1627 4863 1750 4919 omnibus
1765 4856 1875 4938 moden

559 4943 688 5014 aequales
707 4949 774 4996 sunt
791 4941 918 5010 utrinque
936 4940 1140 5010 proportiones,
1167 4947 1198 4994 nt
1216 4942 1353 5010 epicyclus
1370 4943 1468 4997 Martis
1489 4943 1607 4997 omnium
1624 4943 1770 5010 maximus,
1792 4937 1875 4990 senen

560 5022 596 5076 ad
614 5038 694 5077 suum
714 5019 805 5074 orbem
825 5027 998 5087 comparatus
1018 5019 1099 5073 etiam
1111 5018 1206 5089 major,
1225 5036 1285 5074 cum
1299 5020 1437 5075 stabilium
1450 5035 1575 5075 sonorum
1588 5020 1731 5076 intervalla
1742 5005 1874 5074 solnnmh

543 5101 614 5154 ¹sint
632 5099 817 5168 magnitudine
837 5097 1002 5168 differentia,
1028 5115 1111 5152 unum
1135 5098 1191 5152 toni
1210 5099 1378 5167 disjunotiri.
1405 5098 1521 5154 alterurn
1543 5097 1710 5154 tetrachordi
1733 5097 1873 5152 diatewl

559 5179 602 5234 lta
621 5179 698 5234 rides
716 5179 744 5231 in
763 5175 873 5246 tabella,
893 5193 927 5234 ue
946 5177 997 5232 hec
1015 5175 1124 5245 quidem
1141 5177 1323 5243 triplicatione
1339 5177 1546 5247 proportionum
1564 5178 1718 5248 systematis
1736 5171 1822 5235 areu.
1837 5175 1873 5252 qno

562 5254 649 5312 minus
666 5256 695 5311 iu
713 5256 802 5311 Marte
827 5263 855 5311 et
872 5256 978 5312 Venere
997 5257 1129 5312 immanes
1153 5256 1207 5313 sint
1229 5273 1402 5314 numerorum
1419 5257 1662 5315 astronomicorum
1686 5271 1704 5313 a
1724 5253 1819 5312 ιιιιιιιιίι
1836 5243 1872 5296 di
