4242 6384
348 904 356 919 ο
475 878 515 938 86
915 874 957 930 De
974 872 1134 943 Figuramm
1152 876 1374 933 Harmoniearum

475 1048 564 1105 ductis
582 1046 776 1116 diagonalibus.
812 1048 877 1103 Cum
903 1052 993 1107 autem
1016 1062 1096 1105 omne
1122 1049 1177 1105 tale
1195 1050 1357 1124 triangulum
1372 1042 1483 1111 'babeat
1500 1058 1555 1108 tres
1575 1050 1702 1121 (armins)
1723 1047 1831 1109 dnobus

474 1130 556 1188 raetis
574 1124 715 1197 aequales:
742 1128 772 1182 in
788 1127 914 1198 trigonici
931 1127 1013 1195 igitur
1030 1127 1131 1197 angulo
1150 1135 1192 1183 eat
1215 1146 1278 1199 pars
1298 1131 1394 1199 tertia,
1420 1132 1450 1185 in
1471 1130 1632 1199 tetragonici
1654 1128 1832 1187 elementaris

474 1206 574 1277 angulo
591 1221 655 1275 para
672 1212 778 1275 quarta,
795 1206 823 1260 in
841 1206 1014 1275 pentagonici
1031 1223 1095 1276 pars
1115 1206 1218 1277 quinta,
1235 1206 1263 1261 in
1281 1208 1455 1279 heptagonici
1472 1224 1537 1279 pars
1555 1208 1670 1277 septima
1690 1213 1747 1264 etc.
1767 1206 1832 1263 duo·

474 1302 534 1340 rum
551 1292 695 1339 rectorum.
731 1284 770 1339 Et
786 1285 820 1338 ab
839 1284 891 1338 bac
909 1285 1061 1352 quantitate
1079 1284 1171 1354 anguli
1189 1285 1284 1355 incipit
1302 1286 1497 1343 demonstratio
1516 1286 1657 1356 capuaque.

559 1357 616 1418 XI.
641 1358 834 1418 D-elinitio.
879 1359 1042 1435 impropria
1065 1360 1273 1420 demonstratio
1302 1369 1359 1437 ast,
1389 1380 1454 1422 eum
1485 1362 1634 1447 proportio
1662 1360 1772 1422 lateris
1794 1358 1833 1421 ad

477 1447 648 1508 diametrum
668 1463 707 1505 ex
729 1448 793 1523 ipso
816 1446 991 1523 angulorum
1012 1464 1133 1507 numero
1161 1444 1169 1506 i
1231 1447 1327 1509 ediate
1358 1449 1491 1510 adhibito
1515 1451 1618 1526 nequit
1641 1448 1833 1509 determinari

472 1535 744 1685 ¹{eeqrgreltgceelhnniai
766 1532 942 1596 adhibeatur
963 1534 1041 1595 latua
1063 1534 1174 1613 figurae
1227 1539 1330 1612 terius,
1354 1552 1413 1599 nou
1437 1534 1527 1615 duplo
1550 1544 1602 1597 aut
1625 1534 1753 1596 dimidio
1776 1552 1833 1597 nu·

559 1726 633 1787 XII.
657 1723 860 1784 Definitio.
907 1722 1024 1783 Gradus
1046 1726 1185 1787 scientiae
1208 1725 1316 1787 diversi
1338 1734 1424 1802 suut,
1453 1726 1507 1787 alii
1528 1730 1647 1799 remoti,
1680 1726 1739 1787 alii
1761 1744 1833 1804 pro·

473 1817 585 1896 pinqni.
622 1811 738 1871 Primus
760 1818 790 1870 et
811 1812 961 1887 proximus
983 1811 1102 1889 gradus,
1127 1830 1192 1873 cum
1214 1812 1321 1877 llneam
1336 1814 1467 1893 aliquam
1489 1816 1550 1875 scio
1574 1820 1604 1873 et
1620 1813 1832 1875 ,demonstrare

473 1920 593 1981 possum
616 1917 680 1959 ease
703 1898 844 1960 diametro
866 1899 1038 1976 aequalem,
1063 1898 1115 1960 adt
1136 1900 1265 1982 planum,
1289 1903 1357 1963 licet
1379 1904 1465 1979 aliter
1486 1902 1657 1977 formatum,
1683 1897 1833 1979 quadrato

473 1990 606 2054 diametri
628 2004 664 2046 ae
686 1986 762 2047 uale.
784 1981 789 1987 ’
1069 2039 1073 2054 ,

559 2072 611 2128 Hie
628 2004 755 2124 meduana
771 2068 980 2138 anteperfecta,
999 2068 1104 2126 scilicet
1121 2084 1151 2126 sa
1168 2069 1229 2139 ipso
1247 2074 1274 2126 et
1291 2087 1346 2126 nuo
1359 2078 1429 2141 actu,
1448 2076 1589 2127 mensurat
1605 2070 1750 2135 nonnihilo.

560 2160 649 2223 XIII.
678 2159 878 2219 Definitio.
923 2160 1076 2221 Secundus
1104 2158 1227 2238 paim,
1258 2178 1324 2222 cum
1352 2162 1493 2223 diametro
1522 2164 1552 2219 in
1584 2160 1699 2239 aliquot
1731 2172 1832 2241 partes

474 2250 613 2327 aequales
636 2254 714 2307 certo
736 2264 857 2306 nurnero
881 2246 991 2329 divisa,
1021 2247 1070 2308 vel
1093 2249 1157 2325 ejus
1181 2248 1322 2324 quadrato
1345 2250 1493 2323 similiter,
1520 2248 1603 2310 linea
1630 2250 1680 2310 vel
1703 2252 1829 2330 planum

472 2330 655 2422 propositum
678 2341 821 2410 aequatur
842 2334 895 2393 tali
917 2338 992 2414 parti
1015 2334 1064 2395 'rel
1082 2336 1227 2412 partibus.
1272 2336 1354 2397 Talis
1376 2338 1454 2401 liuea
1483 2336 1589 2397 dicitur
1610 2334 1727 2401 Graece
1760 2334 1832 2419 ῥητη

473 2449 566 2501 μηκει,
598 2422 722 2484 edabilie
744 2420 935 2497 longitudine.
980 2422 1106 2482 Planum
1129 2440 1198 2482 vero
1222 2424 1281 2485 talc
1302 2426 1473 2505 simpliciter
1495 2424 1601 2485 dicitur
1623 2419 1730 2505 paros,
1756 2428 1830 2487 alia·

474 2513 543 2574 bile.
587 2511 731 2571 Numerus
754 2511 830 2571 enim
853 2517 898 2569 eat
919 2518 1132 2584 geometrarum
1153 2528 1257 2571 sermo.

560 2593 605 2649 Ad
630 2591 849 2651 bunc'scientiae
866 2592 981 2664 mum
998 2593 1041 2649 vel
1059 2609 1110 2663 per
1129 2594 1339 2663 descriptIcnem
1367 2594 1625 2665 inscriptionamque
1642 2597 1830 2663 pervenimus,

472 2674 516 2729 sel
533 2674 612 2732 aliter
629 2665 715 2727 etiam
727 2685 778 2739 per
794 2672 982 2739 cognationem
1001 2689 1062 2727 cnm
1078 2672 1242 2741 abantiquo
1260 2672 1425 2741 quantitate,
1454 2670 1490 2727 ad
1508 2686 1589 2741 qnam
1606 2686 1656 2741 per
1673 2672 1723 2729 illa
1740 2676 1832 2733 madia

473 2753 685 2827 perveniebatur.
710 2750 807 2819 quue
824 2766 879 2805 non
897 2749 1058 2819 determinet
1075 2751 1143 2807 haee
1160 2752 1276 2822 qualitas
1295 2752 1508 2825 unamaliquam
1521 2752 1718 2821 quantitatem
1738 2769 1828 2824 neque

474 2834 544 2891 enim
562 2831 667 2893 sufficit
682 2830 717 2885 ad
734 2828 998 2898 determinationem,
1024 2838 1057 2885 ut
1074 2830 1173 2899 sciam,
1201 2829 1303 2901 aliquid
1329 2844 1412 2886 eausa
1434 2831 1705 2887 commensurationis
1725 2834 1767 2888 sic
1785 2830 1829 2893 rel

474 2913 513 2969 aio
530 2903 591 2969 esse
609 2914 802 2978 comparatum,
821 2914 929 2975 oportet
940 2908 1022 2963 etiam
1033 2907 1087 2964 hoc
1099 2908 1187 2978 scire,.
1196 2908 1347 2977 quomodo,¹
1358 2908 1386 2964 id
1398 2915 1440 2965 est
1458 2924 1511 2981 quo
1530 2924 1642 2965 numero
1656 2911 1693 2965 sit
1705 2910 1828 2968 effabile.

558 2983 874 3048 XIV.,Delinitio.
913 2981 1035 3045 'Tertius
1066 2983 1173 3060 gradus
1201 2992 1247 3043 est
1268 2985 1331 3055 hic,
1364 3000 1429 3043 cum
1461 2983 1540 3044 linea
1566 2984 1752 3063 longitndine
1784 2994 1827 3046 est

474 3073 643 3147 ineffabilis,
683 3077 715 3129 at
747 3068 811 3145 ejus
844 3068 1018 3145 quadratum
1053 3070 1169 3131 effabile
1200 3079 1231 3131 et
1263 3072 1410 3149 pertinens
1441 3069 1480 3131 ad
1507 3072 1667 3133 secundani
1689 3074 1826 3152 gradum

474 3160 588 3220 Dicitur
610 3152 682 3238 ῥητη
706 3162 832 3229 durensi,
853 3156 979 3216 effabilis
1000 3158 1141 3235 potentia.
1179 3192 1181 3206 ·

560 3243 630 3305 XV.
654 3241 847 3304 Definitio.
892 3242 951 3319 Qui
973 3252 1135 3321 sequuntur
1156 3242 1280 3321 gradus,
1304 3250 1408 3305 omncs'
1427 3244 1614 3325 appellantur
1633 3244 1752 3329 ἀλογοι,
1778 3250 1826 3305 in-

475 3333 615 3396 effabiles.
659 3329 835 3407 interpretes
857 3329 954 3390 latini
976 3339 1126 3391 verterunt
1147 3332 1338 3407 irrationales,
1362 3328 1469 3410 magno
1493 3334 1693 3410 ambiguitatis
1716 3344 1748 3397 et
1771 3336 1826 3395 ab·

474 3420 626 3482 surditatis
648 3417 787 3498 periculo.
817 3416 879 3477 Nos
901 3417 1078 3496 sepeliamus
1101 3418 1179 3479 hunc
1200 3422 1282 3479 vocis
1297 3438 1393 3501 neum,
1415 3423 1487 3499 quia
1501 3420 1611 3483 multae
1626 3430 1695 3485 sunt
1717 3419 1825 3497 lineae,

474 3526 551 3585 quae
573 3508 709 3591 quamvis
731 3504 906 3579 ineffabiles,
938 3509 1055 3583 optimis
1082 3514 1180 3567 tamen
1211 3510 1394 3568 eontinentur
1421 3510 1593 3569 rationibus.
1637 3510 1825 3571 Arithmetici

475 3592 618 3657 consimili
640 3592 832 3655 translatione
855 3592 1005 3671 appellant
1026 3612 1163 3655 numeros
1185 3594 1306 3671 surdos,
1330 3592 1360 3654 id
1382 3600 1500 3674 estqui
1523 3614 1582 3656 non
1605 3597 1673 3675 plus
1694 3598 1826 3675 loquun-

473 3690 528 3755 tur,
552 3697 639 3759 qoam
654 3680 760 3742 surdus
776 3680 875 3739 audit:
898 3682 950 3741 sed
973 3683 1028 3741 snb
1050 3682 1107 3742 boc
1129 3683 1245 3743 nomine
1261 3684 1328 3742 ‘tam
1345 3682 1475 3743 effabiles
1490 3684 1556 3743 sola
1570 3676 1710 3761 potentia,
1734 3704 1826 3763 quam
1845 3676 1859 3715 ¹

474 3770 638 3829 ineffabiles
662 3771 841 3846 quantitates
864 3769 1038 3847 intelllgunt.
1084 3770 1137 3829 Est
1151 3771 1239 3848 igitur
1262 3772 1435 3846 quartario
1456 3770 1556 3830 ordine
1572 3772 1691 3849 padus,-
1712 3778 1824 3851 primus

472 3876 543 3918 vero
566 3857 773 3931 ineffabilium,
800 3857 920 3933 quando
946 3874 1000 3917 nec
1028 3856 1109 3917 linea
1137 3874 1192 3917 nec
1214 3857 1280 3933 ejus
1302 3858 1476 3935 quadratum
1499 3865 1568 3917 sunt
1595 3859 1739 3935 affabilia,
1773 3858 1824 3921 sed

472 3953 570 4006 tamen
593 3945 767 4022 quadratum
789 3944 818 4003 in
834 3944 893 4005 tale
907 3946 1109 4022 rectangulum
1124 3944 1321 4006 transformari
1336 3953 1442 4023 potest,
1467 3946 1551 4023 cujus
1565 3944 1660 4009 latera
1675 3951 1732 4009 sint
1749 3950 1823 4010 etia·

472 4034 542 4092 bilia
556 4033 661 4092 saltem
676 4034 817 4111 potentia.
861 4030 1038 4093 Haeclineo
1054 4034 1159 4093 dicitur
1174 4051 1253 4093 mese
1268 4031 1373 4115 (μεση),
1396 4036 1467 4109 quia
1481 4042 1526 4093 est
1540 4032 1639 4118 media
1653 4039 1823 4115 proportio-

471 4120 547 4180 nalis
570 4123 654 4199 interl
667 4122 739 4181 duas
763 4120 893 4181 affabiles
916 4121 980 4182 sola
1001 4124 1134 4200 potentia
1149 4120 1438 4181 commensurabiles:
1462 4125 1496 4179 rit
1517 4122 1542 4179 ei
1566 4136 1626 4181 uua
1641 4124 1762 4200 quidem
1784 4124 1823 4182 sit

472 4207 595 4268 effabilis
617 4200 808 4286 longitudine,
832 4209 925 4269 altera
947 4209 1012 4270 sola
1032 4212 1178 4287 potentia,
1196 4216 1255 4273 ¹ant
1277 4210 1302 4266 si
1325 4216 1450 4285 utraque
1473 4208 1537 4267 sola
1558 4212 1692 4285 potantia
1715 4210 1821 4271 allabi-

470 4296 517 4368 lis,
540 4298 689 4373 potentiae
711 4303 809 4357 umen
834 4298 908 4356 inter
929 4315 961 4357 ea
978 4314 1042 4369 ⁸non
1065 4300 1123 4359 sint
1146 4304 1179 4355 nt
1199 4292 1361 4375 quadratus
1383 4312 1522 4355 numerus
1544 4296 1583 4355 ad
1597 4294 1821 4373 quadratum.³)

471 4383 554 4443 Talis
578 4381 656 4441 linea
678 4400 737 4441 non
760 4384 848 4444 scitur
871 4384 920 4443 vel
941 4392 1125 4445 mensuretur
1147 4382 1329 4459 longitudine
1345 4390 1488 4445 certarum
1503 4380 1629 4461 partium
1652 4386 1821 4463 aequalium

472 4470 616 4543 diametri,
642 4486 697 4529 uec
719 4470 783 4545 ejus
808 4470 980 4547 quadratum
1004 4472 1146 4549 quadrato
1170 4471 1320 4555 dtametri3
1351 4470 1403 4531 scd
1426 4486 1481 4531 nec
1503 4470 1598 4531 lineae
1620 4482 1822 4533 mensurentur

471 4576 490 4617 a
515 4557 658 4617 dIametro
681 4557 785 4617 ambae
807 4556 903 4631 simul,
927 4560 1001 4620 inter
1023 4552 1096 4635 quae
1119 4574 1198 4618 meso
1222 4564 1267 4619 cet
1288 4556 1384 4627 medIa
1406 4558 1647 4637 proportionalis,
1678 4560 1730 4635 scd
1753 4562 1821 4620 illa-

381 4665 384 4674 ’
473 4662 540 4704 rum
563 4644 705 4705 lineamm
728 4644 879 4721 quadrata,
904 4644 977 4705 haec
1000 4646 1115 4707 demum
1135 4638 1157 4707 'a
1179 4644 1321 4723 quadrato
1345 4646 1478 4707 diametri
1501 4656 1712 4709 mensurantur.
1737 4647 1819 4725 Qua-

475 4732 589 4793 dratum
613 4750 708 4795 meses
732 4740 761 4792 et
782 4734 878 4811 ipsum
900 4751 1002 4794 meson
1025 4734 1143 4808 dicitur,
1167 4736 1231 4794 sive
1253 4736 1292 4793 sii
1314 4733 1422 4795 lormae
1446 4734 1606 4811 quadratae
1631 4752 1685 4798 seu
1699 4738 1727 4794 iu
1743 4742 1819 4797 rect·

469 4820 609 4897 angulum
631 4827 854 4895 transmutetnr;
877 4810 982 4897 estque
1003 4822 1060 4882 hoo
1083 4820 1207 4883 alterurn
1228 4820 1317 4899 plani·
1331 4838 1440 4898 genua,
1464 4830 1532 4897 post
1548 4817 1663 4883 effabile
1685 4822 1816 4901 planum.

470 4906 508 4966 lit
529 4906 609 4982 hisce
632 4907 748 4969 duobus
769 4907 881 4985 plania,
910 4904 1022 4969 effabili
1054 4916 1084 4969 et
1113 4926 1213 4990 meso,
1242 4916 1397 4986 sequentes
1419 4910 1533 4986 species
1562 4912 1638 4971 inter
1659 4928 1691 4971 ss
1714 4910 1818 4972 distin·

469 5000 604 5072 guuntnr.
844 5010 847 5014 ’
1337 5066 1338 5069 ¹

555 5079 877 5162 XVIrDaiinitiof
914 5082 960 5142 Ad
992 5084 1086 5145 lineas
1115 5082 1190 5144 alias
1219 5080 1383 5161 singulares
1404 5084 1544 5143 transitus
1577 5088 1623 5143 ast
1649 5085 1735 5145 uobis
1767 5100 1818 5163 per

469 5166 689 5245 copulationem
711 5172 855 5232 linearum
876 5172 1026 5249 binarum,
1059 5188 1136 5247 quae
1164 5174 1245 5248 ipsae
1275 5186 1392 5247 qnoque
1421 5186 1515 5233 novos
1543 5168 1652 5247 gradum
1680 5168 1817 5233 scientiae

469 5256 668 5333 interponunt.
719 5256 843 5319 Secetur
869 5276 898 5319 u.
929 5259 980 5320 rel
1006 5259 1150 5319 diameter
1174 5257 1223 5321 vol
1251 5257 1351 5335 aliqua
1377 5257 1519 5322 diametro
1548 5256 1816 5331 commensurabilis

468 5342 574 5412 salum
596 5346 731 5432 potentia
753 5352 783 5408 et
804 5348 848 5407 ric
870 5341 1008 5425 effabilis,
1039 5354 1091 5409 aut
1113 5348 1201 5409 etiam
1222 5345 1322 5427 aliqua
1343 5362 1438 5424 mese,
1469 5352 1600 5427 secetur,
1622 5348 1758 5431 inquam,
1787 5349 1815 5409 iu
1862 5401 1864 5403 ,
