4242 6384
670 832 849 891 narnensis
884 834 970 893 Iube
983 834 1034 890 iii
1054 833 1144 905 caput
1160 834 1182 891 1.
1539 837 1603 899 m

255 1007 472 1093 (inmunes)
504 1016 716 1077 consensuros
746 1012 963 1089 indignentur,
991 1013 1050 1075 hse
1073 1009 1372 1096 (nou'harmonlcae)
1395 1012 1605 1075 dissonantiae.

254 1098 359 1172 Quodsi
379 1102 653 1161 receneritetiam
676 1101 772 1161 alters
792 1104 945 1179 proportio
967 1102 1157 1180 harmonica,
1184 1118 1291 1165 mcum
1318 1115 1516 1177 serrarumque
1538 1099 1605 1159 lon-

256 1194 405 1262 gemmet
429 1186 564 1247 brevium
587 1206 678 1249 causa
700 1193 858 1265 temporis,
892 1200 963 1251 tunc
985 1189 1055 1249 iliae
1078 1206 1202 1265 carpam
1224 1206 1279 1249 sus
1300 1188 1523 1260 saltationibus,
1546 1184 1606 1246 liu-

255 1291 317 1348 guas
338 1275 635 1349 pronuntiationibus
657 1274 698 1335 sd
719 1274 942 1352 eudamflsges
962 1284 1100 1351 morent;
1132 1276 1190 1337 hnc
1219 1276 1338 1352 opilloes
1366 1274 1539 1335 malleorum
1561 1277 1606 1337 ic-

255 1371 305 1428 tus,
332 1361 394 1421 buc
417 1360 531 1421 milites
553 1380 687 1439 messura
709 1363 949 1443 accommodam
978 1366 1085 1424 vivunt
1106 1366 1205 1423 omnia
1233 1363 1407 1423 duranffius
1436 1364 1606 1435 harmoniis,

256 1456 418 1524 umescunt
441 1448 546 1509 iisdem
567 1448 748 1511 disturbatis.

327 1534 421 1597 Haec
444 1544 476 1596 ct
497 1537 607 1597 similis
628 1538 744 1598 consilii
765 1540 826 1597 sint
847 1540 1050 1613 instinctusre,
1074 1538 1131 1599 hoc
1147 1548 1193 1599 est
1213 1540 1320 1597 menda
1340 1554 1432 1615 opus,
1455 1552 1493 1597 sn
1517 1538 1607 1597 etiam

258 1633 368 1683 uturse
392 1622 608 1685 elementorum
629 1629 829 1701 materiaeque
851 1628 1029 1687 necesdtate
1050 1626 1111 1699 ilat,
1135 1634 1168 1685 ut
1189 1627 1345 1702 temperior
1366 1625 1502 1687 sensibus
1524 1640 1608 1684 eom·

261 1708 334 1768 noda
354 1709 448 1769 nulls
468 1714 564 1789 possit
584 1729 668 1786 csse,
700 1714 758 1771 nisi
779 1730 857 1789 quae
878 1721 994 1785 constet
1014 1714 1252 1790 proportionibus
1276 1711 1435 1789 ligustrum
1456 1712 1608 1773 hamunt-

262 1800 299 1867 s'r‚
319 1796 350 1855 id
374 1800 462 1857 rarle
487 1798 669 1875 disputatum
690 1799 746 1859 init
767 1818 788 1859 a
809 1800 1007 1879 philosophis,
1030 1802 1240 1877 quaerentibus
1260 1800 1413 1873 omnihus,
1443 1796 1521 1859 unde
1543 1798 1609 1859 exl-

261 1893 308 1941 atat
328 1883 383 1945 illa
405 1887 555 1959 suavitas,
578 1904 656 1962 quae
677 1888 799 1947 auribus
819 1886 960 1949 allabitur
981 1906 1018 1949 es
1038 1889 1227 1964 proportione
1241 1902 1359 1959 vocum,
1381 1903 1441 1965 qua
1462 1888 1608 1947 suavitate

263 1974 466 2031 eomnsutias
489 1972 652 2033 debuimus.
696 1971 755 2049 Qui
782 1972 820 2033 ad
842 1978 996 2035 materiam
1026 1984 1057 2035 et
1078 1982 1189 2034 motum
1218 1974 1428 2037 elementorum
1458 1974 1609 2044 inclinant,

261 2058 420 2136 exemplum
444 2034 571 2120 ederunt
592 2060 657 2135 hoe,
680 2076 733 2138 per
754 2078 787 2121 se
809 2060 928 2138 quidem
950 2078 1022 2123 eane
1045 2079 1134 2140 qnam
1149 2061 1393 2145 mirabile,qnod
1418 2060 1526 2123 chorda
1540 2060 1610 2137 pul-

262 2153 316 2205 uis
335 2146 483 2207 chordam
513 2147 604 2213 aliem
625 2164 684 2207 nou
711 2148 860 2234 pvsatasa
888 2166 988 2211 sewm
1015 2152 1047 2209 ln
1070 2151 1199 2209 sonitum
1220 2148 1325 2220 trehit,
1358 2150 1384 2207 si
1405 2156 1491 2208 tensa
1523 2147 1611 2207 inerit

262 2234 308 2292 sibi
328 2250 474 2306 consone,
496 2234 615 2295 dinone
637 2243 750 2310 tanniu
772 2238 925 2297 immotam
940 2236 1093 2313 reiinquit.
1138 2236 1204 2297 Hae
1230 2252 1297 2297 cum
1326 2250 1385 2294 nou
1406 2238 1500 2313 possit
1521 2234 1611 2294 ulliae

262 2323 355 2379 mentis
376 2324 548 2382 ministerio
570 2322 642 2393 deri,
665 2327 737 2398 quia
757 2340 860 2395 sonna
879 2324 939 2386 boe
959 2314 1258 2398 mantuanensem
1280 2330 1333 2384 sut
1349 2322 1528 2385 intellectum
1551 2338 1610 2381 non
1689 2387 1692 2397 y
1724 2384 1727 2397 ,

263 2407 353 2480 habet,
388 2411 538 2484 seqnitur,
569 2418 603 2469 ut
629 2408 660 2469 id
681 2413 950 2487 contemperatione
975 2418 1109 2471 motuum
1140 2410 1201 2473 lieri
1224 2410 1366 2470 duamur.
1410 2408 1508 2471 Sonus
1533 2411 1611 2471 enirn

264 2495 378 2555 chordae
410 2496 506 2555 babet
532 2514 654 2557 acumen
684 2497 732 2557 rel
761 2500 938 2571 pronitatem
966 2498 1158 2559 sceleritatc
1185 2498 1234 2559 rel
1263 2497 1401 2557 tarditate
1426 2496 1611 2571 nbrstionis,

266 2602 315 2658 qua
335 2592 399 2643 tote
422 2578 551 2643 chordae
574 2584 727 2655 longitudo
749 2584 844 2645 libera
866 2586 1012 2657 vibretur,
1035 2587 1211 2672 neclinsnut
1235 2584 1292 2645 bas
1312 2600 1451 2645 sonorum
1474 2582 1612 2644 differen-

265 2675 314 2731 tiae
335 2674 432 2748 primo
463 2679 494 2731 ct
522 2671 691 2731 immediate
721 2676 752 2729 ln
774 2674 839 2749 ipsa
868 2672 1051 2749 longitudine
1085 2673 1130 2731 rel
1158 2674 1317 2741 brevitate,
1345 2670 1398 2731 aed
1428 2670 1611 2743 sesandario,

267 2763 325 2835 quis
344 2758 464 2819 scilicet
482 2774 550 2818 euru
571 2758 756 2833 longitudine
776 2758 921 2819 diminuta
942 2759 1262 2820 tarditas·ribrstionis
1289 2757 1474 2833 diminuitur,
1505 2758 1611 2840 calen-

266 2856 304 2905 tes
323 2855 459 2921 augetur.
502 2844 576 2907 lrrde
598 2853 652 2918 est,
674 2846 755 2922 qnod
777 2856 913 2909 manente
934 2846 1039 2907 eadem
1060 2846 1189 2908 chordas
1204 2844 1387 2922 longitudine
1402 2844 1495 2905 libera
1517 2847 1612 2907 tensio

268 2936 320 3011 ipsa
338 2950 448 2995 sonum
469 2936 559 3003 acuit,
581 2936 653 3009 quia
673 2936 770 2993 minua
791 2935 890 2995 laxam
911 2934 1050 2995 merdam
1070 2933 1248 3011 relinquens,
1272 2932 1409 2993 diminuit
1430 2934 1518 2993 atlans
1540 2950 1612 3010 spa-

269 3024 412 3097 lumper
436 3019 517 3096 qnod
538 3019 593 3080 illa
613 3022 762 3097 reciproco
785 3032 866 3083 nrotn
889 3022 997 3081 vibrari
1020 3024 1122 3099 possit.
1169 3021 1240 3079 Cum
1265 3021 1354 3092 igliur
1379 3019 1501 3079 duarum
1525 3020 1613 3080 chor·

270 3106 357 3168 darum
378 3109 471 3167 inerit
493 3107 598 3169 eadem
619 3112 725 3179 tensio,
747 3111 792 3169 sie
813 3118 847 3169 ut
867 3113 1024 3171 unisonum
1045 3108 1167 3170 reddere
1182 3111 1304 3186 possint,
1327 3116 1396 3169 tnnc
1411 3110 1611 3181 sonusunius,

271 3196 353 3255 idest
373 3198 492 3274 species
514 3197 711 3257 immateriale
732 3197 862 3273 corporis
884 3196 1021 3270 chordae,
1045 3198 1221 3257 constitutae
1243 3198 1273 3253 iu
1293 3194 1467 3269 sibrstiorre,
1491 3194 1614 3273 delapsa

270 3299 350 3343 asna
372 3283 496 3355 chorda,
519 3282 587 3343 ierit
609 3280 748 3343 cbordm
771 3283 909 3358 alteram3
938 3287 1015 3343 sieut
1036 3287 1062 3344 si
1086 3286 1152 3361 qnia
1175 3284 1295 3344 boatum
1325 3280 1395 3343 edat
1417 3298 1520 3343 versus
1542 3282 1614 3344 cbe-

271 3368 309 3444 iyn
330 3380 380 3430 aut
402 3369 489 3431 allud
511 3386 626 3443 urum,
648 3387 687 3430 eo
705 3364 799 3430 boatu
822 3372 949 3448 percutit
969 3370 1000 3431 id
1024 3389 1144 3445 cavum,
1177 3372 1306 3448 iecitque
1327 3386 1467 3433 resonare
1490 3370 1614 3431 nuiss

272 3456 322 3530 ejus
335 3474 456 3532 omnes3
478 3458 660 3517 irritantem
677 3458 729 3516 illa
745 3458 919 3517 vibrationis
933 3461 1048 3537 rpeoies
1064 3460 1203 3521 chordam
1216 3457 1340 3519 alteram
1356 3457 1460 3518 eodem
1476 3457 1613 3537 rhythmo

273 3544 432 3617 celeritatis,
464 3562 524 3620 quo
547 3554 682 3605 movetur
704 3555 734 3608 et
755 3544 846 3617 haec,
876 3547 946 3622 quia
969 3564 1064 3623 aeque
1088 3556 1188 3618 tensa,
1219 3558 1252 3605 at
1274 3548 1317 3606 lta
1338 3544 1447 3621 singuli
1468 3546 1545 3605 letus
1562 3541 1612 3626 (in

273 3646 333 3705 quos
355 3634 484 3693 vibratio
508 3631 605 3691 diriss
632 3649 697 3691 asse
726 3628 916 3714 intelligitur)
939 3634 969 3693 in
992 3634 1124 3702 sinoenlsr
1154 3649 1310 3710 percussae
1336 3631 1458 3692 alterins
1488 3632 1614 3693 clrordse

275 3720 461 3781 sessiunculas
475 3729 619 3796 perpetuo
636 3719 782 3779 incidente
805 3722 847 3779 lta
861 3719 904 3791 ht,
925 3728 959 3779 ut
975 3723 1105 3781 omnium
1122 3722 1248 3781 maxima
1263 3726 1418 3780 moveatur
1432 3718 1486 3779 ills
1494 3718 1612 3791 chorda,

273 3822 334 3879 quse
353 3810 392 3867 sd
415 3811 574 3869 unisonum
596 3814 642 3866 est
664 3815 749 3867 tensa
770 3823 837 3867 curn
859 3808 974 3883 prima,
1005 3818 1144 3868 moretur
1163 3824 1235 3867 rare
1256 3814 1288 3867 et
1309 3805 1361 3866 llla
1382 3804 1507 3879 drords,
1537 3820 1614 3883 quse

275 3892 364 3968 duplae
387 3904 436 3955 cst
458 3902 510 3954 aut
531 3892 698 3969 subduplae
720 3892 888 3966 celeritatis,
911 3896 983 3971 quia
1004 3895 1064 3955 dno
1079 3896 1255 3954 vibrationis
1271 3898 1346 3953 ictus
1367 3894 1397 3951 iu
1414 3910 1474 3953 nna
1488 3892 1614 3954 chordae

274 3983 442 4043 centuncula
464 3979 659 4041 absolvuntur
688 3989 718 4041 et
740 3982 783 4043 sic
804 3996 920 4057 semper
941 3984 1016 4042 lctus
1038 4000 1058 4042 a
1079 3984 1168 4059 priori
1191 3983 1293 4042 tertius
1323 3981 1447 4056 quisque
1479 3983 1613 4057 congruit

275 4067 297 4123 ir
319 4071 402 4129 unius
437 4066 640 4131 sessiunculae
669 4077 846 4144 extremum3
877 4078 1013 4128 moretur
1042 4068 1168 4144 denique
1200 4079 1229 4127 et
1259 4066 1311 4127 illa
1336 4065 1445 4126 chorda
1470 4068 1614 4142 notarihil,

274 4169 336 4227 qnae
357 4166 402 4218 est
425 4154 837 4233 sesquialterseceleritatis,
866 4157 937 4231 qnia
959 4165 1018 4215 tres
1040 4152 1217 4217 ictiunculae
1238 4154 1311 4215 finnt
1334 4154 1362 4211 ln
1385 4151 1501 4213 iusim
1517 4154 1612 4231 hujus

276 4244 460 4317 aniuneuiis,
482 4240 535 4303 sed
553 4242 616 4318 jam
639 4243 930 4319 incipiuntiuricem
952 4244 1073 4304 obrius
1096 4242 1225 4303 erebrius
1247 4240 1290 4300 illi
1313 4242 1389 4301 ictus
1419 4248 1449 4300 ei
1470 4240 1527 4301 hae
1549 4258 1614 4301 cce·

277 4326 408 4393 ninutas
431 4336 524 4407 seque
545 4336 648 4389 mutuo
671 4329 821 4406 inpedire,
845 4329 914 4390 dum
929 4329 989 4391 duo
1012 4330 1091 4390 iliius
1114 4332 1188 4391 ictus
1205 4330 1296 4390 alins
1311 4327 1614 4403 oernuneuissirujns

278 4414 416 4494 rberranq,
428 4432 505 4479 nnus
526 4416 610 4475 solus
632 4417 735 4477 inridit
756 4434 894 4490 congrue,
917 4432 979 4494 quo
999 4435 1122 4479 oeoursu
1146 4426 1243 4477 motus
1258 4414 1433 4477 chordarum
1454 4423 1614 4476 ceterarum

279 4503 377 4577 utitur,
399 4524 461 4567 non
483 4522 569 4567 secus
590 4518 627 4563 ae
648 4506 673 4563 ai
696 4507 763 4581 qnia
785 4504 910 4581 digitum
933 4506 1068 4565 vibratae
1090 4504 1280 4565 aduenisset
1318 4502 1411 4565 ¹Haec
1436 4503 1507 4563 mibi
1530 4502 1616 4563 vids-

279 4597 313 4645 tur
331 4610 420 4655 rausa
440 4591 584 4655 mirabilis
605 4591 696 4667 bojas
717 4594 922 4669 experimentis
945 4595 997 4670 qni
1018 4609 1066 4653 me
1090 4592 1270 4653 feliciorest
1290 4590 1429 4669 indagine
1449 4592 1563 4664 mentis,
1587 4591 1614 4650 ei

280 4676 383 4747 idriam
405 4683 495 4743 dabo.
757 4690 761 4699 “
1051 4711 1055 4718 ·

348 4768 425 4843 Quid
447 4768 560 4844 igitur?
581 4768 607 4823 ri
629 4764 765 4827 celeritas
787 4766 914 4836 chordae
935 4770 1023 4827 unius
1046 4766 1126 4827 velet
1148 4765 1188 4827 ad
1209 4772 1321 4825 rantum
1348 4763 1474 4825 chordae
1496 4762 1616 4825 sirenis

284 4860 519 4927 iiopouionatae,
543 4870 621 4930 qnae
643 4854 744 4927 quoad
767 4854 862 4913 visum
885 4855 986 4915 manet
1006 4856 1133 4926 iniecta,
1166 4870 1203 4914 sn
1226 4868 1285 4912 norr
1308 4850 1616 4913 eaedem-celeritates

284 4932 381 5001 duarum
403 4942 578 5005 chordarum
601 4944 675 4999 inter
696 4958 730 5001 se
752 4940 895 5004 valebunt
916 4938 1166 5001 adtitillatlsnens
1181 4940 1300 5004 auditus
1315 4956 1437 4999 suarem
1452 4945 1615 5016 propterea,

285 5026 385 5094 lindis
409 5029 626 5107 quodammodo
648 5024 831 5089 uniformiter
857 5028 898 5089 ab
919 5037 1043 5105 unaque
1066 5028 1175 5090 abortia
1202 5036 1337 5087 moretm
1355 5025 1479 5101 ‘danque
1497 5024 1576 5085 'letus
1596 5042 1617 5085 s

285 5105 375 5176 luobus
395 5120 477 5179 sonia
497 5136 553 5179 seu
576 5116 789 5177 vibrationibus
818 5118 848 5175 in
872 5116 949 5177 idem
971 5122 1152 5177 momentum
1184 5112 1377 5191 competant?
1420 5112 1616 5189 Nequaquam

285 5210 348 5278 sero,
365 5207 483 5283 inquam
507 5222 574 5283 ege,
587 5209 645 5273 ita
659 5202 745 5265 iacile
767 5204 937 5280 transigitur
954 5218 1026 5265 curn
1042 5203 1099 5263 hee
1114 5220 1153 5275 re,
1175 5204 1323 5278 mirorque
1338 5200 1512 5287 Porpbpuo,
1534 5216 1616 5260 com·

286 5296 414 5357 maturi
436 5310 526 5375 snper
548 5290 728 5359 Ηιιιιιιιίοι
750 5289 922 5368 Ptolemaei,
945 5292 1005 5356 tale
1023 5290 1100 5370 epte
1121 5292 1198 5354 circa
1219 5289 1308 5369 baius
1329 5290 1371 5349 rei
1391 5306 1512 5351 noram
1526 5290 1616 5351 sads·

908 4740 914 4751 ο
