4242 6384
754 771 902 872 UWJIL
922 771 1012 842 caput
1027 771 1088 830 vn.
1533 770 1595 834 ott

236 947 326 1004 italia
352 945 387 1003 in
411 947 523 1004 animos,
558 950 601 1006 De
622 947 723 1019 quibus
745 947 807 1004 ride
824 965 885 1018 cap.
906 949 947 1006 lt:
968 948 1033 1004 libri
1053 945 1202 1006 meitertii
1224 961 1307 1016 saepe
1330 944 1456 1014 citatum,
1483 943 1599 1016 observa

236 1043 292 1080 :ero
313 1028 484 1086 discrimen:
507 1028 581 1085 aliud
599 1036 656 1097 est,
678 1028 782 1084 animas
806 1030 835 1084 in
851 1044 951 1096 genere
970 1027 1100 1084 delectari
1117 1026 1279 1096 harmoniis,
1304 1025 1379 1081 aliud
1397 1023 1478 1081 etiam
1497 1033 1525 1081 et
1542 1043 1598 1082 am·

237 1108 300 1162 ilios
326 1107 454 1178 aliquid,
481 1108 597 1165 medus
618 1124 684 1164 ‚cum
708 1113 809 1183 contus
827 1107 914 1163 modis
938 1105 1124 1166 consimilibus
1150 1103 1305 1170 uensierri3
1332 1104 1428 1162 borum
1451 1111 1598 1172 utrumque

236 1205 306 1244 uam
328 1204 450 1244 musam
467 1188 562 1245 babet.
1532 1251 1535 1256 Ι

316 1266 421 1321 Fumo
437 1267 522 1337 igitur
545 1273 573 1324 et
595 1267 662 1324 satis
680 1267 829 1337 conspicua
856 1283 951 1338 cauaa,
978 1284 1028 1324 cnr
1051 1269 1191 1322 mutentur
1208 1263 1323 1322 affectus
1347 1263 1381 1320 ad
1400 1265 1599 1335 praescriptum

236 1355 348 1414 uatus,
380 1353 427 1402 eet
443 1347 510 1415 iota,
536 1347 611 1416 qnod
624 1348 681 1416 jam
700 1353 782 1403 antea
805 1349 864 1404 noti
881 1355 947 1404 sont
963 1346 1067 1402 homini
1090 1344 1238 1402 dolentium
1255 1343 1386 1414 duatus,
1412 1345 1598 1415 gaudentium,

236 1426 430 1492 annuentium,
447 1426 579 1481 batorum
597 1434 648 1482 etc.
667 1443 748 1484 roceo
766 1427 899 1496 divense,
916 1428 980 1483 licet
997 1426 1183 1482 inconcinnae.
1220 1425 1294 1494 Ergo
1313 1427 1344 1482 si
1361 1426 1453 1497 aliqua
1470 1427 1552 1484 etiam
1569 1424 1598 1480 iu

236 1504 383 1561 eommunis
401 1503 484 1574 inque
501 1505 646 1573 generibus
664 1514 693 1561 et
708 1507 797 1562 modis
815 1507 925 1563 musicis
944 1513 988 1563 est
1005 1505 1114 1562 thecdo
1133 1505 1226 1568 similis
1243 1505 1298 1562 illis
1316 1508 1441 1576 vocibus,
1460 1509 1507 1566 illa
1526 1525 1598 1570 cotu-

236 1584 391 1640 nonefacit
419 1585 538 1642 mnam
560 1587 594 1642 de
617 1589 723 1652 cauda
749 1602 831 1646 voces
852 1587 923 1644 tales
946 1585 1172 1656 exprimentibus,
1199 1599 1236 1642 se
1263 1585 1297 1640 de
1315 1585 1461 1643 affectibus
1483 1588 1599 1644 idoneis.

236 1667 290 1717 lom
310 1677 387 1716 vero
405 1665 546 1733 propitum
564 1672 608 1721 est
623 1668 782 1735 animorum,
795 1667 902 1723 affectu
919 1651 1071 1722 copiosiori
1087 1679 1147 1720 cum
1166 1662 1227 1718 aliis
1244 1662 1348 1722 animis.
1384 1665 1429 1720 Ex
1446 1665 1498 1722 hae
1515 1681 1600 1724 causa

236 1757 277 1798 :eu
297 1755 337 1794 ex
356 1743 440 1798 fonte
457 1743 575 1800 derisui
593 1761 647 1814 ego
662 1746 710 1801 fol.
730 1751 764 1804 'lt
782 1748 855 1816 (185)
867 1745 935 1800 libri
952 1745 1006 1800 mei
1025 1759 1119 1799 omncs
1138 1741 1196 1798 fere
1212 1742 1280 1798 alias
1293 1750 1390 1800 cenom
1409 1745 1598 1814 proprietates·

236 1827 330 1882 ultera
359 1826 500 1884 occultior
523 1841 608 1881 causa
631 1835 659 1883 et
676 1827 837 1884 delectionis
860 1828 888 1882 in
906 1841 1019 1897 genere,
1042 1832 1072 1878 et
1092 1839 1151 1880 eum
1173 1829 1251 1878 tauto
1275 1822 1381 1880 fecibus
1406 1825 1597 1893 consequentis

236 1909 403 1964 nomtionis
427 1906 576 1962 affectuum
599 1907 627 1962 in
650 1909 756 1978 specie,
783 1906 977 1964 aPtolemaeo
999 1903 1121 1974 tangitur
1143 1902 1171 1956 in
1189 1908 1280 1963 textu,
1309 1917 1370 1956 cum
1397 1902 1538 1960 admoueri
1561 1903 1600 1959 ait

236 1985 339 2040 animos
360 2003 382 2041 a
402 1992 485 2042 cantu
502 1985 629 2055 propriae
646 1985 829 2056 suiipsorum
846 1983 1076 2042 conformationis.
1113 1981 1168 2040 Sed
1185 1982 1245 2049 ipse
1268 1980 1340 2036 hauc
1357 1981 1598 2040 conformationem

236 2063 376 2131 iutelligit,
398 2079 480 2132 quam
498 2064 558 2133 ipse
575 2064 694 2134 tradidit,
714 2082 784 2135 qnae
801 2065 939 2122 rhetorica
956 2065 1053 2120 saltem
1071 2060 1248 2118 similitudine
1265 2064 1390 2129 conant,
1409 2078 1463 2116 nou
1482 2062 1604 2118 nemesi:

236 2148 286 2194 tate
305 2143 428 2198 causali.
465 2143 532 2205 Vult
549 2143 632 2209 igitur
648 2144 753 2200 ammos
771 2146 845 2214 ipsos
864 2149 892 2198 et
908 2143 1041 2198 instinctu
1059 2142 1177 2210 quodam
1189 2155 1337 2210 agnoscere
1355 2157 1431 2194 suam
1445 2141 1519 2198 illam
1537 2157 1598 2200 ιιιιιι

236 2219 402 2276 harmonica
427 2220 642 2290 similitudinem,
675 2239 730 2278 non
756 2224 844 2279 minus
872 2239 953 2291 quam
979 2220 1153 2288 Ptolemaeus
1179 2219 1366 2276 ratiocinando
1393 2237 1453 2276 eam
1479 2221 1598 2290 agnovit.

236 2297 322 2364 btqtm
341 2299 497 2354 similitudo
513 2299 575 2368 illa,
598 2307 630 2355 nt
647 2315 665 2354 a
681 2301 838 2358 Ptolemaeo
857 2301 966 2370 quiden
983 2306 1027 2355 est
1043 2300 1190 2365 instructa,
1209 2314 1265 2356 uon
1283 2311 1339 2354 uno
1355 2301 1477 2356 membro
1496 2299 1598 2355 claudi·

237 2381 284 2439 ιιι,
301 2377 475 2446 videturque
495 2377 561 2432 milti
578 2380 667 2434 miuus
684 2385 813 2436 accurata
830 2388 859 2435 et
875 2380 1004 2448 pulchra,
1028 2394 1109 2448 quam
1126 2378 1296 2444 Ptolemaeu;
1324 2391 1375 2434 nec
1392 2379 1484 2434 minus.
1507 2386 1597 2433 tamen

237 2453 327 2508 valent
345 2456 383 2514 iu.
397 2472 490 2512 meum
508 2457 625 2512 ammam
643 2457 825 2526 proprietates
842 2464 947 2526 emtas,
966 2473 1047 2527 qnam
1058 2458 1087 2512 in
1100 2457 1256 2514 Ptolemaei.
1293 2459 1401 2514 Arctior
1412 2457 1495 2526 igitur
1506 2458 1599 2527 aliqua

237 2535 418 2590 necmitndo
437 2537 600 2604 quaerenda·
612 2545 656 2592 est
673 2537 893 2594 conformationis
906 2538 1056 2592 animorum
1074 2553 1135 2594 cum
1148 2536 1363 2594 conformatione
1373 2536 1523 2614 harmonici
1535 2553 1599 2592 can·

239 2619 292 2678 tue,
311 2613 337 2666 si
356 2614 436 2671 illam
454 2615 579 2672 volumno
597 2616 669 2670 inter
685 2632 784 2672 cauam
799 2617 884 2672 rideri
903 2616 1172 2686 correspondentiam
1191 2615 1506 2685 utrinqueanoutionun.
1537 2615 1598 2684 Quo

238 2688 295 2743 loco
314 2692 411 2747 varias
429 2701 571 2750 nudorum
589 2695 740 2751 sententias
757 2697 830 2751 iuter
846 2711 877 2752 se
893 2711 1050 2766 comparare
1068 2695 1228 2750 nonnullum
1246 2697 1299 2752 erit
1315 2711 1415 2767 operae
1432 2695 1558 2767 pretium.

322 2788 410 2856 Quod
435 2789 506 2843 enim
529 2792 783 2849 transmutationem
807 2799 904 2846 cantus
927 2798 1090 2860 sequeretur
1111 2792 1255 2848 translatio
1278 2793 1440 2860 affectuum,
1462 2793 1491 2849 id
1512 2795 1596 2849 unum

243 2873 328 2922 erate
346 2869 509 2937 praecipuis
527 2869 700 2938 argumentis,
717 2887 767 2925 cur
783 2869 940 2945 philosophi
956 2871 985 2925 iu
1004 2876 1085 2938 geute
1103 2872 1214 2927 musicis
1230 2874 1328 2930 studiis
1347 2874 1439 2931 dedita
1453 2875 1510 2944 J'am
1527 2873 1598 2930 anti·

245 2947 331 3014 quitus
350 2948 569 3015 suspicarentur,
585 2948 614 3002 ln
632 2948 782 3002 animorum
800 2948 895 3004 formis
914 2955 942 3004 et
958 2948 1199 3018 compositionibus
1217 2951 1313 3010 insitas
1328 2968 1389 3010 esse
1406 2953 1516 3022 penitus
1533 2953 1596 3009 bar·

244 3029 349 3083 nonme.
389 3027 561 3097 Pythagoras
578 3028 687 3098 quidem
703 3027 756 3082 hoc
774 3028 872 3095 dogma
889 3027 958 3084 odeo
969 3026 1083 3082 firmiter
1095 3026 1191 3082 habuit
1201 3041 1370 3100 persuasum,
1390 3036 1420 3083 nt
1432 3045 1466 3084 ex
1477 3045 1510 3084 eo
1523 3029 1599 3084 alind

245 3106 397 3162 abstrusius
416 3106 591 3161 exstruxerit.
628 3107 696 3161 (lum
713 3106 793 3174 enim,
810 3106 887 3160 utin
905 3105 1081 3176 praeambulo
1099 3105 1162 3160 libri
1179 3106 1252 3160 tertii
1271 3105 1380 3177 dictum,
1398 3109 1599 3164 harmoniarum

247 3199 336 3238 musas
354 3187 386 3241 in
404 3184 531 3240 numeris
543 3185 633 3238 inesse
651 3183 863 3253 persuaderetur
879 3185 1006 3256 idemque
1022 3185 1130 3240 animum
1148 3191 1234 3254 esset,
1259 3186 1353 3255 quiet
1371 3205 1432 3243 cnm
1450 3187 1597 3246 harmoniis

246 3267 270 3318 in
285 3269 376 3322 runos
395 3263 511 3320 affectus
530 3262 723 3318 mnsferretur
740 3270 768 3316 et
785 3263 945 3318 numemdi
955 3263 1087 3319 facultate
1101 3261 1217 3332 polleret
1230 3265 1320 3326 unica,
1340 3265 1441 3335 triplici
1453 3267 1505 3321 hac
1516 3265 1598 3321 anum

249 3359 343 3413 rerum,
363 3344 459 3412 animi,
479 3341 597 3411 numeri,
616 3341 785 3408 harmoniae,
812 3343 885 3397 inter
903 3357 933 3397 se
951 3341 1120 3398 connexione
1139 3350 1230 3396 motus
1248 3344 1428 3412 pronunciare
1446 3359 1529 3400 ausus
1547 3351 1598 3413 est,

248 3421 326 3490 ipsam
344 3421 448 3478 mentis
466 3419 613 3474 canendam
630 3434 665 3472 ex
683 3421 802 3474 numeris
821 3427 960 3489 constere;
978 3436 1034 3475 uon
1051 3419 1085 3474 iis
1105 3417 1214 3487 quidem
1233 3422 1357 3479 omnibns
1368 3424 1531 3492 promiscue,
1549 3424 1598 3479 sed

250 3517 279 3554 er
294 3503 341 3556 ullo
360 3509 490 3570 tetracty,
508 3515 559 3569 per
576 3515 657 3567 quem
670 3497 795 3567 jurabat,
819 3499 866 3566 qni
885 3515 922 3553 sc.
941 3497 1117 3567 colligeretur
1134 3515 1168 3554 ex
1186 3502 1307 3557 terminis
1325 3502 1483 3560 harmoniae
1500 3502 1598 3559 identi-
1654 3508 1657 3530 ¹

250 3595 323 3635 sonae
341 3581 490 3651 diapason,
507 3583 599 3654 sectae
615 3593 666 3647 per
682 3575 751 3632 duas
768 3577 943 3645 medietates,
960 3579 1152 3645 geometricam
1171 3585 1199 3636 et
1216 3567 1427 3650 arithmeticum,
1450 3583 1479 3636 in
1497 3597 1599 3638 morem

250 3657 357 3714 duarum
383 3657 532 3714 solidarum
558 3656 752 3725 quantitatum,
778 3664 810 3714 ut
834 3657 1005 3727 quaestion
1030 3656 1099 3712 duas
1117 3659 1219 3713 mediat
1237 3660 1428 3730 proportiones
1450 3661 1597 3732 reeipiuut3

253 3737 291 3802 qui
303 3738 413 3791 termini
431 3741 496 3791 sont
514 3735 539 3803 6,
557 3735 582 3801 8,
601 3733 626 3803 9,
648 3735 689 3803 12,
707 3752 819 3790 numero
838 3744 969 3806 quatuor,
988 3752 1095 3791 summa
1112 3737 1158 3804 35,
1184 3738 1230 3805 qui
1246 3739 1308 3808 ideo
1327 3739 1467 3794 harmonia
1484 3749 1526 3796 est
1543 3741 1598 3796 dic·

253 3825 304 3880 tus,
330 3818 376 3872 cni
395 3817 419 3872 ai
437 3816 530 3870 unitas
544 3815 692 3882 jungatur,
711 3813 781 3885 fiunt
798 3816 846 3882 36,
870 3830 999 3872 nummus
1016 3813 1238 3871 accuratissimus
1256 3817 1405 3885 quadratus
1424 3818 1458 3874 ds
1476 3819 1599 3889 perlecto

254 3902 275 3963 t,
291 3904 318 3950 et
334 3894 496 3963 trigonicus,
515 3894 574 3950 basi
591 3895 617 3948 8.
653 3893 722 3948 Vide
740 3895 822 3963 plora
836 3895 865 3950 iu
883 3894 1001 3961 allegato
1019 3892 1206 3962 praeambulo.
1242 3896 1323 3951 Hunc
1339 3899 1522 3968 Pythagoram
1539 3901 1598 3956 imi·

253 3982 317 4028 tatur
335 3972 493 4027 Macrobius
517 3973 634 4026 ammam
659 3971 778 4027 affirmat
795 3989 856 4028 esse
874 3973 1007 4026 intextam
1024 3988 1059 4026 ex
1077 3972 1196 4027 numeris
1213 3975 1337 4045 musicis,
1363 3977 1536 4046 animamque
1552 3977 1598 4032 de·

254 4051 318 4118 init,
341 4051 417 4122 quod
440 4053 477 4106 sit
503 4067 632 4107 numerus
654 4052 827 4107 harmonicus
849 4067 880 4107 se
905 4051 996 4120 ipsum
1018 4065 1139 4105 movens.
1175 4052 1289 4126 Hermes
1311 4069 1376 4110 sero
1399 4055 1598 4132 Trlsmegiatus¹

255 4131 401 4200 Pythagora
417 4132 515 4200 procul
533 4131 615 4185 dubio
628 4133 776 4201 posterior,
795 4147 846 4187 nec
863 4131 902 4186 ita
919 4137 1045 4185 vetustus
1064 4130 1210 4198 (sententia
1227 4129 1444 4190 doctissimorum
1461 4135 1599 4203 virorum),
1632 4144 1637 4156 ¹
1714 4149 1719 4164 ‘

256 4216 280 4260 ut
293 4210 397 4275 jactant
413 4210 546 4278 nonnulli,
564 4211 828 4288 fontemanimarnm
840 4210 984 4280 profitetur
996 4207 1174 4277 octonarium,
1193 4208 1356 4279 intelligens,
1376 4213 1403 4266 ni
1419 4211 1507 4282 fallor,
1526 4214 1599 4268 hunc

259 4288 407 4355 trigouicom
426 4293 469 4359 36,
487 4291 548 4346 basi
566 4292 600 4359 83
615 4291 678 4346 uisi
695 4289 858 4346 desomaerit
880 4306 914 4345 ex
932 4288 1085 4352 Macrobio,
1103 4287 1151 4356 qni
1171 4287 1361 4356 theologorum
1378 4293 1474 4348 Musas
1500 4309 1597 4348 norem
1623 4295 1628 4304 '

258 4365 440 4437 interpretatur
456 4370 491 4424 de
509 4370 635 4439 sphaeris
652 4369 884 4436 conmunionis,
902 4375 931 4422 et
948 4367 1085 4424 communi
1103 4381 1197 4420 earum
1214 4375 1356 4424 concentu.
1388 4370 1423 4424 ld
1444 4387 1508 4425 vero
1526 4373 1598 4429 ride·

260 4450 296 4496 tur
316 4448 437 4503 alludere
458 4448 494 4504 ad
515 4449 631 4518 figuram
648 4447 809 4518 quadratam
829 4463 867 4500 ex
884 4461 981 4500 norem
999 4446 1110 4514 punctis
1129 4446 1242 4516 lacmm,
1268 4463 1383 4516 quorum
1405 4460 1467 4505 octo
1485 4452 1598 4506 circum·

261 4529 322 4578 sant
338 4529 471 4595 exterius,
495 4543 580 4584 unum
596 4529 671 4582 intus
687 4527 717 4580 in
734 4523 823 4579 medio
836 4533 888 4594 ⁴est
910 4525 938 4578 in
957 4524 1149 4580 decussatione
1167 4524 1309 4582 linearum.
1345 4526 1420 4584 ldem
1437 4529 1552 4583 Hermes
1570 4527 1598 4582 in

260 4596 413 4662 Poennndro
430 4613 549 4662 mentem
561 4605 677 4661 hominis
695 4621 745 4675 per
761 4604 930 4658 harmoniam
947 4603 987 4658 ait
1003 4617 1066 4659 esse
1085 4603 1234 4674 delapsum,
1253 4605 1371 4661 ridssim
1389 4623 1461 4676 vero,
1480 4605 1598 4661 solutam
1632 4677 1634 4680 Ι

263 4676 359 4738 rumis
375 4686 498 4754 corporis
515 4685 730 4754 facultatumque
740 4682 906 4746 inferiorum,
923 4699 973 4753 per
990 4682 1104 4738 eandem
1116 4685 1284 4740 bamouimn
1296 4700 1465 4742 revemuram
1477 4687 1506 4740 in
1518 4685 1597 4741 sedes

263 4755 387 4832 lfittinas3
411 4763 485 4832 quod
501 4771 604 4832 totum,
628 4769 660 4817 ut
676 4762 831 4831 audiemus,
852 4777 887 4815 ex
904 4760 1020 4817 Platone
1044 4769 1088 4818 est
1105 4768 1134 4817 et
1149 4762 1221 4817 forte
1243 4778 1278 4818 ex
1288 4764 1436 4821 Macrobio.
1470 4766 1598 4821 Timaeus

265 4835 321 4890 eliu
335 4842 407 4911 apud
418 4841 580 4910 Platonem,
602 4841 799 4911 Pythagorim
816 4849 845 4897 et
861 4843 933 4911 ipae,
958 4842 1075 4896 animam
1092 4841 1187 4896 mundi
1205 4843 1243 4896 ait
1259 4843 1359 4898 factam
1378 4859 1412 4898 ex
1431 4851 1536 4914 septem
1553 4843 1597 4900 bis

266 4919 373 4991 umens,
391 4937 427 4975 ex
444 4921 549 4976 unitate
568 4924 592 4988 t,
610 4921 671 4990 pari
687 4921 774 4995 primo
791 4937 841 4976 seu
859 4920 958 4976 femina
976 4921 1000 4988 2,
1018 4919 1115 4990 impari
1131 4920 1217 4989 primo
1231 4935 1281 4975 seu
1292 4937 1366 4977 unare
1380 4925 1405 4992 3,
1424 4923 1519 4978 horum
1532 4940 1597 4993 qua-

267 4988 334 5051 bauo
348 5001 378 5068 4,
396 5001 427 5068 9,
445 5006 474 5054 et
492 5000 569 5055 cubis
582 5001 621 5067 ti,
639 4999 686 5066 27,
704 5000 751 5069 qni
769 4999 823 5054 duo
837 4999 927 5067 juncti
944 4999 1050 5054 fuciunt
1068 4999 1109 5054 35.
1139 4998 1190 5052 ⁴Ie'x
1208 4997 1251 5054 his
1272 5013 1335 5064 pero
1353 5003 1472 5057 numeris
1490 5002 1596 5058 hermo·

269 5068 313 5158 llts
327 5084 353 5132 et
366 5080 426 5148 ipse
438 5093 538 5138 ,omnen
555 5095 586 5133 ae
604 5078 804 5134 demonstrasse
822 5077 944 5135 credidit
980 5079 1050 5148 Ejus
1075 5079 1157 5147 igitur
1180 5077 1316 5148 interpres
1333 5081 1488 5136 Macrobius
1506 5082 1596 5138 Plato·

269 5150 321 5205 uria
339 5158 456 5213 numeris
477 5157 571 5212 mundi
593 5157 710 5214 ammam
732 5158 771 5212 ait
792 5172 853 5214 esse
875 5163 1035 5226 conceptam
1058 5165 1087 5213 et
1104 5157 1194 5213 inesse
1211 5157 1252 5212 illi
1267 5173 1387 5215 -oansam
1404 5159 1542 5232 musicae3
1568 5169 1597 5218 et

271 5233 436 5291 loetsstatom
452 5235 567 5293 rodoma
584 5252 602 5292 a
618 5236 784 5294 emesenus
800 5253 857 5294 non
872 5236 1009 5308 recedere,
1027 5253 1094 5310 ergo
1112 5238 1277 5310 compositos
1295 5238 1324 5295 in
1340 5236 1416 5296 coelo
1428 5253 1511 5298 sonos
1523 5239 1597 5308 (con-
