<?xml version="1.0" encoding="UTF-8"?>
<!DOCTYPE html PUBLIC "-//W3C//DTD XHTML 1.0 Transitional//EN"
    "http://www.w3.org/TR/xhtml1/DTD/xhtml1-transitional.dtd">
<html xmlns="http://www.w3.org/1999/xhtml" xml:lang="en" lang="en">
 <head>
  <title>
</title>
<meta http-equiv="Content-Type" content="text/html;charset=utf-8" />
  <meta name='ocr-system' content='tesseract 3.04.00' />
  <meta name='ocr-capabilities' content='ocr_page ocr_carea ocr_par ocr_line ocrx_word'/>
</head>
<body>
  <div class='ocr_page' id='page_1' title='image "./joanniskepleria20frisgoog/joanniskepleria20frisgoog_0099.png"; bbox 0 0 4242 6384; ppageno 0'>
   <div class='ocr_carea' id='block_1_1' title="bbox 755 869 1627 939">
    <p class='ocr_par' dir='ltr' id='par_1_1' title="bbox 755 869 1627 939">
     <span class='ocr_line' id='line_1_1' title="bbox 755 869 1627 939; baseline 0.007 -6"><span class='ocrx_word' id='word_1_1' title='bbox 755 874 1000 933; x_wconf 71' lang='lat' dir='ltr'><strong>Demonstrationa</strong></span> <span class='ocrx_word' id='word_1_2' title='bbox 1035 869 1157 931; x_wconf 61' lang='lat' dir='ltr'><strong>Liberi</strong></span> <span class='ocrx_word' id='word_1_3' title='bbox 1588 876 1627 939; x_wconf 80' lang='lat'><strong>91</strong></span> 
     </span>
    </p>
   </div>
   <div class='ocr_carea' id='block_1_2' title="bbox 285 1024 1630 1139">
    <p class='ocr_par' dir='ltr' id='par_1_2' title="bbox 285 1024 1630 1139">
     <span class='ocr_line' id='line_1_2' title="bbox 285 1024 1630 1139; baseline 0.002 -24"><span class='ocrx_word' id='word_1_4' title='bbox 285 1072 407 1135; x_wconf 78' lang='lat' dir='ltr'><strong>quaerar,</strong></span> <span class='ocrx_word' id='word_1_5' title='bbox 423 1056 510 1133; x_wconf 83' lang='lat' dir='ltr'><strong>eujoo</strong></span> <span class='ocrx_word' id='word_1_6' title='bbox 524 1027 565 1117; x_wconf 70' lang='lat' dir='ltr'><strong>eii</strong></span> <span class='ocrx_word' id='word_1_7' title='bbox 579 1062 726 1133; x_wconf 85' lang='lat' dir='ltr'><strong>apotome,</strong></span> <span class='ocrx_word' id='word_1_8' title='bbox 739 1024 943 1133; x_wconf 74' lang='lat' dir='ltr'><strong>respondetur,</strong></span> <span class='ocrx_word' id='word_1_9' title='bbox 960 1052 1039 1131; x_wconf 90' lang='lat' dir='ltr'><strong>quod</strong></span> <span class='ocrx_word' id='word_1_10' title='bbox 1055 1055 1095 1117; x_wconf 84' lang='lat' dir='ltr'><strong>eit</strong></span> <span class='ocrx_word' id='word_1_11' title='bbox 1107 1060 1245 1133; x_wconf 76' lang='lat' dir='ltr'><strong>apotome</strong></span> <span class='ocrx_word' id='word_1_12' title='bbox 1256 1056 1390 1135; x_wconf 80' lang='lat' dir='ltr'><strong>ulleujne,</strong></span> <span class='ocrx_word' id='word_1_13' title='bbox 1407 1053 1482 1139; x_wconf 74' lang='lat' dir='ltr'><strong>quoe</strong></span> <span class='ocrx_word' id='word_1_14' title='bbox 1495 1058 1560 1119; x_wconf 85' lang='lat' dir='ltr'><strong>oola</strong></span> <span class='ocrx_word' id='word_1_15' title='bbox 1572 1076 1630 1137; x_wconf 54' lang='lat' dir='ltr'><strong>pof</strong></span> 
     </span>
    </p>
   </div>
   <div class='ocr_carea' id='block_1_3' title="bbox 283 1142 1631 1455">
    <p class='ocr_par' dir='ltr' id='par_1_3' title="bbox 284 1142 1631 1299">
     <span class='ocr_line' id='line_1_3' title="bbox 284 1142 1631 1229; baseline 0.005 -26"><span class='ocrx_word' id='word_1_16' title='bbox 284 1145 364 1204; x_wconf 83' lang='lat' dir='ltr'><strong>tentia</strong></span> <span class='ocrx_word' id='word_1_17' title='bbox 378 1150 424 1203; x_wconf 81' lang='lat' dir='ltr'><strong>eet</strong></span> <span class='ocrx_word' id='word_1_18' title='bbox 439 1142 712 1214; x_wconf 75' lang='lat' dir='ltr'><strong>commensurabilia</strong></span> <span class='ocrx_word' id='word_1_19' title='bbox 728 1145 908 1221; x_wconf 68' lang='lat' dir='ltr'><strong>propositae,</strong></span> <span class='ocrx_word' id='word_1_20' title='bbox 932 1158 1009 1221; x_wconf 85' lang='lat' dir='ltr'><strong>quae</strong></span> <span class='ocrx_word' id='word_1_21' title='bbox 1023 1161 1065 1208; x_wconf 85' lang='lat' dir='ltr'><strong>oo.</strong></span> <span class='ocrx_word' id='word_1_22' title='bbox 1081 1150 1180 1221; x_wconf 89' lang='lat' dir='ltr'><strong>poteet</strong></span> <span class='ocrx_word' id='word_1_23' title='bbox 1204 1148 1439 1225; x_wconf 72' lang='lat' dir='ltr'><strong>sesquiquartum</strong></span> <span class='ocrx_word' id='word_1_24' title='bbox 1454 1149 1631 1229; x_wconf 74' lang='lat' dir='ltr'><strong>propositae.</strong></span> 
     </span>
     <span class='ocr_line' id='line_1_4' title="bbox 358 1222 1116 1299; baseline 0.004 -20"><span class='ocrx_word' id='word_1_25' title='bbox 358 1224 401 1281; x_wconf 85' lang='lat' dir='ltr'><strong>Sit</strong></span> <span class='ocrx_word' id='word_1_26' title='bbox 424 1226 475 1283; x_wconf 76' lang='lat' dir='ltr'><strong>Gi</strong></span> <span class='ocrx_word' id='word_1_27' title='bbox 498 1226 639 1297; x_wconf 76' lang='lat' dir='ltr'><strong>proposita</strong></span> <span class='ocrx_word' id='word_1_28' title='bbox 661 1226 697 1283; x_wconf 90' lang='lat' dir='ltr'><strong>ad</strong></span> <span class='ocrx_word' id='word_1_29' title='bbox 720 1226 867 1283; x_wconf 75' lang='lat' dir='ltr'><strong>seeundum</strong></span> <span class='ocrx_word' id='word_1_30' title='bbox 890 1226 979 1299; x_wconf 84' lang='lat' dir='ltr'><strong>aitque</strong></span> <span class='ocrx_word' id='word_1_31' title='bbox 1001 1222 1116 1284; x_wconf 67' lang='lat' dir='ltr'><strong>montiis</strong></span> 
     </span>
    </p>

    <p class='ocr_par' dir='ltr' id='par_1_4' title="bbox 283 1284 1417 1374">
     <span class='ocr_line' id='line_1_5' title="bbox 283 1284 1417 1374; baseline 0.006 -15"><span class='ocrx_word' id='word_1_32' title='bbox 283 1302 450 1373; x_wconf 75' lang='lat' dir='ltr'><strong>longitudine.</strong></span> <span class='ocrx_word' id='word_1_33' title='bbox 474 1305 538 1359; x_wconf 85' lang='lat' dir='ltr'><strong>Fiat</strong></span> <span class='ocrx_word' id='word_1_34' title='bbox 555 1312 648 1361; x_wconf 81' lang='lat' dir='ltr'><strong>rector</strong></span> <span class='ocrx_word' id='word_1_35' title='bbox 667 1305 783 1374; x_wconf 69' lang='lat' dir='ltr'><strong>angoloo</strong></span> <span class='ocrx_word' id='word_1_36' title='bbox 802 1304 882 1361; x_wconf 81' lang='lat' dir='ltr'><strong>GAM</strong></span> <span class='ocrx_word' id='word_1_37' title='bbox 902 1312 931 1361; x_wconf 87' lang='lat' dir='ltr'><strong>et</strong></span> <span class='ocrx_word' id='word_1_38' title='bbox 946 1304 1002 1363; x_wconf 87' lang='lat' dir='ltr'><strong>AM</strong></span> <span class='ocrx_word' id='word_1_39' title='bbox 1018 1308 1055 1363; x_wconf 86' lang='lat' dir='ltr'><strong>eit</strong></span> <span class='ocrx_word' id='word_1_40' title='bbox 1073 1307 1112 1363; x_wconf 66' lang='lat' dir='ltr'><strong>‹ii›</strong></span> <span class='ocrx_word' id='word_1_41' title='bbox 1331 1284 1417 1335; x_wconf 61' lang='lat'><strong>&#39;¹⁸¹⁸&#39;</strong></span> 
     </span>
    </p>

    <p class='ocr_par' dir='ltr' id='par_1_5' title="bbox 283 1381 1111 1455">
     <span class='ocr_line' id='line_1_6' title="bbox 283 1381 1111 1455; baseline 0.002 -16"><span class='ocrx_word' id='word_1_42' title='bbox 283 1384 351 1439; x_wconf 80' lang='lat' dir='ltr'><strong>ridie</strong></span> <span class='ocrx_word' id='word_1_43' title='bbox 365 1384 459 1453; x_wconf 74' lang='lat' dir='ltr'><strong>tpaim</strong></span> <span class='ocrx_word' id='word_1_44' title='bbox 478 1385 537 1452; x_wconf 87' lang='lat' dir='ltr'><strong>GA,</strong></span> <span class='ocrx_word' id='word_1_45' title='bbox 555 1390 584 1441; x_wconf 89' lang='lat' dir='ltr'><strong>et</strong></span> <span class='ocrx_word' id='word_1_46' title='bbox 591 1383 728 1441; x_wconf 70' lang='lat' dir='ltr'><strong>&#39;connexio</strong></span> <span class='ocrx_word' id='word_1_47' title='bbox 740 1383 816 1451; x_wconf 57' lang='lat' dir='ltr'><strong>esni</strong></span> <span class='ocrx_word' id='word_1_48' title='bbox 827 1381 944 1454; x_wconf 84' lang='lat' dir='ltr'><strong>punotle,</strong></span> <span class='ocrx_word' id='word_1_49' title='bbox 962 1391 1055 1445; x_wconf 82' lang='lat' dir='ltr'><strong>oantro</strong></span> <span class='ocrx_word' id='word_1_50' title='bbox 1073 1386 1111 1455; x_wconf 90' lang='lat' dir='ltr'><strong>M,</strong></span> 
     </span>
    </p>
   </div>
   <div class='ocr_carea' id='block_1_4' title="bbox 282 1387 1601 1853">
    <p class='ocr_par' dir='ltr' id='par_1_6' title="bbox 282 1387 1601 1822">
     <span class='ocr_line' id='line_1_7' title="bbox 282 1387 1474 1589; baseline 0.001 -70"><span class='ocrx_word' id='word_1_51' title='bbox 282 1461 413 1519; x_wconf 69' lang='lat' dir='ltr'><strong>nonullo</strong></span> <span class='ocrx_word' id='word_1_52' title='bbox 426 1463 483 1519; x_wconf 83' lang='lat' dir='ltr'><strong>GM</strong></span> <span class='ocrx_word' id='word_1_53' title='bbox 494 1462 628 1519; x_wconf 68' lang='lat' dir='ltr'><strong>omn-mr</strong></span> <span class='ocrx_word' id='word_1_54' title='bbox 644 1462 828 1519; x_wconf 82' lang='lat' dir='ltr'><strong>oemieitonlue</strong></span> <span class='ocrx_word' id='word_1_55' title='bbox 845 1462 928 1530; x_wconf 75' lang='grc' dir='ltr'><strong>ΡοΧ,</strong></span> <span class='ocrx_word' id='word_1_56' title='bbox 941 1470 970 1521; x_wconf 83' lang='lat' dir='ltr'><strong>et</strong></span> <span class='ocrx_word' id='word_1_57' title='bbox 980 1464 1036 1521; x_wconf 89' lang='lat' dir='ltr'><strong>AM</strong></span> <span class='ocrx_word' id='word_1_58' title='bbox 1048 1480 1114 1519; x_wconf 88' lang='lat' dir='ltr'><strong>ooo·</strong></span> <span class='ocrx_word' id='word_1_59' title='bbox 1212 1387 1474 1589; x_wconf 47' lang='lat' dir='ltr'><strong>[ff</strong></span> 
     </span>
     <span class='ocr_line' id='line_1_8' title="bbox 282 1542 1601 1632; baseline 0.002 -33"><span class='ocrx_word' id='word_1_60' title='bbox 282 1542 508 1611; x_wconf 78' lang='lat' dir='ltr'><strong>dnuemrinejuo</strong></span> <span class='ocrx_word' id='word_1_61' title='bbox 519 1542 751 1599; x_wconf 82' lang='lat' dir='ltr'><strong>eiteumiereutiue</strong></span> <span class='ocrx_word' id='word_1_62' title='bbox 761 1550 865 1612; x_wconf 83' lang='lat' dir='ltr'><strong>puuetu</strong></span> <span class='ocrx_word' id='word_1_63' title='bbox 875 1542 953 1613; x_wconf 87' lang='lat' dir='ltr'><strong>P‚X‚</strong></span> <span class='ocrx_word' id='word_1_64' title='bbox 971 1542 1021 1602; x_wconf 85' lang='lat' dir='ltr'><strong>ilat</strong></span> <span class='ocrx_word' id='word_1_65' title='bbox 1031 1551 1119 1615; x_wconf 79' lang='lat' dir='ltr'><strong>anper</strong></span> <span class='ocrx_word' id='word_1_66' title='bbox 1274 1605 1279 1632; x_wconf 47' lang='grc' dir='ltr'>ι</span> <span class='ocrx_word' id='word_1_67' title='bbox 1394 1609 1399 1622; x_wconf 38' lang='lat'>‚</span> <span class='ocrx_word' id='word_1_68' title='bbox 1598 1605 1601 1613; x_wconf 59' lang='grc'><strong><em>,</em></strong></span> 
     </span>
     <span class='ocr_line' id='line_1_9' title="bbox 284 1594 1575 1822; baseline 0.002 -142"><span class='ocrx_word' id='word_1_69' title='bbox 284 1626 321 1680; x_wconf 87' lang='lat' dir='ltr'><strong>PA</strong></span> <span class='ocrx_word' id='word_1_70' title='bbox 345 1622 516 1693; x_wconf 78' lang='lat' dir='ltr'><strong>quadratum</strong></span> <span class='ocrx_word' id='word_1_71' title='bbox 542 1622 597 1679; x_wconf 87' lang='grc' dir='ltr'><strong>ΡΟ.</strong></span> <span class='ocrx_word' id='word_1_72' title='bbox 632 1623 707 1690; x_wconf 75' lang='lat' dir='ltr'><strong>Erro</strong></span> <span class='ocrx_word' id='word_1_73' title='bbox 733 1622 806 1679; x_wconf 79' lang='lat' dir='ltr'><strong>linea</strong></span> <span class='ocrx_word' id='word_1_74' title='bbox 824 1623 872 1681; x_wconf 86' lang='lat' dir='ltr'><strong>GA</strong></span> <span class='ocrx_word' id='word_1_75' title='bbox 898 1631 975 1680; x_wconf 69' lang='lat' dir='ltr'><strong>aeota</strong></span> <span class='ocrx_word' id='word_1_76' title='bbox 995 1631 1040 1681; x_wconf 78' lang='lat' dir='ltr'><strong>eet</strong></span> <span class='ocrx_word' id='word_1_77' title='bbox 1056 1640 1119 1695; x_wconf 88' lang='lat' dir='ltr'><strong>pro-</strong></span> <span class='ocrx_word' id='word_1_78' title='bbox 1174 1594 1575 1822; x_wconf 53' lang='lat' dir='ltr'><strong>(lm</strong></span> 
     </span>
     <span class='ocr_line' id='line_1_10' title="bbox 286 1701 1117 1775; baseline 0.002 -16"><span class='ocrx_word' id='word_1_79' title='bbox 286 1702 470 1774; x_wconf 83' lang='lat' dir='ltr'><strong>portionallter</strong></span> <span class='ocrx_word' id='word_1_80' title='bbox 485 1702 514 1757; x_wconf 86' lang='lat' dir='ltr'><strong>in</strong></span> <span class='ocrx_word' id='word_1_81' title='bbox 536 1708 639 1771; x_wconf 77' lang='lat' dir='ltr'><strong>puncto</strong></span> <span class='ocrx_word' id='word_1_82' title='bbox 657 1701 691 1757; x_wconf 90' lang='lat'><strong>0.</strong></span> <span class='ocrx_word' id='word_1_83' title='bbox 725 1702 800 1759; x_wconf 85' lang='lat' dir='ltr'><strong>Haeo</strong></span> <span class='ocrx_word' id='word_1_84' title='bbox 817 1703 900 1774; x_wconf 71' lang='lat' dir='ltr'><strong>Igitur</strong></span> <span class='ocrx_word' id='word_1_85' title='bbox 915 1704 965 1759; x_wconf 89' lang='lat' dir='ltr'><strong>AO</strong></span> <span class='ocrx_word' id='word_1_86' title='bbox 983 1712 1026 1761; x_wconf 83' lang='lat' dir='ltr'><strong>eet</strong></span> <span class='ocrx_word' id='word_1_87' title='bbox 1050 1720 1117 1775; x_wconf 80' lang='lat' dir='ltr'><strong>pare</strong></span> 
     </span>
    </p>

    <p class='ocr_par' dir='ltr' id='par_1_7' title="bbox 285 1778 1119 1853">
     <span class='ocr_line' id='line_1_11' title="bbox 285 1778 1119 1853; baseline 0.011 -19"><span class='ocrx_word' id='word_1_88' title='bbox 285 1784 355 1851; x_wconf 72' lang='lat' dir='ltr'><strong>naJor</strong></span> <span class='ocrx_word' id='word_1_89' title='bbox 372 1788 471 1837; x_wconf 74' lang='lat' dir='ltr'><strong>aeetae</strong></span> <span class='ocrx_word' id='word_1_90' title='bbox 482 1778 722 1851; x_wconf 79' lang='lat' dir='ltr'><strong>proportionaliter</strong></span> <span class='ocrx_word' id='word_1_91' title='bbox 736 1782 799 1853; x_wconf 81' lang='lat' dir='ltr'><strong>GA3</strong></span> <span class='ocrx_word' id='word_1_92' title='bbox 817 1790 847 1842; x_wconf 81' lang='lat' dir='ltr'><strong>at</strong></span> <span class='ocrx_word' id='word_1_93' title='bbox 858 1783 952 1841; x_wconf 82' lang='lat' dir='ltr'><strong>eudem</strong></span> <span class='ocrx_word' id='word_1_94' title='bbox 962 1784 1012 1841; x_wconf 85' lang='lat' dir='ltr'><strong>AO</strong></span> <span class='ocrx_word' id='word_1_95' title='bbox 1023 1786 1067 1841; x_wconf 81' lang='lat' dir='ltr'><strong>rel</strong></span> <span class='ocrx_word' id='word_1_96' title='bbox 1083 1802 1119 1843; x_wconf 81' lang='lat' dir='ltr'><strong>et</strong></span> 
     </span>
    </p>
   </div>
   <div class='ocr_carea' id='block_1_5' title="bbox 283 1828 1633 2249">
    <p class='ocr_par' dir='ltr' id='par_1_8' title="bbox 283 1828 1633 2249">
     <span class='ocr_line' id='line_1_12' title="bbox 285 1828 1598 1943; baseline 0.01 -27"><span class='ocrx_word' id='word_1_97' title='bbox 285 1862 395 1931; x_wconf 72' lang='lat' dir='ltr'><strong>aequalia</strong></span> <span class='ocrx_word' id='word_1_98' title='bbox 414 1860 465 1915; x_wconf 79' lang='lat' dir='ltr'><strong>At&gt;</strong></span> <span class='ocrx_word' id='word_1_99' title='bbox 482 1868 525 1915; x_wconf 85' lang='lat' dir='ltr'><strong>eat</strong></span> <span class='ocrx_word' id='word_1_100' title='bbox 543 1865 669 1943; x_wconf 70' lang='lat' dir='ltr'><strong>apotome</strong></span> <span class='ocrx_word' id='word_1_101' title='bbox 686 1872 742 1937; x_wconf 77' lang='lat' dir='ltr'><strong>nou</strong></span> <span class='ocrx_word' id='word_1_102' title='bbox 760 1860 846 1930; x_wconf 81' lang='lat' dir='ltr'><strong>ipolue</strong></span> <span class='ocrx_word' id='word_1_103' title='bbox 864 1861 929 1931; x_wconf 58' lang='grc' dir='ltr'><strong>(ΡΑ,</strong></span> <span class='ocrx_word' id='word_1_104' title='bbox 955 1863 1004 1919; x_wconf 78' lang='lat' dir='ltr'><strong>aed</strong></span> <span class='ocrx_word' id='word_1_105' title='bbox 1027 1864 1114 1936; x_wconf 82' lang='lat' dir='ltr'><strong>ipeiuo</strong></span> <span class='ocrx_word' id='word_1_106' title='bbox 1161 1828 1180 1871; x_wconf 56' lang='grc' dir='ltr'><strong>Ρ</strong></span> <span class='ocrx_word' id='word_1_107' title='bbox 1280 1828 1300 1871; x_wconf 61' lang='grc' dir='ltr'><strong>Α</strong></span> <span class='ocrx_word' id='word_1_108' title='bbox 1360 1830 1393 1873; x_wconf 59' lang='lat'>¹</span> <span class='ocrx_word' id='word_1_109' title='bbox 1575 1832 1598 1873; x_wconf 51' lang='grc' dir='ltr'>ι</span> 
     </span>
     <span class='ocr_line' id='line_1_13' title="bbox 284 1940 1630 2023; baseline 0.007 -28"><span class='ocrx_word' id='word_1_110' title='bbox 284 1942 321 1995; x_wconf 74' lang='lat' dir='ltr'><strong>iii</strong></span> <span class='ocrx_word' id='word_1_111' title='bbox 332 1941 377 1996; x_wconf 84' lang='lat' dir='ltr'><strong>rol</strong></span> <span class='ocrx_word' id='word_1_112' title='bbox 397 1940 464 2008; x_wconf 76' lang='lat' dir='ltr'><strong>itti,</strong></span> <span class='ocrx_word' id='word_1_113' title='bbox 482 1955 553 2009; x_wconf 87' lang='lat' dir='ltr'><strong>qnae</strong></span> <span class='ocrx_word' id='word_1_114' title='bbox 570 1944 662 2009; x_wconf 76' lang='lat' dir='ltr'><strong>potest</strong></span> <span class='ocrx_word' id='word_1_115' title='bbox 677 1940 734 1995; x_wconf 80' lang='lat' dir='ltr'><strong>tam</strong></span> <span class='ocrx_word' id='word_1_116' title='bbox 752 1940 810 2009; x_wconf 78' lang='lat' dir='ltr'><strong>oi,</strong></span> <span class='ocrx_word' id='word_1_117' title='bbox 829 1958 910 2011; x_wconf 90' lang='lat' dir='ltr'><strong>quom</strong></span> <span class='ocrx_word' id='word_1_118' title='bbox 923 1943 978 1999; x_wconf 84' lang='lat' dir='ltr'><strong>AM</strong></span> <span class='ocrx_word' id='word_1_119' title='bbox 995 1943 1068 2002; x_wconf 82' lang='lat' dir='ltr'><strong>illiue</strong></span> <span class='ocrx_word' id='word_1_120' title='bbox 1087 1948 1240 2023; x_wconf 80' lang='lat' dir='ltr'><strong>dimIdiam3</strong></span> <span class='ocrx_word' id='word_1_121' title='bbox 1259 1957 1291 2007; x_wconf 88' lang='lat' dir='ltr'><strong>ut</strong></span> <span class='ocrx_word' id='word_1_122' title='bbox 1302 1944 1325 2006; x_wconf 82' lang='lat' dir='ltr'><strong>ri</strong></span> <span class='ocrx_word' id='word_1_123' title='bbox 1337 1945 1459 2019; x_wconf 82' lang='lat' dir='ltr'><strong>potentia</strong></span> <span class='ocrx_word' id='word_1_124' title='bbox 1476 1944 1563 2016; x_wconf 81' lang='lat' dir='ltr'><strong>ipeiue</strong></span> <span class='ocrx_word' id='word_1_125' title='bbox 1579 1946 1630 2005; x_wconf 81' lang='lat' dir='ltr'><strong>GA</strong></span> 
     </span>
     <span class='ocr_line' id='line_1_14' title="bbox 284 2019 1630 2099; baseline 0 -23"><span class='ocrx_word' id='word_1_126' title='bbox 284 2022 354 2091; x_wconf 76' lang='lat' dir='ltr'><strong>dil,</strong></span> <span class='ocrx_word' id='word_1_127' title='bbox 373 2020 430 2076; x_wconf 85' lang='lat' dir='ltr'><strong>erit</strong></span> <span class='ocrx_word' id='word_1_128' title='bbox 447 2019 534 2088; x_wconf 77' lang='lat' dir='ltr'><strong>ipatus</strong></span> <span class='ocrx_word' id='word_1_129' title='bbox 552 2020 612 2083; x_wconf 83' lang='lat' dir='ltr'><strong>AM</strong></span> <span class='ocrx_word' id='word_1_130' title='bbox 627 2022 658 2091; x_wconf 90' lang='lat'><strong>1,</strong></span> <span class='ocrx_word' id='word_1_131' title='bbox 683 2020 813 2091; x_wconf 82' lang='lat' dir='ltr'><strong>eiipoiuo</strong></span> <span class='ocrx_word' id='word_1_132' title='bbox 832 2021 914 2089; x_wconf 73' lang='lat' dir='ltr'><strong>igitur</strong></span> <span class='ocrx_word' id='word_1_133' title='bbox 938 2022 993 2079; x_wconf 82' lang='lat' dir='ltr'><strong>GM</strong></span> <span class='ocrx_word' id='word_1_134' title='bbox 1016 2028 1138 2095; x_wconf 84' lang='lat' dir='ltr'><strong>potentia</strong></span> <span class='ocrx_word' id='word_1_135' title='bbox 1156 2030 1208 2086; x_wconf 89' lang='lat' dir='ltr'><strong>erit</strong></span> <span class='ocrx_word' id='word_1_136' title='bbox 1225 2032 1249 2087; x_wconf 79' lang='lat' dir='ltr'><strong>o.</strong></span> <span class='ocrx_word' id='word_1_137' title='bbox 1285 2029 1317 2084; x_wconf 93' lang='lat' dir='ltr'><strong>lu</strong></span> <span class='ocrx_word' id='word_1_138' title='bbox 1335 2032 1466 2099; x_wconf 85' lang='lat' dir='ltr'><strong>quantum</strong></span> <span class='ocrx_word' id='word_1_139' title='bbox 1483 2025 1566 2095; x_wconf 78' lang='lat' dir='ltr'><strong>igitur</strong></span> <span class='ocrx_word' id='word_1_140' title='bbox 1583 2020 1630 2079; x_wconf 90' lang='lat' dir='ltr'><strong>AO</strong></span> 
     </span>
     <span class='ocr_line' id='line_1_15' title="bbox 284 2098 1633 2181; baseline 0.001 -26"><span class='ocrx_word' id='word_1_141' title='bbox 284 2100 316 2155; x_wconf 83' lang='lat' dir='ltr'><strong>rel</strong></span> <span class='ocrx_word' id='word_1_142' title='bbox 329 2099 377 2155; x_wconf 89' lang='lat' dir='ltr'><strong>AP</strong></span> <span class='ocrx_word' id='word_1_143' title='bbox 397 2105 443 2155; x_wconf 85' lang='lat' dir='ltr'><strong>eat</strong></span> <span class='ocrx_word' id='word_1_144' title='bbox 462 2106 604 2170; x_wconf 85' lang='lat' dir='ltr'><strong>apotome,</strong></span> <span class='ocrx_word' id='word_1_145' title='bbox 631 2102 779 2173; x_wconf 82' lang='lat' dir='ltr'><strong>reapondet</strong></span> <span class='ocrx_word' id='word_1_146' title='bbox 804 2098 991 2161; x_wconf 72' lang='lat' dir='ltr'><strong>eibInomInIe</strong></span> <span class='ocrx_word' id='word_1_147' title='bbox 1008 2103 1073 2161; x_wconf 70' lang='lat' dir='ltr'><strong>iu:</strong></span> <span class='ocrx_word' id='word_1_148' title='bbox 1098 2116 1215 2181; x_wconf 61' lang='lat' dir='ltr'><strong>tuumne</strong></span> <span class='ocrx_word' id='word_1_149' title='bbox 1237 2108 1346 2165; x_wconf 87' lang='lat' dir='ltr'><strong>uomina</strong></span> <span class='ocrx_word' id='word_1_150' title='bbox 1371 2106 1458 2177; x_wconf 85' lang='lat' dir='ltr'><strong>ipeiuo</strong></span> <span class='ocrx_word' id='word_1_151' title='bbox 1483 2102 1633 2159; x_wconf 83' lang='lat' dir='ltr'><strong>eommunia</strong></span> 
     </span>
     <span class='ocr_line' id='line_1_16' title="bbox 283 2179 745 2249; baseline 0.013 -17"><span class='ocrx_word' id='word_1_152' title='bbox 283 2180 335 2249; x_wconf 80' lang='lat' dir='ltr'><strong>iix,</strong></span> <span class='ocrx_word' id='word_1_153' title='bbox 351 2179 399 2235; x_wconf 79' lang='lat' dir='ltr'><strong>rel</strong></span> <span class='ocrx_word' id='word_1_154' title='bbox 417 2180 472 2235; x_wconf 87' lang='lat' dir='ltr'><strong>MP</strong></span> <span class='ocrx_word' id='word_1_155' title='bbox 490 2180 534 2233; x_wconf 85' lang='lat' dir='ltr'><strong>rel</strong></span> <span class='ocrx_word' id='word_1_156' title='bbox 550 2180 607 2235; x_wconf 87' lang='lat' dir='ltr'><strong>MG</strong></span> <span class='ocrx_word' id='word_1_157' title='bbox 626 2188 653 2237; x_wconf 90' lang='lat' dir='ltr'><strong>et</strong></span> <span class='ocrx_word' id='word_1_158' title='bbox 669 2182 745 2237; x_wconf 62' lang='lat' dir='ltr'><strong>Ait(</strong></span> 
     </span>
    </p>
   </div>
   <div class='ocr_carea' id='block_1_6' title="bbox 278 2268 1635 3483">
    <p class='ocr_par' dir='ltr' id='par_1_9' title="bbox 279 2268 1635 2814">
     <span class='ocr_line' id='line_1_17' title="bbox 358 2268 1633 2347; baseline 0.002 -25"><span class='ocrx_word' id='word_1_159' title='bbox 358 2268 443 2336; x_wconf 78' lang='lat' dir='ltr'><strong>Quod</strong></span> <span class='ocrx_word' id='word_1_160' title='bbox 461 2276 553 2323; x_wconf 87' lang='lat' dir='ltr'><strong>autern</strong></span> <span class='ocrx_word' id='word_1_161' title='bbox 570 2268 617 2324; x_wconf 91' lang='lat' dir='ltr'><strong>AP</strong></span> <span class='ocrx_word' id='word_1_162' title='bbox 635 2270 671 2325; x_wconf 84' lang='lat' dir='ltr'><strong>eit</strong></span> <span class='ocrx_word' id='word_1_163' title='bbox 688 2275 817 2343; x_wconf 87' lang='lat' dir='ltr'><strong>apotome</strong></span> <span class='ocrx_word' id='word_1_164' title='bbox 835 2275 868 2323; x_wconf 88' lang='lat' dir='ltr'><strong>et.</strong></span> <span class='ocrx_word' id='word_1_165' title='bbox 879 2268 932 2329; x_wconf 81' lang='lat' dir='ltr'><strong>AX</strong></span> <span class='ocrx_word' id='word_1_166' title='bbox 948 2268 1100 2340; x_wconf 82' lang='lat' dir='ltr'><strong>binominis,</strong></span> <span class='ocrx_word' id='word_1_167' title='bbox 1119 2280 1235 2347; x_wconf 81' lang='lat' dir='ltr'><strong>utraque</strong></span> <span class='ocrx_word' id='word_1_168' title='bbox 1253 2278 1367 2345; x_wconf 81' lang='lat' dir='ltr'><strong>quartae</strong></span> <span class='ocrx_word' id='word_1_169' title='bbox 1384 2270 1494 2341; x_wconf 84' lang='lat' dir='ltr'><strong>opeoiei,</strong></span> <span class='ocrx_word' id='word_1_170' title='bbox 1513 2271 1553 2326; x_wconf 84' lang='lat' dir='ltr'><strong>elo</strong></span> <span class='ocrx_word' id='word_1_171' title='bbox 1571 2284 1633 2341; x_wconf 86' lang='lat' dir='ltr'><strong>pro·</strong></span> 
     </span>
     <span class='ocr_line' id='line_1_18' title="bbox 283 2341 1634 2423; baseline 0 -20"><span class='ocrx_word' id='word_1_172' title='bbox 283 2348 359 2403; x_wconf 82' lang='lat' dir='ltr'><strong>latur.</strong></span> <span class='ocrx_word' id='word_1_173' title='bbox 396 2348 453 2403; x_wconf 76' lang='lat' dir='ltr'><strong>Eoi</strong></span> <span class='ocrx_word' id='word_1_174' title='bbox 471 2348 542 2403; x_wconf 86' lang='lat' dir='ltr'><strong>enirn</strong></span> <span class='ocrx_word' id='word_1_175' title='bbox 558 2356 704 2420; x_wconf 83' lang='lat' dir='ltr'><strong>utrunque</strong></span> <span class='ocrx_word' id='word_1_176' title='bbox 721 2364 819 2409; x_wconf 91' lang='lat' dir='ltr'><strong>nornen</strong></span> <span class='ocrx_word' id='word_1_177' title='bbox 838 2347 947 2405; x_wconf 77' lang='lat' dir='ltr'><strong>effabile</strong></span> <span class='ocrx_word' id='word_1_178' title='bbox 968 2357 996 2405; x_wconf 88' lang='lat' dir='ltr'><strong>et</strong></span> <span class='ocrx_word' id='word_1_179' title='bbox 1013 2352 1070 2407; x_wconf 89' lang='lat' dir='ltr'><strong>MX</strong></span> <span class='ocrx_word' id='word_1_180' title='bbox 1088 2360 1116 2409; x_wconf 87' lang='lat' dir='ltr'><strong>ot</strong></span> <span class='ocrx_word' id='word_1_181' title='bbox 1132 2354 1203 2423; x_wconf 80' lang='lat' dir='ltr'><strong>MA3</strong></span> <span class='ocrx_word' id='word_1_182' title='bbox 1233 2359 1297 2409; x_wconf 80' lang='lat' dir='ltr'><strong>euni</strong></span> <span class='ocrx_word' id='word_1_183' title='bbox 1314 2358 1405 2405; x_wconf 69' lang='lat' dir='ltr'><strong>umen</strong></span> <span class='ocrx_word' id='word_1_184' title='bbox 1428 2341 1489 2405; x_wconf 83' lang='lat' dir='ltr'><strong>eolo</strong></span> <span class='ocrx_word' id='word_1_185' title='bbox 1503 2346 1634 2421; x_wconf 72' lang='lat' dir='ltr'><strong>‘potentio</strong></span> 
     </span>
     <span class='ocr_line' id='line_1_19' title="bbox 281 2425 1633 2509; baseline -0.002 -25"><span class='ocrx_word' id='word_1_186' title='bbox 281 2426 550 2497; x_wconf 75' lang='lat' dir='ltr'><strong>wmmemurabssea,</strong></span> <span class='ocrx_word' id='word_1_187' title='bbox 572 2430 637 2499; x_wconf 87' lang='lat' dir='ltr'><strong>quio</strong></span> <span class='ocrx_word' id='word_1_188' title='bbox 650 2429 707 2485; x_wconf 87' lang='lat' dir='ltr'><strong>MX</strong></span> <span class='ocrx_word' id='word_1_189' title='bbox 725 2428 764 2502; x_wconf 81' lang='lat' dir='ltr'><strong>(id</strong></span> <span class='ocrx_word' id='word_1_190' title='bbox 781 2432 825 2484; x_wconf 85' lang='lat' dir='ltr'><strong>eat</strong></span> <span class='ocrx_word' id='word_1_191' title='bbox 839 2425 905 2499; x_wconf 78' lang='lat' dir='ltr'><strong>iio)</strong></span> <span class='ocrx_word' id='word_1_192' title='bbox 923 2436 1015 2499; x_wconf 79' lang='lat' dir='ltr'><strong>potere</strong></span> <span class='ocrx_word' id='word_1_193' title='bbox 1032 2434 1062 2500; x_wconf 80' lang='grc'><strong>5,</strong></span> <span class='ocrx_word' id='word_1_194' title='bbox 1090 2430 1211 2509; x_wconf 79' lang='lat' dir='ltr'><strong>qualium</strong></span> <span class='ocrx_word' id='word_1_195' title='bbox 1230 2434 1283 2487; x_wconf 88' lang='lat' dir='ltr'><strong>MA</strong></span> <span class='ocrx_word' id='word_1_196' title='bbox 1301 2437 1393 2501; x_wconf 79' lang='lat' dir='ltr'><strong>potest</strong></span> <span class='ocrx_word' id='word_1_197' title='bbox 1410 2431 1435 2483; x_wconf 91' lang='lat' dir='ltr'><strong>i.</strong></span> <span class='ocrx_word' id='word_1_198' title='bbox 1472 2429 1542 2484; x_wconf 87' lang='lat' dir='ltr'><strong>Ati</strong></span> <span class='ocrx_word' id='word_1_199' title='bbox 1563 2428 1598 2485; x_wconf 81' lang='lat' dir='ltr'><strong>ad</strong></span> <span class='ocrx_word' id='word_1_200' title='bbox 1617 2428 1633 2481; x_wconf 81' lang='lat'><strong>5</strong></span> 
     </span>
     <span class='ocr_line' id='line_1_20' title="bbox 280 2508 1635 2581; baseline 0.001 -22"><span class='ocrx_word' id='word_1_201' title='bbox 280 2521 327 2559; x_wconf 83' lang='lat' dir='ltr'><strong>oon</strong></span> <span class='ocrx_word' id='word_1_202' title='bbox 344 2513 389 2561; x_wconf 79' lang='lat' dir='ltr'><strong>eoi</strong></span> <span class='ocrx_word' id='word_1_203' title='bbox 406 2514 440 2561; x_wconf 88' lang='lat' dir='ltr'><strong>nt</strong></span> <span class='ocrx_word' id='word_1_204' title='bbox 456 2522 585 2564; x_wconf 72' lang='lat' dir='ltr'><strong>numm</strong></span> <span class='ocrx_word' id='word_1_205' title='bbox 603 2508 753 2577; x_wconf 80' lang='lat' dir='ltr'><strong>quadratur</strong></span> <span class='ocrx_word' id='word_1_206' title='bbox 778 2508 814 2563; x_wconf 87' lang='lat' dir='ltr'><strong>ad</strong></span> <span class='ocrx_word' id='word_1_207' title='bbox 831 2509 1002 2579; x_wconf 83' lang='lat' dir='ltr'><strong>quadratum.</strong></span> <span class='ocrx_word' id='word_1_208' title='bbox 1037 2511 1163 2581; x_wconf 87' lang='lat' dir='ltr'><strong>Denique</strong></span> <span class='ocrx_word' id='word_1_209' title='bbox 1190 2510 1344 2567; x_wconf 80' lang='lat' dir='ltr'><strong>differentia</strong></span> <span class='ocrx_word' id='word_1_210' title='bbox 1370 2508 1553 2578; x_wconf 79' lang='lat' dir='ltr'><strong>potentiarum</strong></span> <span class='ocrx_word' id='word_1_211' title='bbox 1573 2511 1585 2562; x_wconf 97' lang='lat' dir='ltr'><strong>i</strong></span> <span class='ocrx_word' id='word_1_212' title='bbox 1606 2513 1635 2561; x_wconf 86' lang='lat' dir='ltr'><strong>et</strong></span> 
     </span>
     <span class='ocr_line' id='line_1_21' title="bbox 279 2584 1634 2658; baseline 0.003 -21"><span class='ocrx_word' id='word_1_213' title='bbox 279 2584 349 2639; x_wconf 73' lang='lat' dir='ltr'><strong>teat</strong></span> <span class='ocrx_word' id='word_1_214' title='bbox 365 2585 399 2651; x_wconf 81' lang='lat' dir='ltr'><strong>i,</strong></span> <span class='ocrx_word' id='word_1_215' title='bbox 427 2600 558 2643; x_wconf 82' lang='lat' dir='ltr'><strong>numeror</strong></span> <span class='ocrx_word' id='word_1_216' title='bbox 576 2587 733 2655; x_wconf 80' lang='lat' dir='ltr'><strong>quadratur,</strong></span> <span class='ocrx_word' id='word_1_217' title='bbox 752 2587 831 2655; x_wconf 80' lang='lat' dir='ltr'><strong>eujue</strong></span> <span class='ocrx_word' id='word_1_218' title='bbox 857 2588 931 2642; x_wconf 83' lang='lat' dir='ltr'><strong>latua</strong></span> <span class='ocrx_word' id='word_1_219' title='bbox 947 2587 966 2642; x_wconf 83' lang='lat'>2</span> <span class='ocrx_word' id='word_1_220' title='bbox 983 2589 1153 2658; x_wconf 71' lang='lat' dir='ltr'><strong>longitudine</strong></span> <span class='ocrx_word' id='word_1_221' title='bbox 1177 2590 1301 2658; x_wconf 79' lang='lat' dir='ltr'><strong>effabile,</strong></span> <span class='ocrx_word' id='word_1_222' title='bbox 1327 2586 1441 2657; x_wconf 83' lang='lat' dir='ltr'><strong>aequale</strong></span> <span class='ocrx_word' id='word_1_223' title='bbox 1459 2601 1496 2641; x_wconf 82' lang='lat' dir='ltr'><strong>eo</strong></span> <span class='ocrx_word' id='word_1_224' title='bbox 1515 2585 1567 2655; x_wconf 84' lang='lat' dir='ltr'><strong>ipoi</strong></span> <span class='ocrx_word' id='word_1_225' title='bbox 1585 2584 1634 2641; x_wconf 81' lang='lat' dir='ltr'><strong>GA</strong></span> 
     </span>
     <span class='ocr_line' id='line_1_22' title="bbox 280 2664 1634 2736; baseline 0.003 -19"><span class='ocrx_word' id='word_1_226' title='bbox 280 2664 441 2732; x_wconf 73' lang='lat' dir='ltr'><strong>propositae.</strong></span> <span class='ocrx_word' id='word_1_227' title='bbox 477 2664 538 2718; x_wconf 84' lang='lat' dir='ltr'><strong>Hae</strong></span> <span class='ocrx_word' id='word_1_228' title='bbox 561 2680 626 2719; x_wconf 86' lang='lat' dir='ltr'><strong>rero</strong></span> <span class='ocrx_word' id='word_1_229' title='bbox 644 2672 709 2721; x_wconf 86' lang='lat' dir='ltr'><strong>anot</strong></span> <span class='ocrx_word' id='word_1_230' title='bbox 726 2674 809 2723; x_wconf 90' lang='lat' dir='ltr'><strong>uotae</strong></span> <span class='ocrx_word' id='word_1_231' title='bbox 833 2667 936 2736; x_wconf 86' lang='lat' dir='ltr'><strong>opeoiei</strong></span> <span class='ocrx_word' id='word_1_232' title='bbox 952 2676 1068 2736; x_wconf 78' lang='lat' dir='ltr'><strong>quartae</strong></span> <span class='ocrx_word' id='word_1_233' title='bbox 1094 2668 1275 2735; x_wconf 84' lang='lat' dir='ltr'><strong>binominum,</strong></span> <span class='ocrx_word' id='word_1_234' title='bbox 1302 2668 1331 2723; x_wconf 90' lang='lat' dir='ltr'><strong>in</strong></span> <span class='ocrx_word' id='word_1_235' title='bbox 1348 2664 1552 2727; x_wconf 77' lang='lat' dir='ltr'><strong>deduioonibua</strong></span> <span class='ocrx_word' id='word_1_236' title='bbox 1569 2671 1634 2721; x_wconf 85' lang='lat' dir='ltr'><strong>aute</strong></span> 
     </span>
     <span class='ocr_line' id='line_1_23' title="bbox 281 2736 1539 2814; baseline 0.008 -19"><span class='ocrx_word' id='word_1_237' title='bbox 281 2758 350 2811; x_wconf 83' lang='lat' dir='ltr'><strong>prop.</strong></span> <span class='ocrx_word' id='word_1_238' title='bbox 368 2742 413 2801; x_wconf 77' lang='lat' dir='ltr'><strong>ti,</strong></span> <span class='ocrx_word' id='word_1_239' title='bbox 432 2747 462 2796; x_wconf 86' lang='lat' dir='ltr'><strong>et</strong></span> <span class='ocrx_word' id='word_1_240' title='bbox 479 2750 675 2814; x_wconf 71' lang='lat' dir='ltr'><strong>apotomarom¹</strong></span> <span class='ocrx_word' id='word_1_241' title='bbox 693 2751 757 2799; x_wconf 80' lang='lat' dir='ltr'><strong>aute</strong></span> <span class='ocrx_word' id='word_1_242' title='bbox 775 2757 853 2814; x_wconf 90' lang='lat' dir='ltr'><strong>prop.</strong></span> <span class='ocrx_word' id='word_1_243' title='bbox 871 2736 915 2800; x_wconf 75' lang='grc'><strong>85.</strong></span> <span class='ocrx_word' id='word_1_244' title='bbox 934 2744 1031 2801; x_wconf 76' lang='lat' dir='ltr'><strong>decimi</strong></span> <span class='ocrx_word' id='word_1_245' title='bbox 1047 2744 1179 2814; x_wconf 72' lang='lat' dir='ltr'><strong>Euelldie.</strong></span> <span class='ocrx_word' id='word_1_246' title='bbox 1535 2744 1539 2749; x_wconf 65' lang='grc'><em>“</em></span> 
     </span>
    </p>

    <p class='ocr_par' dir='ltr' id='par_1_10' title="bbox 278 2820 1634 3286">
     <span class='ocr_line' id='line_1_24' title="bbox 358 2820 1633 2895; baseline 0 -20"><span class='ocrx_word' id='word_1_247' title='bbox 358 2820 487 2888; x_wconf 86' lang='lat' dir='ltr'><strong>Denique</strong></span> <span class='ocrx_word' id='word_1_248' title='bbox 506 2821 531 2876; x_wconf 87' lang='lat' dir='ltr'><strong>oi</strong></span> <span class='ocrx_word' id='word_1_249' title='bbox 549 2821 598 2876; x_wconf 83' lang='lat' dir='ltr'><strong>GA</strong></span> <span class='ocrx_word' id='word_1_250' title='bbox 615 2821 731 2880; x_wconf 74' lang='lat' dir='ltr'><strong>effabilia</strong></span> <span class='ocrx_word' id='word_1_251' title='bbox 749 2823 858 2878; x_wconf 63' lang='lat' dir='ltr'><strong>oeootu‘r</strong></span> <span class='ocrx_word' id='word_1_252' title='bbox 874 2824 1132 2895; x_wconf 72' lang='lat' dir='ltr'><strong>proportionaliter,</strong></span> <span class='ocrx_word' id='word_1_253' title='bbox 1150 2840 1214 2895; x_wconf 84' lang='lat' dir='ltr'><strong>pare</strong></span> <span class='ocrx_word' id='word_1_254' title='bbox 1232 2824 1292 2893; x_wconf 76' lang='lat' dir='ltr'><strong>qius</strong></span> <span class='ocrx_word' id='word_1_255' title='bbox 1310 2822 1397 2893; x_wconf 88' lang='lat' dir='ltr'><strong>major</strong></span> <span class='ocrx_word' id='word_1_256' title='bbox 1413 2820 1462 2877; x_wconf 81' lang='grc' dir='ltr'><strong>ΟΔ</strong></span> <span class='ocrx_word' id='word_1_257' title='bbox 1480 2828 1508 2876; x_wconf 87' lang='lat' dir='ltr'><strong>et</strong></span> <span class='ocrx_word' id='word_1_258' title='bbox 1525 2836 1633 2889; x_wconf 89' lang='lat' dir='ltr'><strong>oompo·</strong></span> 
     </span>
     <span class='ocr_line' id='line_1_25' title="bbox 280 2898 1633 2975; baseline -0.001 -20"><span class='ocrx_word' id='word_1_259' title='bbox 280 2903 326 2956; x_wconf 76' lang='lat' dir='ltr'><strong>sita</strong></span> <span class='ocrx_word' id='word_1_260' title='bbox 341 2916 377 2954; x_wconf 84' lang='lat' dir='ltr'><strong>ex</strong></span> <span class='ocrx_word' id='word_1_261' title='bbox 395 2906 514 2969; x_wconf 77' lang='lat' dir='ltr'><strong>utroquo</strong></span> <span class='ocrx_word' id='word_1_262' title='bbox 531 2901 589 2969; x_wconf 86' lang='lat' dir='ltr'><strong>0A,</strong></span> <span class='ocrx_word' id='word_1_263' title='bbox 606 2902 656 2957; x_wconf 82' lang='lat' dir='ltr'><strong>AG</strong></span> <span class='ocrx_word' id='word_1_264' title='bbox 673 2899 819 2957; x_wconf 87' lang='lat' dir='ltr'><strong>eadunt&#39;iu</strong></span> <span class='ocrx_word' id='word_1_265' title='bbox 837 2902 951 2969; x_wconf 72' lang='lat' dir='ltr'><strong>gradum</strong></span> <span class='ocrx_word' id='word_1_266' title='bbox 969 2903 1098 2959; x_wconf 75' lang='lat' dir='ltr'><strong>roieudae</strong></span> <span class='ocrx_word' id='word_1_267' title='bbox 1116 2903 1248 2975; x_wconf 87' lang='lat' dir='ltr'><strong>quintum.</strong></span> <span class='ocrx_word' id='word_1_268' title='bbox 1274 2902 1344 2959; x_wconf 84' lang='lat' dir='ltr'><strong>Mam</strong></span> <span class='ocrx_word' id='word_1_269' title='bbox 1363 2900 1496 2971; x_wconf 85' lang='lat' dir='ltr'><strong>quadrata</strong></span> <span class='ocrx_word' id='word_1_270' title='bbox 1512 2898 1633 2969; x_wconf 76' lang='lat' dir='ltr'><strong>ipsarum</strong></span> 
     </span>
     <span class='ocr_line' id='line_1_26' title="bbox 278 2978 1632 3053; baseline -0.001 -19"><span class='ocrx_word' id='word_1_271' title='bbox 278 2982 367 3048; x_wconf 77' lang='lat' dir='ltr'><strong>juncta</strong></span> <span class='ocrx_word' id='word_1_272' title='bbox 384 2994 519 3035; x_wconf 79' lang='lat' dir='ltr'><strong>summm</strong></span> <span class='ocrx_word' id='word_1_273' title='bbox 537 2980 641 3036; x_wconf 83' lang='lat' dir='ltr'><strong>iaciunt</strong></span> <span class='ocrx_word' id='word_1_274' title='bbox 659 2980 804 3045; x_wconf 73' lang='lat' dir='ltr'><strong>affabilem,</strong></span> <span class='ocrx_word' id='word_1_275' title='bbox 821 2982 933 3051; x_wconf 88' lang='lat' dir='ltr'><strong>triplum</strong></span> <span class='ocrx_word' id='word_1_276' title='bbox 951 2982 1054 3039; x_wconf 85' lang='lat' dir='ltr'><strong>oerlieet</strong></span> <span class='ocrx_word' id='word_1_277' title='bbox 1071 2984 1159 3053; x_wconf 83' lang='lat' dir='ltr'><strong>ipaiue</strong></span> <span class='ocrx_word' id='word_1_278' title='bbox 1178 2983 1227 3039; x_wconf 83' lang='lat' dir='ltr'><strong>GA</strong></span> <span class='ocrx_word' id='word_1_279' title='bbox 1245 2978 1368 3051; x_wconf 78' lang='lat' dir='ltr'><strong>effabilia,</strong></span> <span class='ocrx_word' id='word_1_280' title='bbox 1386 2994 1435 3051; x_wconf 88' lang='lat' dir='ltr'><strong>per</strong></span> <span class='ocrx_word' id='word_1_281' title='bbox 1451 2980 1559 3035; x_wconf 76' lang='lat' dir='ltr'><strong>inito</strong></span> <span class='ocrx_word' id='word_1_282' title='bbox 1576 2978 1632 3033; x_wconf 81' lang='lat' dir='ltr'><strong>Eu·</strong></span> 
     </span>
     <span class='ocr_line' id='line_1_27' title="bbox 281 3056 1632 3139; baseline 0 -26"><span class='ocrx_word' id='word_1_283' title='bbox 281 3060 358 3115; x_wconf 71' lang='lat' dir='ltr'><strong>tidie</strong></span> <span class='ocrx_word' id='word_1_284' title='bbox 385 3059 588 3128; x_wconf 71' lang='lat' dir='ltr'><strong>Reconguiom</strong></span> <span class='ocrx_word' id='word_1_285' title='bbox 604 3074 668 3117; x_wconf 81' lang='lat' dir='ltr'><strong>vero</strong></span> <span class='ocrx_word' id='word_1_286' title='bbox 684 3060 768 3116; x_wconf 87' lang='lat' dir='ltr'><strong>otium</strong></span> <span class='ocrx_word' id='word_1_287' title='bbox 787 3060 895 3139; x_wconf 65' lang='lat' dir='ltr'><strong>effutite</strong></span> <span class='ocrx_word' id='word_1_288' title='bbox 912 3059 952 3132; x_wconf 80' lang='lat' dir='ltr'><strong>it,</strong></span> <span class='ocrx_word' id='word_1_289' title='bbox 971 3063 1036 3133; x_wconf 79' lang='lat' dir='ltr'><strong>quin</strong></span> <span class='ocrx_word' id='word_1_290' title='bbox 1053 3069 1097 3119; x_wconf 85' lang='lat' dir='ltr'><strong>eet</strong></span> <span class='ocrx_word' id='word_1_291' title='bbox 1112 3062 1228 3134; x_wconf 82' lang='lat' dir='ltr'><strong>uequrdo</strong></span> <span class='ocrx_word' id='word_1_292' title='bbox 1245 3061 1380 3132; x_wconf 82' lang='lat' dir='ltr'><strong>quadrato</strong></span> <span class='ocrx_word' id='word_1_293' title='bbox 1396 3059 1482 3131; x_wconf 81' lang='lat' dir='ltr'><strong>lpoiuo</strong></span> <span class='ocrx_word' id='word_1_294' title='bbox 1500 3058 1549 3115; x_wconf 77' lang='lat' dir='ltr'><strong>(ll</strong></span> <span class='ocrx_word' id='word_1_295' title='bbox 1568 3056 1632 3113; x_wconf 85' lang='lat' dir='ltr'><strong>eila·</strong></span> 
     </span>
     <span class='ocr_line' id='line_1_28' title="bbox 280 3131 1634 3214; baseline 0.002 -21"><span class='ocrx_word' id='word_1_296' title='bbox 280 3138 332 3207; x_wconf 82' lang='lat' dir='ltr'><strong>tii,</strong></span> <span class='ocrx_word' id='word_1_297' title='bbox 355 3154 420 3193; x_wconf 87' lang='lat' dir='ltr'><strong>eum</strong></span> <span class='ocrx_word' id='word_1_298' title='bbox 438 3138 476 3193; x_wconf 81' lang='lat' dir='ltr'><strong>ott</strong></span> <span class='ocrx_word' id='word_1_299' title='bbox 492 3137 543 3195; x_wconf 79' lang='lat' dir='ltr'><strong>GA</strong></span> <span class='ocrx_word' id='word_1_300' title='bbox 559 3139 650 3197; x_wconf 84' lang='lat' dir='ltr'><strong>medlo</strong></span> <span class='ocrx_word' id='word_1_301' title='bbox 665 3131 878 3211; x_wconf 74' lang='lat' dir='ltr'><strong>proportionalia</strong></span> <span class='ocrx_word' id='word_1_302' title='bbox 895 3142 967 3198; x_wconf 89' lang='lat' dir='ltr'><strong>inter</strong></span> <span class='ocrx_word' id='word_1_303' title='bbox 983 3141 1032 3198; x_wconf 81' lang='grc' dir='ltr'><strong>ΟΔ</strong></span> <span class='ocrx_word' id='word_1_304' title='bbox 1049 3148 1155 3214; x_wconf 87' lang='lat' dir='ltr'><strong>purtem</strong></span> <span class='ocrx_word' id='word_1_305' title='bbox 1174 3148 1202 3199; x_wconf 87' lang='lat' dir='ltr'><strong>et</strong></span> <span class='ocrx_word' id='word_1_306' title='bbox 1219 3142 1280 3213; x_wconf 79' lang='grc' dir='ltr'><strong>ΟΛ,</strong></span> <span class='ocrx_word' id='word_1_307' title='bbox 1303 3141 1353 3199; x_wconf 82' lang='lat' dir='ltr'><strong>AG</strong></span> <span class='ocrx_word' id='word_1_308' title='bbox 1372 3140 1562 3212; x_wconf 76' lang='lat' dir='ltr'><strong>compositam,</strong></span> <span class='ocrx_word' id='word_1_309' title='bbox 1585 3150 1634 3209; x_wconf 79' lang='lat' dir='ltr'><strong>pet·</strong></span> 
     </span>
     <span class='ocr_line' id='line_1_29' title="bbox 279 3218 817 3286; baseline 0.002 0"><span class='ocrx_word' id='word_1_310' title='bbox 279 3218 424 3286; x_wconf 63' lang='lat' dir='ltr'><strong>mm</strong></span> <span class='ocrx_word' id='word_1_311' title='bbox 438 3219 470 3281; x_wconf 79' lang='lat' dir='ltr'><strong>‘i</strong></span> <span class='ocrx_word' id='word_1_312' title='bbox 813 3218 817 3224; x_wconf 84' lang='lat'>&#39;</span> 
     </span>
    </p>

    <p class='ocr_par' dir='ltr' id='par_1_11' title="bbox 280 3306 1634 3483">
     <span class='ocr_line' id='line_1_30' title="bbox 359 3306 1634 3394; baseline 0.003 -27"><span class='ocrx_word' id='word_1_313' title='bbox 359 3306 515 3371; x_wconf 82' lang='lat' dir='ltr'>XXVIII.</span> <span class='ocrx_word' id='word_1_314' title='bbox 538 3309 775 3387; x_wconf 79' lang='lat' dir='ltr'><strong>Proponitio.</strong></span> <span class='ocrx_word' id='word_1_315' title='bbox 820 3314 968 3390; x_wconf 84' lang='lat' dir='ltr'><strong>Vieiaoim,</strong></span> <span class='ocrx_word' id='word_1_316' title='bbox 991 3316 1017 3375; x_wconf 85' lang='lat' dir='ltr'><strong>&#39;ai</strong></span> <span class='ocrx_word' id='word_1_317' title='bbox 1038 3314 1140 3394; x_wconf 81' lang='lat' dir='ltr'><strong>aliqua</strong></span> <span class='ocrx_word' id='word_1_318' title='bbox 1162 3314 1287 3377; x_wconf 75' lang='lat' dir='ltr'><strong>effabilia</strong></span> <span class='ocrx_word' id='word_1_319' title='bbox 1309 3310 1492 3391; x_wconf 77' lang='lat' dir='ltr'><strong>longitudino</strong></span> <span class='ocrx_word' id='word_1_320' title='bbox 1506 3312 1550 3373; x_wconf 86' lang='lat' dir='ltr'><strong>eie</strong></span> <span class='ocrx_word' id='word_1_321' title='bbox 1563 3324 1634 3388; x_wconf 88' lang='lat' dir='ltr'><strong>pro·</strong></span> 
     </span>
     <span class='ocr_line' id='line_1_31' title="bbox 280 3394 1486 3483; baseline 0.001 -26"><span class='ocrx_word' id='word_1_322' title='bbox 280 3394 480 3475; x_wconf 87' lang='lat' dir='ltr'><strong>portiooaiiter</strong></span> <span class='ocrx_word' id='word_1_323' title='bbox 501 3398 588 3458; x_wconf 88' lang='lat' dir='ltr'><strong>inerit</strong></span> <span class='ocrx_word' id='word_1_324' title='bbox 611 3405 701 3475; x_wconf 64' lang='lat' dir='ltr'><strong>teoto,</strong></span> <span class='ocrx_word' id='word_1_325' title='bbox 724 3417 793 3477; x_wconf 86' lang='lat' dir='ltr'><strong>paro</strong></span> <span class='ocrx_word' id='word_1_326' title='bbox 817 3402 882 3481; x_wconf 85' lang='lat' dir='ltr'><strong>ejoe</strong></span> <span class='ocrx_word' id='word_1_327' title='bbox 903 3406 999 3463; x_wconf 88' lang='lat' dir='ltr'><strong>minor</strong></span> <span class='ocrx_word' id='word_1_328' title='bbox 1019 3400 1053 3464; x_wconf 84' lang='lat' dir='ltr'><strong>ili</strong></span> <span class='ocrx_word' id='word_1_329' title='bbox 1075 3410 1213 3483; x_wconf 77' lang='lat' dir='ltr'><strong>apotome</strong></span> <span class='ocrx_word' id='word_1_330' title='bbox 1235 3404 1346 3480; x_wconf 84' lang='lat' dir='ltr'><strong>primae</strong></span> <span class='ocrx_word' id='word_1_331' title='bbox 1369 3402 1486 3479; x_wconf 85' lang='lat' dir='ltr'><strong>opeeiei.</strong></span> 
     </span>
    </p>
   </div>
   <div class='ocr_carea' id='block_1_7' title="bbox 279 3495 1635 5327">
    <p class='ocr_par' dir='ltr' id='par_1_12' title="bbox 280 3495 1633 3650">
     <span class='ocr_line' id='line_1_32' title="bbox 361 3495 1633 3573; baseline 0.001 -21"><span class='ocrx_word' id='word_1_332' title='bbox 361 3495 402 3552; x_wconf 85' lang='lat' dir='ltr'><strong>Ut</strong></span> <span class='ocrx_word' id='word_1_333' title='bbox 419 3498 445 3552; x_wconf 88' lang='lat' dir='ltr'><strong>ei</strong></span> <span class='ocrx_word' id='word_1_334' title='bbox 461 3496 578 3553; x_wconf 84' lang='lat' dir='ltr'><strong>eiiobssie</strong></span> <span class='ocrx_word' id='word_1_335' title='bbox 596 3497 633 3553; x_wconf 85' lang='lat' dir='ltr'><strong>eit</strong></span> <span class='ocrx_word' id='word_1_336' title='bbox 650 3495 698 3551; x_wconf 78' lang='lat' dir='ltr'><strong>uA</strong></span> <span class='ocrx_word' id='word_1_337' title='bbox 715 3504 747 3553; x_wconf 89' lang='lat' dir='ltr'><strong>ut</strong></span> <span class='ocrx_word' id='word_1_338' title='bbox 764 3506 858 3569; x_wconf 82' lang='lat' dir='ltr'><strong>antea,</strong></span> <span class='ocrx_word' id='word_1_339' title='bbox 886 3508 914 3571; x_wconf 80' lang='lat' dir='ltr'><strong>ei</strong></span> <span class='ocrx_word' id='word_1_340' title='bbox 937 3503 997 3572; x_wconf 87' lang='lat' dir='ltr'><strong>ejuo</strong></span> <span class='ocrx_word' id='word_1_341' title='bbox 1016 3510 1108 3559; x_wconf 82' lang='lat' dir='ltr'><strong>aeetae</strong></span> <span class='ocrx_word' id='word_1_342' title='bbox 1133 3500 1374 3573; x_wconf 86' lang='lat' dir='ltr'><strong>proportionaliter</strong></span> <span class='ocrx_word' id='word_1_343' title='bbox 1391 3515 1455 3571; x_wconf 87' lang='lat' dir='ltr'><strong>pare</strong></span> <span class='ocrx_word' id='word_1_344' title='bbox 1472 3498 1563 3570; x_wconf 73' lang='lat' dir='ltr'><strong>maior.</strong></span> <span class='ocrx_word' id='word_1_345' title='bbox 1577 3495 1633 3569; x_wconf 85' lang='lat' dir='ltr'><strong>AO,</strong></span> 
     </span>
     <span class='ocr_line' id='line_1_33' title="bbox 280 3572 1134 3650; baseline 0.005 -16"><span class='ocrx_word' id='word_1_346' title='bbox 280 3579 361 3634; x_wconf 88' lang='lat' dir='ltr'><strong>minor</strong></span> <span class='ocrx_word' id='word_1_347' title='bbox 379 3576 441 3645; x_wconf 82' lang='lat' dir='ltr'><strong>OG,</strong></span> <span class='ocrx_word' id='word_1_348' title='bbox 461 3577 514 3631; x_wconf 85' lang='lat' dir='ltr'><strong>orit</strong></span> <span class='ocrx_word' id='word_1_349' title='bbox 531 3578 613 3636; x_wconf 82' lang='lat' dir='ltr'><strong>etiam</strong></span> <span class='ocrx_word' id='word_1_350' title='bbox 630 3574 681 3637; x_wconf 85' lang='lat' dir='ltr'><strong>oo</strong></span> <span class='ocrx_word' id='word_1_351' title='bbox 697 3572 823 3647; x_wconf 87' lang='lat' dir='ltr'><strong>apotome</strong></span> <span class='ocrx_word' id='word_1_352' title='bbox 841 3578 927 3647; x_wconf 88' lang='lat' dir='ltr'>(XIII.</span> <span class='ocrx_word' id='word_1_353' title='bbox 945 3582 970 3636; x_wconf 86' lang='grc'><strong>6.</strong></span> <span class='ocrx_word' id='word_1_354' title='bbox 989 3578 1134 3650; x_wconf 81' lang='lat' dir='ltr'><strong>lloolidis).</strong></span> 
     </span>
    </p>

    <p class='ocr_par' dir='ltr' id='par_1_13' title="bbox 279 3650 1635 4517">
     <span class='ocr_line' id='line_1_34' title="bbox 360 3650 1634 3729; baseline -0.004 -16"><span class='ocrx_word' id='word_1_355' title='bbox 360 3658 483 3713; x_wconf 78' lang='lat' dir='ltr'><strong>Burrum</strong></span> <span class='ocrx_word' id='word_1_356' title='bbox 500 3661 592 3709; x_wconf 83' lang='lat' dir='ltr'><strong>autem</strong></span> <span class='ocrx_word' id='word_1_357' title='bbox 609 3654 657 3711; x_wconf 87' lang='grc'><strong>00</strong></span> <span class='ocrx_word' id='word_1_358' title='bbox 675 3656 775 3715; x_wconf 88' lang='lat' dir='ltr'><strong>dieitur</strong></span> <span class='ocrx_word' id='word_1_359' title='bbox 797 3662 924 3727; x_wconf 87' lang='lat' dir='ltr'><strong>apotome</strong></span> <span class='ocrx_word' id='word_1_360' title='bbox 945 3658 1117 3729; x_wconf 77' lang='lat' dir='ltr'><strong>quohtutive.</strong></span> <span class='ocrx_word' id='word_1_361' title='bbox 1145 3674 1200 3718; x_wconf 91' lang='lat' dir='ltr'><strong>uon</strong></span> <span class='ocrx_word' id='word_1_362' title='bbox 1223 3657 1356 3715; x_wconf 78' lang='lat' dir='ltr'><strong>relatIone</strong></span> <span class='ocrx_word' id='word_1_363' title='bbox 1378 3656 1413 3713; x_wconf 91' lang='lat' dir='ltr'><strong>ad</strong></span> <span class='ocrx_word' id='word_1_364' title='bbox 1432 3654 1480 3711; x_wconf 87' lang='lat' dir='ltr'><strong>GA</strong></span> <span class='ocrx_word' id='word_1_365' title='bbox 1499 3650 1634 3711; x_wconf 78' lang='lat' dir='ltr'><strong>effabilern</strong></span> 
     </span>
     <span class='ocr_line' id='line_1_35' title="bbox 280 3732 1634 3809; baseline -0.004 -16"><span class='ocrx_word' id='word_1_366' title='bbox 280 3736 451 3806; x_wconf 75' lang='lat' dir='ltr'><strong>longitudine,</strong></span> <span class='ocrx_word' id='word_1_367' title='bbox 468 3736 549 3805; x_wconf 74' lang='lat' dir='ltr'><strong>oqjuo</strong></span> <span class='ocrx_word' id='word_1_368' title='bbox 567 3742 691 3805; x_wconf 76' lang='lat' dir='ltr'><strong>estpars</strong></span> <span class='ocrx_word' id='word_1_369' title='bbox 702 3737 799 3803; x_wconf 86' lang='lat' dir='ltr'><strong>minor,</strong></span> <span class='ocrx_word' id='word_1_370' title='bbox 816 3751 868 3792; x_wconf 91' lang='lat' dir='ltr'><strong>neo</strong></span> <span class='ocrx_word' id='word_1_371' title='bbox 884 3736 1019 3793; x_wconf 83' lang='lat' dir='ltr'><strong>relatione</strong></span> <span class='ocrx_word' id='word_1_372' title='bbox 1034 3736 1070 3793; x_wconf 91' lang='lat' dir='ltr'><strong>ad</strong></span> <span class='ocrx_word' id='word_1_373' title='bbox 1088 3738 1143 3795; x_wconf 86' lang='lat' dir='ltr'><strong>MG</strong></span> <span class='ocrx_word' id='word_1_374' title='bbox 1155 3737 1198 3795; x_wconf 83' lang='lat' dir='ltr'><strong>vel</strong></span> <span class='ocrx_word' id='word_1_375' title='bbox 1210 3738 1271 3809; x_wconf 84' lang='lat' dir='ltr'><strong>MP,</strong></span> <span class='ocrx_word' id='word_1_376' title='bbox 1289 3739 1368 3807; x_wconf 74' lang='lat' dir='ltr'><strong>enjus</strong></span> <span class='ocrx_word' id='word_1_377' title='bbox 1385 3737 1446 3807; x_wconf 84' lang='lat' dir='ltr'><strong>ipsa</strong></span> <span class='ocrx_word' id='word_1_378' title='bbox 1462 3733 1509 3791; x_wconf 91' lang='lat' dir='ltr'><strong>AO</strong></span> <span class='ocrx_word' id='word_1_379' title='bbox 1527 3732 1570 3789; x_wconf 80' lang='lat' dir='ltr'><strong>rel</strong></span> <span class='ocrx_word' id='word_1_380' title='bbox 1587 3732 1634 3787; x_wconf 82' lang='grc' dir='ltr'><strong>ΑΡ</strong></span> 
     </span>
     <span class='ocr_line' id='line_1_36' title="bbox 279 3810 1633 3886; baseline -0.006 -13"><span class='ocrx_word' id='word_1_381' title='bbox 279 3824 315 3873; x_wconf 78' lang='lat' dir='ltr'><strong>eat</strong></span> <span class='ocrx_word' id='word_1_382' title='bbox 331 3822 475 3885; x_wconf 75' lang='lat' dir='ltr'><strong>apotome,</strong></span> <span class='ocrx_word' id='word_1_383' title='bbox 502 3813 551 3868; x_wconf 82' lang='lat' dir='ltr'><strong>sed</strong></span> <span class='ocrx_word' id='word_1_384' title='bbox 569 3814 654 3871; x_wconf 86' lang='lat' dir='ltr'><strong>habet</strong></span> <span class='ocrx_word' id='word_1_385' title='bbox 671 3814 719 3871; x_wconf 88' lang='lat' dir='ltr'><strong>GO</strong></span> <span class='ocrx_word' id='word_1_386' title='bbox 736 3815 845 3870; x_wconf 86' lang='lat' dir='ltr'><strong>uomina</strong></span> <span class='ocrx_word' id='word_1_387' title='bbox 868 3816 1025 3885; x_wconf 86' lang='lat' dir='ltr'><strong>peculiaria.</strong></span> <span class='ocrx_word' id='word_1_388' title='bbox 1063 3817 1130 3873; x_wconf 81' lang='lat' dir='ltr'><strong>Cum</strong></span> <span class='ocrx_word' id='word_1_389' title='bbox 1149 3816 1219 3871; x_wconf 85' lang='lat' dir='ltr'><strong>euim</strong></span> <span class='ocrx_word' id='word_1_390' title='bbox 1242 3830 1292 3885; x_wconf 89' lang='lat' dir='ltr'><strong>per</strong></span> <span class='ocrx_word' id='word_1_391' title='bbox 1310 3816 1345 3871; x_wconf 89' lang='lat' dir='ltr'><strong>X.</strong></span> <span class='ocrx_word' id='word_1_392' title='bbox 1367 3814 1409 3871; x_wconf 79' lang='grc'><strong>97.</strong></span> <span class='ocrx_word' id='word_1_393' title='bbox 1427 3810 1549 3869; x_wconf 80' lang='lat' dir='ltr'><strong>Euclidie</strong></span> <span class='ocrx_word' id='word_1_394' title='bbox 1567 3826 1633 3886; x_wconf 84' lang='lat' dir='ltr'><strong>qua-</strong></span> 
     </span>
     <span class='ocr_line' id='line_1_37' title="bbox 279 3892 1635 3965; baseline 0.001 -13"><span class='ocrx_word' id='word_1_395' title='bbox 279 3897 383 3952; x_wconf 89' lang='lat' dir='ltr'><strong>dratum</strong></span> <span class='ocrx_word' id='word_1_396' title='bbox 401 3894 588 3963; x_wconf 73' lang='lat' dir='ltr'><strong>cuiuscunque</strong></span> <span class='ocrx_word' id='word_1_397' title='bbox 607 3900 747 3961; x_wconf 79' lang='lat' dir='ltr'><strong>apotomes</strong></span> <span class='ocrx_word' id='word_1_398' title='bbox 764 3900 793 3947; x_wconf 89' lang='lat' dir='ltr'><strong>et</strong></span> <span class='ocrx_word' id='word_1_399' title='bbox 808 3892 849 3948; x_wconf 86' lang='lat' dir='ltr'><strong>oie</strong></span> <span class='ocrx_word' id='word_1_400' title='bbox 867 3895 948 3952; x_wconf 83' lang='lat' dir='ltr'><strong>etiam</strong></span> <span class='ocrx_word' id='word_1_401' title='bbox 965 3894 1128 3965; x_wconf 83' lang='lat' dir='ltr'><strong>quadratum</strong></span> <span class='ocrx_word' id='word_1_402' title='bbox 1146 3894 1203 3961; x_wconf 86' lang='grc' dir='ltr'><strong>ΡΟ,</strong></span> <span class='ocrx_word' id='word_1_403' title='bbox 1223 3903 1365 3951; x_wconf 83' lang='lat' dir='ltr'><strong>extensum</strong></span> <span class='ocrx_word' id='word_1_404' title='bbox 1383 3892 1417 3949; x_wconf 87' lang='lat' dir='ltr'><strong>ad</strong></span> <span class='ocrx_word' id='word_1_405' title='bbox 1436 3892 1572 3949; x_wconf 84' lang='lat' dir='ltr'><strong>effabilem</strong></span> <span class='ocrx_word' id='word_1_406' title='bbox 1591 3894 1635 3962; x_wconf 85' lang='lat' dir='ltr'><strong>(ut</strong></span> 
     </span>
     <span class='ocr_line' id='line_1_38' title="bbox 279 3968 1635 4048; baseline 0.001 -22"><span class='ocrx_word' id='word_1_407' title='bbox 279 3976 317 4031; x_wconf 79' lang='lat' dir='ltr'><strong>iic</strong></span> <span class='ocrx_word' id='word_1_408' title='bbox 334 3974 373 4031; x_wconf 77' lang='lat' dir='ltr'><strong>ad</strong></span> <span class='ocrx_word' id='word_1_409' title='bbox 393 3969 451 4039; x_wconf 83' lang='lat' dir='ltr'><strong>GT,</strong></span> <span class='ocrx_word' id='word_1_410' title='bbox 469 3968 524 4039; x_wconf 79' lang='lat' dir='ltr'><strong>ipsi</strong></span> <span class='ocrx_word' id='word_1_411' title='bbox 542 3971 767 4041; x_wconf 65' lang='lat' dir='ltr'><strong>adaequalem),</strong></span> <span class='ocrx_word' id='word_1_412' title='bbox 784 3971 869 4027; x_wconf 80' lang='lat' dir='ltr'><strong>faeiat</strong></span> <span class='ocrx_word' id='word_1_413' title='bbox 885 3972 1057 4029; x_wconf 88' lang='lat' dir='ltr'><strong>latitudinem</strong></span> <span class='ocrx_word' id='word_1_414' title='bbox 1077 3972 1138 4045; x_wconf 89' lang='lat' dir='ltr'><strong>GO,</strong></span> <span class='ocrx_word' id='word_1_415' title='bbox 1156 3974 1260 4048; x_wconf 86' lang='lat' dir='ltr'><strong>primae</strong></span> <span class='ocrx_word' id='word_1_416' title='bbox 1279 3974 1379 4045; x_wconf 83' lang='lat' dir='ltr'><strong>speciei</strong></span> <span class='ocrx_word' id='word_1_417' title='bbox 1398 3980 1554 4041; x_wconf 81' lang='lat' dir='ltr'><strong>apotomen:</strong></span> <span class='ocrx_word' id='word_1_418' title='bbox 1574 3974 1635 4042; x_wconf 83' lang='lat' dir='ltr'><strong>ips&#39;a</strong></span> 
     </span>
     <span class='ocr_line' id='line_1_39' title="bbox 279 4048 1634 4122; baseline -0.001 -15"><span class='ocrx_word' id='word_1_419' title='bbox 279 4055 394 4110; x_wconf 65' lang='lat' dir='ltr'><strong>victoum</strong></span> <span class='ocrx_word' id='word_1_420' title='bbox 411 4049 462 4106; x_wconf 89' lang='lat' dir='ltr'><strong>AO</strong></span> <span class='ocrx_word' id='word_1_421' title='bbox 482 4058 540 4104; x_wconf 81' lang='lat' dir='ltr'><strong>erat</strong></span> <span class='ocrx_word' id='word_1_422' title='bbox 558 4058 684 4119; x_wconf 80' lang='lat' dir='ltr'><strong>apotome</strong></span> <span class='ocrx_word' id='word_1_423' title='bbox 700 4050 804 4120; x_wconf 76' lang='lat' dir='ltr'><strong>&#39;speclei</strong></span> <span class='ocrx_word' id='word_1_424' title='bbox 821 4059 942 4121; x_wconf 86' lang='lat' dir='ltr'><strong>quartae.</strong></span> <span class='ocrx_word' id='word_1_425' title='bbox 977 4054 1053 4109; x_wconf 80' lang='lat' dir='ltr'><strong>illiue</strong></span> <span class='ocrx_word' id='word_1_426' title='bbox 1072 4054 1155 4122; x_wconf 81' lang='lat' dir='ltr'><strong>igitur</strong></span> <span class='ocrx_word' id='word_1_427' title='bbox 1173 4050 1220 4107; x_wconf 87' lang='lat' dir='ltr'><strong>GO</strong></span> <span class='ocrx_word' id='word_1_428' title='bbox 1240 4066 1337 4107; x_wconf 87' lang='lat' dir='ltr'><strong>nomeu</strong></span> <span class='ocrx_word' id='word_1_429' title='bbox 1360 4050 1448 4119; x_wconf 84' lang='lat' dir='ltr'><strong>majus</strong></span> <span class='ocrx_word' id='word_1_430' title='bbox 1466 4056 1509 4104; x_wconf 85' lang='lat' dir='ltr'><strong>est</strong></span> <span class='ocrx_word' id='word_1_431' title='bbox 1527 4048 1634 4105; x_wconf 76' lang='lat' dir='ltr'><strong>effabile</strong></span> 
     </span>
     <span class='ocr_line' id='line_1_40' title="bbox 279 4126 1634 4203; baseline -0.006 -13"><span class='ocrx_word' id='word_1_432' title='bbox 279 4132 457 4203; x_wconf 73' lang='lat' dir='ltr'><strong>longitudine,</strong></span> <span class='ocrx_word' id='word_1_433' title='bbox 474 4130 558 4199; x_wconf 79' lang='lat' dir='ltr'><strong>liujus</strong></span> <span class='ocrx_word' id='word_1_434' title='bbox 576 4126 625 4183; x_wconf 82' lang='lat' dir='ltr'><strong>AO</strong></span> <span class='ocrx_word' id='word_1_435' title='bbox 642 4130 730 4200; x_wconf 82' lang='lat' dir='ltr'><strong>majus</strong></span> <span class='ocrx_word' id='word_1_436' title='bbox 748 4145 847 4184; x_wconf 88' lang='lat' dir='ltr'><strong>nornen</strong></span> <span class='ocrx_word' id='word_1_437' title='bbox 864 4130 917 4184; x_wconf 91' lang='lat' dir='ltr'><strong>MP</strong></span> <span class='ocrx_word' id='word_1_438' title='bbox 935 4138 994 4186; x_wconf 86' lang='lat' dir='ltr'><strong>erat</strong></span> <span class='ocrx_word' id='word_1_439' title='bbox 1012 4130 1072 4186; x_wconf 86' lang='lat' dir='ltr'><strong>oola</strong></span> <span class='ocrx_word' id='word_1_440' title='bbox 1090 4131 1213 4203; x_wconf 88' lang='lat' dir='ltr'><strong>potentia</strong></span> <span class='ocrx_word' id='word_1_441' title='bbox 1231 4126 1346 4184; x_wconf 79' lang='lat' dir='ltr'><strong>effabile.</strong></span> <span class='ocrx_word' id='word_1_442' title='bbox 1372 4128 1409 4182; x_wconf 87' lang='lat' dir='ltr'><strong>Et</strong></span> <span class='ocrx_word' id='word_1_443' title='bbox 1427 4126 1552 4195; x_wconf 75' lang='lat' dir='ltr'><strong>violarim,</strong></span> <span class='ocrx_word' id='word_1_444' title='bbox 1571 4126 1634 4195; x_wconf 88' lang='lat' dir='ltr'><strong>qula</strong></span> 
     </span>
     <span class='ocr_line' id='line_1_41' title="bbox 280 4206 1633 4280; baseline -0.007 -12"><span class='ocrx_word' id='word_1_445' title='bbox 280 4216 384 4269; x_wconf 84' lang='lat' dir='ltr'><strong>nomina</strong></span> <span class='ocrx_word' id='word_1_446' title='bbox 402 4217 469 4266; x_wconf 84' lang='lat' dir='ltr'><strong>euni</strong></span> <span class='ocrx_word' id='word_1_447' title='bbox 485 4210 545 4267; x_wconf 83' lang='lat' dir='ltr'><strong>oola</strong></span> <span class='ocrx_word' id='word_1_448' title='bbox 561 4210 684 4280; x_wconf 78' lang='lat' dir='ltr'><strong>potentin</strong></span> <span class='ocrx_word' id='word_1_449' title='bbox 695 4208 955 4280; x_wconf 79' lang='lat' dir='ltr'><strong>commensurabilia,</strong></span> <span class='ocrx_word' id='word_1_450' title='bbox 975 4217 1083 4280; x_wconf 87' lang='lat' dir='ltr'><strong>oportet</strong></span> <span class='ocrx_word' id='word_1_451' title='bbox 1094 4212 1182 4265; x_wconf 84' lang='lat' dir='ltr'><strong>minue</strong></span> <span class='ocrx_word' id='word_1_452' title='bbox 1201 4222 1299 4265; x_wconf 87' lang='lat' dir='ltr'><strong>nomen</strong></span> <span class='ocrx_word' id='word_1_453' title='bbox 1317 4222 1367 4263; x_wconf 84' lang='lat' dir='ltr'><strong>eeu</strong></span> <span class='ocrx_word' id='word_1_454' title='bbox 1385 4206 1633 4277; x_wconf 80' lang='lat' dir='ltr'><strong>prooharmoauson</strong></span> 
     </span>
     <span class='ocr_line' id='line_1_42' title="bbox 280 4283 1634 4362; baseline -0.006 -15"><span class='ocrx_word' id='word_1_455' title='bbox 280 4294 360 4362; x_wconf 80' lang='lat' dir='ltr'><strong>ipsine</strong></span> <span class='ocrx_word' id='word_1_456' title='bbox 381 4288 432 4344; x_wconf 84' lang='lat' dir='ltr'><strong>GO</strong></span> <span class='ocrx_word' id='word_1_457' title='bbox 450 4304 512 4343; x_wconf 82' lang='lat' dir='ltr'><strong>eoae</strong></span> <span class='ocrx_word' id='word_1_458' title='bbox 530 4288 589 4343; x_wconf 82' lang='lat' dir='ltr'><strong>nole</strong></span> <span class='ocrx_word' id='word_1_459' title='bbox 605 4290 728 4359; x_wconf 84' lang='lat' dir='ltr'><strong>potentia</strong></span> <span class='ocrx_word' id='word_1_460' title='bbox 745 4286 895 4345; x_wconf 84' lang='lat' dir='ltr'><strong>eilabilem:</strong></span> <span class='ocrx_word' id='word_1_461' title='bbox 914 4306 976 4347; x_wconf 86' lang='lat' dir='ltr'><strong>eum</strong></span> <span class='ocrx_word' id='word_1_462' title='bbox 993 4288 1080 4359; x_wconf 74' lang='lat' dir='ltr'><strong>ipsius</strong></span> <span class='ocrx_word' id='word_1_463' title='bbox 1097 4288 1145 4343; x_wconf 81' lang='lat' dir='ltr'><strong>io</strong></span> <span class='ocrx_word' id='word_1_464' title='bbox 1163 4302 1261 4345; x_wconf 86' lang='lat' dir='ltr'><strong>nornen</strong></span> <span class='ocrx_word' id='word_1_465' title='bbox 1278 4286 1367 4342; x_wconf 84' lang='lat' dir='ltr'><strong>miuus</strong></span> <span class='ocrx_word' id='word_1_466' title='bbox 1385 4286 1439 4342; x_wconf 91' lang='lat' dir='ltr'><strong>AM</strong></span> <span class='ocrx_word' id='word_1_467' title='bbox 1458 4290 1531 4342; x_wconf 78' lang='lat' dir='ltr'><strong>estet</strong></span> <span class='ocrx_word' id='word_1_468' title='bbox 1548 4283 1634 4355; x_wconf 75' lang='lat' dir='ltr'><strong>longi·</strong></span> 
     </span>
     <span class='ocr_line' id='line_1_43' title="bbox 281 4362 1635 4437; baseline -0.005 -12"><span class='ocrx_word' id='word_1_469' title='bbox 281 4370 367 4425; x_wconf 88' lang='lat' dir='ltr'><strong>tudine</strong></span> <span class='ocrx_word' id='word_1_470' title='bbox 386 4366 512 4427; x_wconf 59' lang='lat' dir='ltr'><strong>&amp;obiter</strong></span> <span class='ocrx_word' id='word_1_471' title='bbox 539 4367 650 4436; x_wconf 86' lang='lat' dir='ltr'><strong>utrique</strong></span> <span class='ocrx_word' id='word_1_472' title='bbox 666 4373 757 4421; x_wconf 87' lang='lat' dir='ltr'><strong>tamen</strong></span> <span class='ocrx_word' id='word_1_473' title='bbox 773 4365 828 4421; x_wconf 83' lang='lat' dir='ltr'><strong>loo</strong></span> <span class='ocrx_word' id='word_1_474' title='bbox 845 4375 946 4433; x_wconf 82' lang='lat' dir='ltr'><strong>manet,</strong></span> <span class='ocrx_word' id='word_1_475' title='bbox 969 4368 1042 4437; x_wconf 92' lang='lat' dir='ltr'><strong>qnod</strong></span> <span class='ocrx_word' id='word_1_476' title='bbox 1060 4366 1213 4425; x_wconf 77' lang='lat' dir='ltr'><strong>differentia</strong></span> <span class='ocrx_word' id='word_1_477' title='bbox 1237 4366 1430 4435; x_wconf 82' lang='lat' dir='ltr'><strong>quadratorum</strong></span> <span class='ocrx_word' id='word_1_478' title='bbox 1448 4382 1467 4422; x_wconf 86' lang='lat' dir='ltr'><strong>u</strong></span> <span class='ocrx_word' id='word_1_479' title='bbox 1482 4362 1635 4421; x_wconf 78' lang='lat' dir='ltr'><strong>nominibus</strong></span> 
     </span>
     <span class='ocr_line' id='line_1_44' title="bbox 282 4443 1169 4517; baseline -0.001 -17"><span class='ocrx_word' id='word_1_480' title='bbox 282 4449 475 4517; x_wconf 71' lang='lat' dir='ltr'><strong>ioaofiptorum</strong></span> <span class='ocrx_word' id='word_1_481' title='bbox 492 4445 529 4499; x_wconf 85' lang='lat' dir='ltr'><strong>sit</strong></span> <span class='ocrx_word' id='word_1_482' title='bbox 546 4443 708 4514; x_wconf 80' lang='lat' dir='ltr'><strong>quadratum</strong></span> <span class='ocrx_word' id='word_1_483' title='bbox 725 4443 840 4512; x_wconf 73' lang='lat' dir='ltr'><strong>aiionjuo</strong></span> <span class='ocrx_word' id='word_1_484' title='bbox 858 4446 975 4503; x_wconf 77' lang='lat' dir='ltr'><strong>effabilia</strong></span> <span class='ocrx_word' id='word_1_485' title='bbox 992 4446 1169 4517; x_wconf 73' lang='lat' dir='ltr'><strong>longitudine.</strong></span> 
     </span>
    </p>

    <p class='ocr_par' dir='ltr' id='par_1_14' title="bbox 283 4519 1635 5147">
     <span class='ocr_line' id='line_1_45' title="bbox 360 4519 1634 4597; baseline -0.003 -18"><span class='ocrx_word' id='word_1_486' title='bbox 360 4526 442 4594; x_wconf 69' lang='lat' dir='ltr'><strong>Quae</strong></span> <span class='ocrx_word' id='word_1_487' title='bbox 459 4536 552 4579; x_wconf 82' lang='lat' dir='ltr'><strong>autem</strong></span> <span class='ocrx_word' id='word_1_488' title='bbox 563 4519 712 4593; x_wconf 76' lang='lat' dir='ltr'><strong>oiuthuJ&#39;uo</strong></span> <span class='ocrx_word' id='word_1_489' title='bbox 724 4521 781 4595; x_wconf 84' lang='grc'><strong>00,</strong></span> <span class='ocrx_word' id='word_1_490' title='bbox 798 4528 902 4597; x_wconf 85' lang='lat' dir='ltr'><strong>primae</strong></span> <span class='ocrx_word' id='word_1_491' title='bbox 919 4531 1068 4596; x_wconf 70' lang='lat' dir='ltr'><strong>apotome,</strong></span> <span class='ocrx_word' id='word_1_492' title='bbox 1086 4524 1203 4594; x_wconf 84' lang='lat' dir='ltr'><strong>nomino,</strong></span> <span class='ocrx_word' id='word_1_493' title='bbox 1222 4522 1344 4593; x_wconf 84' lang='lat' dir='ltr'><strong>relinquo</strong></span> <span class='ocrx_word' id='word_1_494' title='bbox 1363 4520 1424 4577; x_wconf 85' lang='lat' dir='ltr'><strong>aliie</strong></span> <span class='ocrx_word' id='word_1_495' title='bbox 1442 4522 1634 4591; x_wconf 79' lang='lat' dir='ltr'><strong>quaerendum.</strong></span> 
     </span>
     <span class='ocr_line' id='line_1_46' title="bbox 283 4598 1634 4675; baseline -0.007 -13"><span class='ocrx_word' id='word_1_496' title='bbox 283 4606 510 4662; x_wconf 70' lang='lat' dir='ltr'><strong>honhamozuoo</strong></span> <span class='ocrx_word' id='word_1_497' title='bbox 525 4602 636 4671; x_wconf 85' lang='lat' dir='ltr'><strong>quidem</strong></span> <span class='ocrx_word' id='word_1_498' title='bbox 652 4602 706 4672; x_wconf 86' lang='lat' dir='ltr'><strong>ipei</strong></span> <span class='ocrx_word' id='word_1_499' title='bbox 717 4603 765 4658; x_wconf 86' lang='lat' dir='ltr'><strong>GO</strong></span> <span class='ocrx_word' id='word_1_500' title='bbox 782 4612 814 4661; x_wconf 91' lang='lat' dir='ltr'><strong>ut</strong></span> <span class='ocrx_word' id='word_1_501' title='bbox 830 4599 975 4674; x_wconf 80' lang='lat' dir='ltr'><strong>apotomae</strong></span> <span class='ocrx_word' id='word_1_502' title='bbox 992 4602 1096 4675; x_wconf 79' lang='lat' dir='ltr'><strong>primae</strong></span> <span class='ocrx_word' id='word_1_503' title='bbox 1115 4611 1158 4661; x_wconf 83' lang='lat' dir='ltr'><strong>eet</strong></span> <span class='ocrx_word' id='word_1_504' title='bbox 1170 4604 1251 4659; x_wconf 87' lang='lat' dir='ltr'><strong>unioo</strong></span> <span class='ocrx_word' id='word_1_505' title='bbox 1262 4602 1321 4659; x_wconf 82' lang='lat' dir='ltr'><strong>oola</strong></span> <span class='ocrx_word' id='word_1_506' title='bbox 1339 4612 1390 4671; x_wconf 87' lang='lat' dir='ltr'><strong>per</strong></span> <span class='ocrx_word' id='word_1_507' title='bbox 1401 4602 1435 4657; x_wconf 86' lang='lat' dir='ltr'><strong>X.</strong></span> <span class='ocrx_word' id='word_1_508' title='bbox 1449 4602 1491 4658; x_wconf 80' lang='lat'><strong>79.</strong></span> <span class='ocrx_word' id='word_1_509' title='bbox 1503 4598 1634 4655; x_wconf 85' lang='lat' dir='ltr'><strong>Euolidio.</strong></span> 
     </span>
     <span class='ocr_line' id='line_1_47' title="bbox 284 4678 1634 4753; baseline -0.004 -14"><span class='ocrx_word' id='word_1_510' title='bbox 284 4682 351 4750; x_wconf 73' lang='lat' dir='ltr'><strong>onae</strong></span> <span class='ocrx_word' id='word_1_511' title='bbox 368 4684 455 4739; x_wconf 89' lang='lat' dir='ltr'><strong>debet</strong></span> <span class='ocrx_word' id='word_1_512' title='bbox 471 4698 533 4738; x_wconf 85' lang='lat' dir='ltr'><strong>eaeo</strong></span> <span class='ocrx_word' id='word_1_513' title='bbox 550 4681 628 4751; x_wconf 86' lang='lat' dir='ltr'><strong>talio,</strong></span> <span class='ocrx_word' id='word_1_514' title='bbox 642 4688 683 4737; x_wconf 81' lang='lat' dir='ltr'><strong>nt</strong></span> <span class='ocrx_word' id='word_1_515' title='bbox 705 4684 766 4752; x_wconf 84' lang='lat' dir='ltr'><strong>ejoo</strong></span> <span class='ocrx_word' id='word_1_516' title='bbox 789 4684 953 4753; x_wconf 82' lang='lat' dir='ltr'><strong>quadratum</strong></span> <span class='ocrx_word' id='word_1_517' title='bbox 970 4683 1007 4739; x_wconf 85' lang='lat' dir='ltr'><strong>eit</strong></span> <span class='ocrx_word' id='word_1_518' title='bbox 1029 4681 1147 4752; x_wconf 79' lang='lat' dir='ltr'><strong>effodite,</strong></span> <span class='ocrx_word' id='word_1_519' title='bbox 1165 4700 1221 4739; x_wconf 91' lang='lat' dir='ltr'><strong>nou</strong></span> <span class='ocrx_word' id='word_1_520' title='bbox 1242 4690 1334 4742; x_wconf 83' lang='lat' dir='ltr'><strong>tamen</strong></span> <span class='ocrx_word' id='word_1_521' title='bbox 1352 4696 1466 4739; x_wconf 86' lang='lat' dir='ltr'><strong>numero</strong></span> <span class='ocrx_word' id='word_1_522' title='bbox 1493 4678 1634 4749; x_wconf 85' lang='lat' dir='ltr'><strong>quadrato,</strong></span> 
     </span>
     <span class='ocr_line' id='line_1_48' title="bbox 283 4755 1635 4830; baseline -0.008 -11"><span class='ocrx_word' id='word_1_523' title='bbox 283 4761 419 4830; x_wconf 70' lang='lat' dir='ltr'><strong>lotorem</strong></span> <span class='ocrx_word' id='word_1_524' title='bbox 438 4779 501 4819; x_wconf 88' lang='lat' dir='ltr'><strong>oum</strong></span> <span class='ocrx_word' id='word_1_525' title='bbox 518 4762 566 4819; x_wconf 89' lang='grc'><strong>00</strong></span> <span class='ocrx_word' id='word_1_526' title='bbox 583 4760 666 4819; x_wconf 82' lang='lat' dir='ltr'><strong>debet</strong></span> <span class='ocrx_word' id='word_1_527' title='bbox 682 4761 772 4817; x_wconf 85' lang='lat' dir='ltr'><strong>iaoore</strong></span> <span class='ocrx_word' id='word_1_528' title='bbox 790 4760 892 4822; x_wconf 79' lang='lat' dir='ltr'><strong>lineum</strong></span> <span class='ocrx_word' id='word_1_529' title='bbox 907 4776 989 4818; x_wconf 79' lang='lat' dir='ltr'><strong>uuum</strong></span> <span class='ocrx_word' id='word_1_530' title='bbox 1008 4761 1144 4819; x_wconf 83' lang='lat' dir='ltr'><strong>eiiabilem</strong></span> <span class='ocrx_word' id='word_1_531' title='bbox 1162 4760 1348 4830; x_wconf 77' lang='lat' dir='ltr'><strong>longitudino,</strong></span> <span class='ocrx_word' id='word_1_532' title='bbox 1374 4768 1402 4814; x_wconf 89' lang='lat' dir='ltr'><strong>et</strong></span> <span class='ocrx_word' id='word_1_533' title='bbox 1419 4774 1470 4827; x_wconf 87' lang='lat' dir='ltr'><strong>per</strong></span> <span class='ocrx_word' id='word_1_534' title='bbox 1486 4758 1520 4813; x_wconf 92' lang='grc' dir='ltr'><strong>Χ.</strong></span> <span class='ocrx_word' id='word_1_535' title='bbox 1540 4757 1587 4817; x_wconf 84' lang='grc'><strong>30.</strong></span> <span class='ocrx_word' id='word_1_536' title='bbox 1612 4755 1635 4809; x_wconf 89' lang='lat' dir='ltr'><strong>ei</strong></span> 
     </span>
     <span class='ocr_line' id='line_1_49' title="bbox 285 4834 1634 4909; baseline -0.007 -10"><span class='ocrx_word' id='word_1_537' title='bbox 285 4856 315 4899; x_wconf 79' lang='lat' dir='ltr'><strong>er</strong></span> <span class='ocrx_word' id='word_1_538' title='bbox 327 4844 380 4899; x_wconf 83' lang='lat' dir='ltr'><strong>hac</strong></span> <span class='ocrx_word' id='word_1_539' title='bbox 397 4860 455 4897; x_wconf 87' lang='lat' dir='ltr'><strong>uua</strong></span> <span class='ocrx_word' id='word_1_540' title='bbox 472 4848 531 4897; x_wconf 91' lang='lat' dir='ltr'><strong>tota</strong></span> <span class='ocrx_word' id='word_1_541' title='bbox 547 4842 597 4899; x_wconf 90' lang='lat' dir='ltr'><strong>fiet</strong></span> <span class='ocrx_word' id='word_1_542' title='bbox 614 4840 747 4898; x_wconf 84' lang='lat' dir='ltr'><strong>diameter</strong></span> <span class='ocrx_word' id='word_1_543' title='bbox 770 4840 876 4904; x_wconf 79' lang='lat' dir='ltr'><strong>circuli,</strong></span> <span class='ocrx_word' id='word_1_544' title='bbox 903 4839 979 4895; x_wconf 80' lang='lat' dir='ltr'><strong>verbi</strong></span> <span class='ocrx_word' id='word_1_545' title='bbox 1003 4855 1086 4895; x_wconf 86' lang='lat' dir='ltr'><strong>ouueo</strong></span> <span class='ocrx_word' id='word_1_546' title='bbox 1104 4840 1165 4907; x_wconf 86' lang='lat' dir='ltr'><strong>PX,</strong></span> <span class='ocrx_word' id='word_1_547' title='bbox 1192 4846 1221 4895; x_wconf 89' lang='lat' dir='ltr'><strong>et</strong></span> <span class='ocrx_word' id='word_1_548' title='bbox 1238 4838 1261 4893; x_wconf 85' lang='lat' dir='ltr'><strong>oi</strong></span> <span class='ocrx_word' id='word_1_549' title='bbox 1285 4838 1523 4909; x_wconf 83' lang='lat' dir='ltr'><strong>proeharorouuoa‚</strong></span> <span class='ocrx_word' id='word_1_550' title='bbox 1551 4834 1634 4905; x_wconf 90' lang='lat' dir='ltr'><strong>paolo</strong></span> 
     </span>
     <span class='ocr_line' id='line_1_50' title="bbox 285 4911 1634 4993; baseline -0.006 -18"><span class='ocrx_word' id='word_1_551' title='bbox 285 4921 384 4993; x_wconf 71' lang='lat' dir='ltr'><strong>longior</strong></span> <span class='ocrx_word' id='word_1_552' title='bbox 401 4938 485 4991; x_wconf 87' lang='lat' dir='ltr'><strong>quam</strong></span> <span class='ocrx_word' id='word_1_553' title='bbox 501 4922 550 4977; x_wconf 89' lang='lat' dir='ltr'><strong>PA</strong></span> <span class='ocrx_word' id='word_1_554' title='bbox 576 4911 718 4993; x_wconf 80' lang='lat' dir='ltr'><strong>(eiqiidem</strong></span> <span class='ocrx_word' id='word_1_555' title='bbox 744 4926 803 4975; x_wconf 81' lang='lat' dir='ltr'><strong>tota</strong></span> <span class='ocrx_word' id='word_1_556' title='bbox 820 4924 895 4977; x_wconf 88' lang='lat' dir='ltr'><strong>eeoet</strong></span> <span class='ocrx_word' id='word_1_557' title='bbox 913 4916 1034 4987; x_wconf 83' lang='lat' dir='ltr'><strong>aequalia</strong></span> <span class='ocrx_word' id='word_1_558' title='bbox 1050 4918 1104 4989; x_wconf 87' lang='lat' dir='ltr'><strong>ipei</strong></span> <span class='ocrx_word' id='word_1_559' title='bbox 1121 4918 1184 4989; x_wconf 87' lang='grc' dir='ltr'><strong>ΡΧ)</strong></span> <span class='ocrx_word' id='word_1_560' title='bbox 1207 4916 1241 4972; x_wconf 83' lang='lat' dir='ltr'><strong>ab</strong></span> <span class='ocrx_word' id='word_1_561' title='bbox 1260 4933 1313 4972; x_wconf 89' lang='lat' dir='ltr'><strong>uuo</strong></span> <span class='ocrx_word' id='word_1_562' title='bbox 1332 4912 1591 4970; x_wconf 72' lang='lat' dir='ltr'><strong>terminordiametri</strong></span> <span class='ocrx_word' id='word_1_563' title='bbox 1609 4912 1634 4968; x_wconf 91' lang='grc' dir='ltr'><strong>Χ</strong></span> 
     </span>
     <span class='ocr_line' id='line_1_51' title="bbox 285 4992 1634 5071; baseline -0.003 -18"><span class='ocrx_word' id='word_1_564' title='bbox 285 5002 433 5071; x_wconf 83' lang='lat' dir='ltr'><strong>applicetur</strong></span> <span class='ocrx_word' id='word_1_565' title='bbox 450 4998 684 5056; x_wconf 83' lang='lat' dir='ltr'><strong>olrcumiereutiae</strong></span> <span class='ocrx_word' id='word_1_566' title='bbox 700 4998 764 5054; x_wconf 82' lang='lat' dir='ltr'><strong>XG:</strong></span> <span class='ocrx_word' id='word_1_567' title='bbox 793 5006 860 5064; x_wconf 86' lang='lat' dir='ltr'><strong>tune</strong></span> <span class='ocrx_word' id='word_1_568' title='bbox 877 5012 948 5067; x_wconf 84' lang='lat' dir='ltr'><strong>quae</strong></span> <span class='ocrx_word' id='word_1_569' title='bbox 966 4996 1045 5069; x_wconf 75' lang='lat' dir='ltr'><strong>rigua</strong></span> <span class='ocrx_word' id='word_1_570' title='bbox 1061 4998 1094 5068; x_wconf 83' lang='lat' dir='ltr'><strong>(i,</strong></span> <span class='ocrx_word' id='word_1_571' title='bbox 1118 4998 1141 5054; x_wconf 91' lang='lat' dir='ltr'>P</span> <span class='ocrx_word' id='word_1_572' title='bbox 1159 4998 1310 5055; x_wconf 82' lang='lat' dir='ltr'><strong>connectit.</strong></span> <span class='ocrx_word' id='word_1_573' title='bbox 1338 4992 1419 5050; x_wconf 89' lang='lat' dir='ltr'><strong>debet</strong></span> <span class='ocrx_word' id='word_1_574' title='bbox 1436 5008 1497 5052; x_wconf 81' lang='lat' dir='ltr'><strong>esee</strong></span> <span class='ocrx_word' id='word_1_575' title='bbox 1515 4994 1568 5064; x_wconf 81' lang='lat' dir='ltr'><strong>ipsi</strong></span> <span class='ocrx_word' id='word_1_576' title='bbox 1584 4992 1634 5049; x_wconf 87' lang='lat' dir='ltr'><strong>PX</strong></span> 
     </span>
     <span class='ocr_line' id='line_1_52' title="bbox 286 5078 1595 5147; baseline -0.004 -13"><span class='ocrx_word' id='word_1_577' title='bbox 286 5082 330 5135; x_wconf 90' lang='lat' dir='ltr'><strong>toti</strong></span> <span class='ocrx_word' id='word_1_578' title='bbox 345 5078 597 5136; x_wconf 79' lang='lat' dir='ltr'><strong>commensurabilia</strong></span> <span class='ocrx_word' id='word_1_579' title='bbox 614 5078 790 5147; x_wconf 76' lang='lat' dir='ltr'><strong>longitudine.</strong></span> <span class='ocrx_word' id='word_1_580' title='bbox 1392 5102 1396 5109; x_wconf 88' lang='lat'>·</span> <span class='ocrx_word' id='word_1_581' title='bbox 1590 5108 1595 5141; x_wconf 73' lang='lat'><strong>·‚</strong></span> 
     </span>
    </p>

    <p class='ocr_par' dir='ltr' id='par_1_15' title="bbox 288 5152 1634 5327">
     <span class='ocr_line' id='line_1_53' title="bbox 365 5152 1634 5239; baseline -0.009 -15"><span class='ocrx_word' id='word_1_582' title='bbox 365 5162 492 5224; x_wconf 83' lang='lat' dir='ltr'>XXIX.</span> <span class='ocrx_word' id='word_1_583' title='bbox 516 5162 746 5239; x_wconf 83' lang='lat' dir='ltr'><strong>Propoeitio.</strong></span> <span class='ocrx_word' id='word_1_584' title='bbox 792 5156 918 5235; x_wconf 79' lang='lat' dir='ltr'><strong>Quando</strong></span> <span class='ocrx_word' id='word_1_585' title='bbox 940 5152 1116 5225; x_wconf 75' lang='lat' dir='ltr'><strong>vero‘eeoto</strong></span> <span class='ocrx_word' id='word_1_586' title='bbox 1144 5160 1231 5220; x_wconf 88' lang='lat' dir='ltr'><strong>inerit</strong></span> <span class='ocrx_word' id='word_1_587' title='bbox 1252 5154 1509 5235; x_wconf 84' lang='lat' dir='ltr'><strong>proportionaliter</strong></span> <span class='ocrx_word' id='word_1_588' title='bbox 1535 5154 1634 5231; x_wconf 88' lang='lat' dir='ltr'><strong>aliqua</strong></span> 
     </span>
     <span class='ocr_line' id='line_1_54' title="bbox 288 5242 1633 5327; baseline -0.004 -20"><span class='ocrx_word' id='word_1_589' title='bbox 288 5252 386 5325; x_wconf 74' lang='lat' dir='ltr'><strong>uiam,</strong></span> <span class='ocrx_word' id='word_1_590' title='bbox 409 5250 494 5327; x_wconf 86' lang='lat' dir='ltr'><strong>oujue</strong></span> <span class='ocrx_word' id='word_1_591' title='bbox 517 5246 691 5326; x_wconf 87' lang='lat' dir='ltr'><strong>quadratum</strong></span> <span class='ocrx_word' id='word_1_592' title='bbox 713 5249 753 5307; x_wconf 86' lang='lat' dir='ltr'><strong>eit</strong></span> <span class='ocrx_word' id='word_1_593' title='bbox 775 5247 901 5326; x_wconf 85' lang='lat' dir='ltr'><strong>aequale</strong></span> <span class='ocrx_word' id='word_1_594' title='bbox 923 5247 1095 5326; x_wconf 73' lang='lat' dir='ltr'><strong>reetaogulo</strong></span> <span class='ocrx_word' id='word_1_595' title='bbox 1118 5243 1173 5307; x_wconf 83' lang='lat' dir='ltr'><strong>onb</strong></span> <span class='ocrx_word' id='word_1_596' title='bbox 1194 5242 1388 5322; x_wconf 79' lang='lat' dir='ltr'><strong>longitudino,</strong></span> <span class='ocrx_word' id='word_1_597' title='bbox 1413 5244 1576 5321; x_wconf 82' lang='lat' dir='ltr'><strong>compositu</strong></span> <span class='ocrx_word' id='word_1_598' title='bbox 1597 5258 1633 5302; x_wconf 83' lang='lat' dir='ltr'><strong>ex</strong></span> 
     </span>
    </p>
   </div>
   <div class='ocr_carea' id='block_1_8' title="bbox 289 5327 1633 5420">
    <p class='ocr_par' dir='ltr' id='par_1_16' title="bbox 289 5327 1633 5420">
     <span class='ocr_line' id='line_1_55' title="bbox 289 5327 1633 5420; baseline -0.006 -22"><span class='ocrx_word' id='word_1_599' title='bbox 289 5340 432 5417; x_wconf 75' lang='lat' dir='ltr'><strong>proponite</strong></span> <span class='ocrx_word' id='word_1_600' title='bbox 452 5327 564 5400; x_wconf 76' lang='lat' dir='ltr'><strong>effabili</strong></span> <span class='ocrx_word' id='word_1_601' title='bbox 592 5344 622 5398; x_wconf 88' lang='lat' dir='ltr'><strong>et</strong></span> <span class='ocrx_word' id='word_1_602' title='bbox 641 5341 763 5416; x_wconf 83' lang='lat' dir='ltr'><strong>potente</strong></span> <span class='ocrx_word' id='word_1_603' title='bbox 790 5335 864 5417; x_wconf 84' lang='lat' dir='ltr'><strong>ejuo·</strong></span> <span class='ocrx_word' id='word_1_604' title='bbox 878 5338 1007 5418; x_wconf 86' lang='lat' dir='ltr'><strong>quinque</strong></span> <span class='ocrx_word' id='word_1_605' title='bbox 1043 5342 1163 5412; x_wconf 81' lang='lat' dir='ltr'><strong>quartur</strong></span> <span class='ocrx_word' id='word_1_606' title='bbox 1182 5338 1226 5420; x_wconf 79' lang='lat' dir='ltr'><strong>ei</strong></span> <span class='ocrx_word' id='word_1_607' title='bbox 1250 5332 1306 5394; x_wconf 82' lang='lat' dir='ltr'><strong>rub</strong></span> <span class='ocrx_word' id='word_1_608' title='bbox 1327 5329 1482 5402; x_wconf 79' lang='lat' dir='ltr'><strong>latitudine</strong></span> <span class='ocrx_word' id='word_1_609' title='bbox 1505 5331 1633 5415; x_wconf 84' lang='lat' dir='ltr'><strong>quinque</strong></span> 
     </span>
    </p>
   </div>
   <div class='ocr_carea' id='block_1_9' title="bbox 0 0 2128 6384">
    <p class='ocr_par' dir='ltr' id='par_1_17' title="bbox 0 0 2128 6384">
     <span class='ocr_line' id='line_1_56' title="bbox 0 0 2128 6384; baseline 0 0"><span class='ocrx_word' id='word_1_610' title='bbox 0 0 2128 6384; x_wconf 95' lang='lat' dir='ltr'><strong> </strong></span> 
     </span>
    </p>
   </div>
  </div>
 </body>
</html>
