4242 6384
772 762 1076 837 assumemur.
1541 768 1618 837 atl-

250 945 315 990 num
331 936 449 1007 dumus,
477 938 525 1007 qui
542 952 622 994 arcus
640 941 723 995 servit
744 940 916 1011 inscriptioni
938 941 1067 998 centralis
1090 942 1194 1011 figurae
1220 942 1249 999 ia
1265 942 1405 999 circulum.
1440 946 1510 1003 Nam
1528 946 1604 1018 ordo,

249 1017 291 1083 qui
308 1024 350 1069 est
373 1016 407 1070 in
425 1016 647 1087 ratiocinatione,
671 1019 743 1074 idem
761 1020 844 1075 etiam
865 1020 894 1075 in
915 1020 1046 1075 instinctu
1070 1026 1122 1077 est.
1157 1022 1277 1077 Rursum
1304 1022 1386 1089 igitur
1405 1023 1606 1091 demonstratur

249 1096 287 1147 rin
308 1078 346 1147 ad
368 1094 578 1163 perceptionem
600 1097 705 1165 figurae
728 1100 858 1155 centralis
884 1098 992 1167 longior
1014 1106 1043 1154 et
1068 1100 1107 1155 sic
1131 1101 1213 1155 etiam
1240 1100 1276 1155 ad
1303 1102 1362 1169 ejus
1389 1094 1602 1173 congruentiam.

249 1173 331 1241 Quare
350 1188 382 1226 se
401 1171 495 1243 ipsam
509 1174 607 1228 evertit
624 1176 755 1247 obiectio,
774 1194 845 1247 quae
862 1178 1090 1248 praepollentiam
1108 1178 1261 1233 collocabat
1278 1180 1306 1233 iu
1319 1182 1495 1250 perceptione
1513 1182 1605 1251 priori

326 1252 372 1306 fid
391 1252 516 1307 rationes
534 1270 585 1323 pro
604 1254 691 1309 altero
708 1260 829 1312 membro
847 1258 888 1312 sic
900 1256 1134 1325 respondendum:
1153 1272 1216 1313 rere
1229 1258 1337 1327 quidem
1349 1260 1430 1315 etiam
1447 1260 1476 1315 in
1494 1260 1606 1317 circum

247 1330 376 1385 terentinii
396 1329 488 1399 figura
504 1332 623 1400 priorem
640 1348 701 1388 esse
719 1335 894 1391 scibilitatem
910 1334 1006 1391 lateris
1024 1338 1201 1405 congruentia
1224 1338 1327 1406 figurae
1346 1340 1444 1407 totius,
1472 1342 1507 1397 ob
1526 1354 1605 1411 argu-

247 1418 330 1462 menta
349 1406 444 1477 dicta,
470 1407 540 1478 quae'
559 1410 604 1465 bic
623 1412 704 1466 etiam
721 1413 820 1469 raleut.
856 1417 894 1469 At
911 1429 966 1467 nou
984 1417 1120 1485 seqnitur„
1147 1425 1177 1472 ut
1196 1434 1230 1471 ex
1248 1416 1353 1473 duabus
1371 1419 1467 1487 rebus,
1491 1435 1606 1488 quarum

248 1489 326 1541 altera
343 1487 464 1541 alterius
482 1496 525 1541 est
543 1502 642 1555 causa,
661 1490 709 1545 illa
727 1507 797 1561 quae
815 1508 898 1547 causa
923 1500 965 1546 eat
983 1511 1066 1562 porro
1090 1496 1171 1551 etiam
1188 1496 1286 1552 iortius
1304 1506 1412 1553 moreat
1428 1499 1539 1553 tertium
1557 1498 1606 1575 ali·

247 1567 312 1635 quid.
349 1566 428 1621 Nam
444 1581 495 1635 pro
514 1574 597 1635 captu
615 1570 728 1638 animae,
748 1588 818 1642 quae
836 1574 918 1632 debet
934 1575 1049 1643 moueri,
1074 1590 1156 1644 saepe
1173 1574 1263 1629 miuus
1282 1568 1402 1631 inillam
1423 1576 1495 1630 valet
1514 1591 1605 1644 causa,

247 1662 318 1713 quam
338 1645 473 1715 effectum
497 1652 528 1699 ut
546 1647 590 1701 hic
607 1650 724 1704 animam
742 1652 934 1727 sublunarem,
958 1657 986 1710 in
1005 1653 1266 1725 quoniamquidem
1283 1654 1440 1723 perceptira
1459 1662 1514 1723 est,
1543 1652 1605 1722 plue

248 1734 330 1777 noret
349 1724 489 1779 scibilitas
508 1724 612 1793 figurae
630 1728 767 1799 centralis,
786 1732 815 1785 in
834 1742 966 1800 quantum
983 1751 1047 1789 vero
1060 1733 1209 1803 operativa,
1228 1731 1291 1801 plus
1309 1732 1485 1803 congruentia
1502 1732 1606 1801 figurae

246 1802 501 1858 cucumfereutialis.
1468 1810 1473 1821 ¹

322 1884 500 1951 Argumenta
516 1900 581 1938 sero
599 1902 659 1940 mea
676 1889 788 1959 proprIa
805 1890 840 1945 ad
857 1892 1074 1963 propositionem
1090 1888 1258 1960 probandam
1270 1890 1412 1945 sustitit:
1440 1888 1515 1971 ptius
1535 1888 1606 1944 enim

248 1971 435 2039 usurpavimus
459 1986 538 2038 prop.
558 1969 588 2036 6,
613 1978 735 2024 centrum
754 1986 815 2027 ease
841 1973 978 2041 quandam
995 1971 1085 2025 ideam
1111 1970 1210 2025 mentis
1229 1970 1396 2035 theoreticae
1419 1986 1468 2025 seu
1485 1968 1605 2033 intellec

248 2062 293 2118 tus,
311 2047 563 2103 circumferentiam
580 2047 719 2103 facultatis
737 2050 874 2119 practicae
893 2069 942 2107 seu
961 2052 1116 2122 operativae
1122 2071 1133 2119 ,·
1151 2048 1215 2121 quia
1232 2056 1263 2103 ut
1281 2054 1404 2105 centrum
1422 2050 1514 2105 circuli
1532 2043 1606 2109 basis

249 2148 283 2190 est
300 2145 328 2189 et
346 2134 439 2199 origo,
457 2130 496 2185 sic
513 2131 653 2187 meditatio
671 2129 795 2189 actionis.
831 2131 933 2200 Figura
950 2131 1041 2200 igitur,
1061 2144 1131 2199 quae
1149 2126 1264 2197 porrigit
1277 2124 1406 2199 angulum
1424 2131 1459 2185 ad
1476 2140 1606 2209 centrum,

250 2233 272 2269 sa
297 2212 331 2267 ad
350 2212 483 2276 Terram,
503 2208 549 2263 ubi
568 2209 658 2263 anima
675 2207 753 2263 sedet
770 2208 873 2278 figuroe
891 2209 1056 2279 perceptrix,
1067 2274 1070 2281 Ι
1083 2206 1198 2277 porrigit
1216 2222 1245 2261 se
1265 2207 1345 2275 quasi
1367 2206 1402 2261 ad
1421 2208 1561 2265 sciendum
1579 2218 1607 2267 et

250 2290 464 2360 dijudicandum,
488 2303 549 2344 cum
568 2296 690 2343 centrum
708 2286 828 2342 tribunal
846 2288 975 2345 scientiae
1000 2292 1197 2356 repraesentet.
1234 2284 1321 2352 Igitur
1339 2284 1368 2339 in
1387 2287 1500 2341 centrali
1518 2288 1606 2361 figura

250 2374 330 2440 potius
349 2367 476 2438 spectari
494 2365 577 2422 debet
595 2365 716 2436 scientia,
735 2383 790 2421 nou
809 2366 950 2437 obstante,
974 2366 1048 2437 quod
1067 2365 1113 2419 illa
1130 2380 1181 2435 per
1205 2364 1335 2420 circulum
1358 2372 1487 2437 tanquam
1505 2369 1605 2431 iustru-

250 2457 360 2504 mentum
379 2453 572 2515 comparetur,
590 2454 622 2501 ιιι
638 2447 720 2515 paulo
738 2457 803 2501 aute
822 2445 932 2501 dictum
970 2446 1072 2500 Contra
1091 2442 1192 2512 figura,
1220 2458 1290 2513 quae
1313 2442 1421 2501 ordinat
1439 2446 1554 2515 angulos
1578 2446 1606 2503 iu
1694 2482 1708 2514 ,-

250 2526 479 2591 macularensis,
507 2525 592 2592 magis
611 2541 641 2579 se
659 2526 780 2595 applicat
804 2525 840 2581 ad
863 2523 1024 2579 imitandum
1047 2520 1306 2592 exprimendumque
1330 2522 1358 2576 iu
1383 2539 1465 2595 opere
1492 2524 1606 2596 animae,

251 2608 324 2662 veluti
343 2607 380 2662 ad
399 2604 492 2659 ideam
511 2620 623 2673 operum
641 2620 814 2661 concurrens.
849 2604 933 2675 Atqui
958 2602 1049 2671 potius
1068 2600 1245 2669 congruentia
1268 2603 1349 2669 quiam
1373 2602 1504 2657 scibilitaa
1523 2604 1608 2670 babet

251 2706 353 2757 operum
371 2686 516 2743 sensilium
534 2684 806 2755 aedificationemque
823 2684 921 2751 ideam,
940 2683 1004 2752 quia
1022 2680 1148 2750 sequitur
1164 2678 1266 2749 figuras
1277 2687 1357 2749 totas,
1377 2697 1437 2735 cum
1450 2680 1531 2750 latus,
1550 2698 1605 2751 quo

251 2768 329 2836 figura
345 2768 446 2831 scitur,
465 2769 501 2822 sit
518 2762 577 2829 ejus
597 2761 694 2816 saltem
708 2761 893 2843 elementum.¹
918 2763 1009 2831 Quare
1026 2762 1055 2815 ia
1073 2760 1162 2829 figura
1175 2758 1413 2815 circumiereutIali
1430 2761 1522 2831 potius
1542 2776 1605 2817 cou-

253 2848 365 2913 grnentia
384 2855 432 2901 est
448 2842 630 2916 respicienda,
650 2858 731 2909 quarn
750 2842 891 2897 scibilitas.

327 2925 459 2979 Alterum
477 2921 665 2990 argumentum
682 2937 733 2987 pro
751 2920 804 2976 hac
816 2920 935 2975 secundo
948 2925 1026 2989 parte
1039 2916 1135 2972 nititur
1148 2915 1244 2971 eadem
1257 2916 1474 2973 consideratione
1492 2920 1605 2990 mimae,

254 3013 364 3071 praestat
382 3004 425 3070 id,
449 3010 560 3074 propter
578 2998 650 3071 quod
670 3008 734 3054 suut
752 3008 858 3069 cetera;
883 3006 912 3054 at
935 3003 1047 3069 propter
1070 3010 1138 3065 opus
1163 3002 1277 3050 naturae
1300 2996 1457 3051 sublunaris
1483 2998 1606 3069 adeoque
1699 3028 1706 3047 ι

254 3083 322 3135 etiam
340 3084 452 3137 animae
470 3083 604 3136 humanae
622 3077 784 3133 facultatum
802 3078 962 3133 inferiorum
980 3075 1169 3145 percipiuntur
1187 3071 1431 3145 configurationes,
1456 3076 1561 3131 scilicet
1578 3078 1607 3133 in

255 3160 276 3215 id
290 3163 488 3231 percipiuntur,
506 3167 536 3215 ut
555 3172 637 3228 opere
655 3158 853 3226 exprimentum
873 3157 960 3225 major
975 3163 1021 3230 est
1037 3154 1122 3223 igitur
1140 3152 1257 3224 dignitas
1275 3152 1413 3209 facultatis
1431 3155 1562 3211 motoriae
1579 3156 1608 3211 in

255 3238 298 3292 boc
320 3229 451 3307 negotiu
480 3237 534 3293 Sed
557 3234 689 3291 scibilitas
718 3236 822 3303 figurae
840 3234 1091 3293 circumferentialis
1119 3233 1287 3303 perceptioni
1311 3234 1406 3303 servit,
1432 3236 1626 3311 congruentia,

255 3319 405 3389 operationi,
425 3324 457 3373 ut
473 3317 617 3383 hactenus;
643 3313 727 3391 igItur
745 3324 773 3371 et
791 3314 968 3386 congruentia
990 3314 1095 3384 figurae
1119 3310 1371 3391 circumferentialis
1394 3322 1517 3383 praestet
1537 3313 1608 3382 ejus-

256 3394 306 3449 dem
322 3398 477 3453 scibilitati,

329 3472 553 3549 Propositio
575 3472 662 3535 VIII.
709 3474 804 3534 Arous
836 3470 956 3545 circuli,
988 3471 1040 3545 qui
1063 3470 1248 3527 constituitur
1279 3466 1413 3542 afigura
1435 3468 1606 3543 incongrua,

258 3558 354 3618 nullam
378 3559 521 3620 concillet
543 3560 704 3621 efficacIam
726 3559 941 3619 radiationibus
963 3557 1100 3617 binorum
1122 3554 1317 3633 planetarum,
1346 3572 1446 3613 arcum
1469 3553 1608 3614 determi-

258 3650 388 3706 nautium.

330 3731 404 3783 Nam
423 3728 447 3783 si
465 3730 642 3797 congruentia
665 3736 709 3785 est
726 3746 809 3787 causa
823 3727 969 3799 potissima
997 3724 1152 3793 efficaciae,
1188 3738 1238 3793 per
1256 3738 1333 3791 prop.
1353 3722 1384 3791 3,
1408 3723 1426 3777 4
1450 3730 1479 3779 et
1501 3726 1530 3792 7,
1557 3724 1609 3779 hac

260 3803 328 3869 igitur
345 3806 494 3862 deficiente
516 3826 571 3864 nou
594 3811 648 3866 erit
673 3812 812 3867 sufficiens
831 3824 916 3866 causa
941 3804 1074 3861 hocloco
1092 3804 1170 3859 vilior
1196 3802 1335 3857 scibilitas.
1372 3804 1434 3857 Etsi
1452 3805 1523 3858 enim
1540 3802 1609 3859 haec

260 3885 400 3952 praepollet
417 3888 614 3957 congruentiae
631 3889 659 3943 in
677 3888 792 3944 ceumali
809 3889 910 3962 figura,
934 3901 985 3955 per
1002 3884 1117 3939 alteram
1136 3886 1243 3949 partem
1261 3896 1303 3949 pr.
1323 3880 1347 3947 7,
1373 3888 1402 3936 at
1421 3882 1538 3939 vicissim
1557 3884 1608 3939 cir·

261 3964 460 4021 mmfereutialis
478 3968 566 4036 figora
584 3976 627 4023 ast
645 3968 759 4024 centrali
777 3969 875 4037 potior,
892 3982 943 4035 per
962 3966 992 4031 fi,
1011 3969 1039 4017 et
1057 3960 1085 4013 in
1103 3960 1150 4015 illa
1168 3958 1259 4028 potior
1281 3963 1466 4033 congruentia,
1484 3978 1534 4032 per
1551 3964 1606 4036 pri-

261 4056 319 4095 nam
335 4054 445 4112 partem
464 4063 505 4115 pr.
523 4048 549 4102 7.
585 4047 683 4103 Adbuc
700 4047 782 4117 Igitur
798 4043 975 4115 congruentia
991 4042 1096 4110 figurae
1115 4036 1367 4094 clrcumierentiulis
1378 4040 1537 4109 ,praepollet
1554 4044 1607 4101 sci·

263 4118 348 4175 liliati
364 4123 473 4193 figurae
491 4124 627 4181 neamalis.
904 4131 907 4136 ’
1307 4182 1314 4207 ,
1419 4170 1424 4177 .
1544 4174 1548 4183 r

335 4198 382 4257 En
406 4218 541 4275 causam,
575 4218 636 4274 cur,
666 4201 733 4260 culn
755 4200 864 4276 figurae
886 4195 1004 4257 scibiles
1027 4196 1085 4255 sint
1107 4191 1253 4267 latinitas,
1285 4190 1467 4267 duveraorum
1491 4196 1608 4273 quidem

264 4283 411 4361 paduum,
435 4296 572 4364 aspectus
595 4296 695 4347 tamen
716 4288 803 4366 pauci
825 4287 893 4345 siut.

336 4376 497 4434 Axioma
517 4372 574 4433 ΠΙ.
629 4376 723 4435 Arcus
753 4372 869 4446 elrcuII,
910 4388 1034 4449 quorum
1066 4369 1179 4445 figurae
1213 4367 1346 4445 pluribus
1382 4372 1608 4449 potioribusque

267 4464 458 4535 magnentino
480 4462 706 4541 scibilitatiaqoe
727 4461 868 4539 gradibus
890 4460 1019 4537 pollent,
1051 4457 1232 4518 oilioacIores
1256 4458 1344 4516 etiam
1366 4454 1511 4535 recipiu'ut
1533 4478 1606 4520 con-

268 4542 450 4618 figurationes.

339 4630 367 4683 si
383 4632 440 4686 duo
456 4630 701 4700 primaeriomata
719 4618 783 4686 suut
801 4635 985 4685 consentanea
1002 4642 1081 4695 vero,
1101 4626 1153 4681 erit
1172 4632 1200 4681 et
1217 4626 1284 4697 hoc,
1303 4628 1381 4697 quia,
1406 4634 1518 4698 propter
1536 4628 1609 4699 quod

270 4708 463 4778 unumquodque
481 4718 524 4764 est
541 4708 605 4766 tale.
623 4708 670 4761 illo
688 4708 811 4776 intenso,
836 4708 911 4762 istud
928 4708 1011 4762 etiam
1029 4706 1116 4776 magis
1135 4706 1187 4762 erit
1204 4706 1268 4761 tale.
1306 4706 1352 4761 Sic
1370 4716 1459 4762 autem
1478 4707 1606 4778 intellige,

270 4782 328 4845 blod
342 4781 370 4839 in
386 4787 476 4856 figura
494 4782 730 4841 circumferentiali
747 4786 823 4856 prior
839 4787 876 4841 sit
894 4787 1060 4856 comparatio
1079 4786 1213 4855 gradrmm
1231 4786 1433 4857 congruentiae,
1451 4786 1480 4841 in
1495 4786 1610 4842 neutrali

272 4858 330 4922 iiior
345 4864 475 4931 gradum
493 4864 654 4933 scibilitatis,
673 4862 790 4933 denique
808 4864 930 4933 potiores
948 4874 1041 4934 partes
1059 4866 1309 4922 circumferentialis
1328 4864 1439 4933 figurae.
1509 4890 1514 4902 ι

341 4936 559 5015 Propositio
581 4938 642 5002 IX.
685 4939 940 5017 Coufiguratioues
964 4940 1099 5001 efficaces
1121 4950 1204 5015 sunt,
1228 4958 1304 5017 quae
1321 4942 1509 5017 iuterpriuut
1523 4956 1609 5001 arcus

275 5019 355 5081 ιἰιιιιιὶ
379 5026 494 5086 zodiaci
521 5030 607 5087 istos:
637 5025 687 5086 Gr.
715 5028 776 5087 180
804 5028 970 5103 oppositio,
1001 5045 1038 5088 ex
1066 5028 1207 5089 diametro
1230 5026 1347 5101 circuli,
1377 5034 1410 5087 ut
1438 5030 1468 5085 iu
1489 5026 1538 5104 fig.
1556 5030 1608 5086 24.

277 5100 315 5164 Gr.
340 5113 376 5171 90
404 5114 580 5190 quadratus,
609 5130 645 5174 er
674 5122 845 5191 tetragono,
872 5120 906 5173 ut
931 5116 962 5175 In
991 5115 1040 5193 fig.
1073 5116 1123 5175 25.
1175 5113 1226 5174 Gr.
1258 5116 1320 5175 120
1350 5116 1455 5188 trinus,
1487 5122 1517 5176 et
1548 5110 1610 5176 60⁰

316 5218 400 5271 aaran
413 5222 491 5276 open
503 5222 531 5266 v.
1316 5210 1320 5219 '
1413 5218 1451 5278 16
