4242 6384
525 781 591 839 244
939 773 982 827 De
1001 770 1266 843 configurationibus
1287 768 1467 827 Harmonicis.

525 948 636 1019 metum,
653 948 726 1018 quod
742 954 881 1016 aspectum
894 948 1072 1017 quincuncem
1091 964 1140 1003 seu
1155 949 1225 1003 150⁰
1244 962 1306 1002 cnm
1319 944 1427 1015 quintili
1439 944 1492 999 72⁰
1507 950 1535 997 et
1547 940 1684 1009 biquintili
1694 938 1764 993 144⁰
1781 938 1855 992 eodem

527 1030 613 1099 made
631 1027 731 1095 locavi,
749 1027 837 1096 prima
855 1032 946 1081 ιιιιιιιιιι
963 1026 1028 1081 sede
1045 1027 1089 1081 bis
1106 1026 1178 1081 data.

612 1102 837 1178 Propositio
859 1100 946 1161 XiV.
992 1100 1129 1177 Quintus,
1153 1102 1272 1161 ιιιιίιιιιιε
1295 1109 1325 1159 et
1348 1099 1593 1159 imbecillissimus
1616 1102 1785 1173 aspectuum
1804 1109 1857 1169 gra·

527 1192 582 1253 dus
606 1198 651 1250 est
672 1190 775 1249 decilis
798 1200 828 1249 et
849 1190 1004 1260 tridentis,
1028 1191 1125 1249 ostilia
1147 1197 1176 1249 et
1200 1188 1342 1248 trioctllis.

613 1272 741 1339 Quintum
759 1272 849 1326 locum
867 1274 921 1326 feci
939 1272 1018 1327 decili
1036 1281 1064 1326 et
1076 1272 1192 1327 tridecili
1205 1271 1376 1334 (Maestlinus
1390 1266 1598 1338 semiquintilem
1612 1274 1639 1321 et
1651 1266 1862 1336 sesquiquintiien

530 1351 673 1421 appellat),
701 1366 769 1420 quos
788 1350 815 1403 in
833 1350 1063 1419 Ephemeridibus
1081 1352 1214 1406 hactenus
1232 1350 1322 1419 omisi,
1341 1349 1440 1417 quibus
1458 1347 1590 1419 associari
1613 1346 1722 1401 octilem
1741 1354 1766 1399 et
1783 1345 1865 1399 triocti·

429 1428 434 1433 ’
526 1429 582 1485 lem
599 1445 649 1485 seu
667 1430 831 1498 sequadrum
851 1440 878 1483 et
897 1431 1089 1503 sesqnadrnm,
1109 1448 1177 1499 qnos
1197 1428 1448 1496 calendariograpbi
1466 1443 1500 1482 ex
1519 1442 1579 1479 mea
1591 1425 1701 1495 quidem
1713 1426 1865 1493 suggestione

526 1517 555 1564 et
576 1509 706 1563 nonnulla
718 1508 867 1562 Ptolemaei
885 1510 1055 1572 auctoritate,
1075 1510 1122 1563 sed
1142 1508 1220 1563 nimie
1238 1507 1325 1561 calide
1344 1512 1372 1561 et
1389 1506 1588 1561 inconsiderate
1606 1506 1786 1574 arripuerunt.
1816 1503 1885 1563 Pro·¹

526 1588 648 1645 bundium
664 1586 747 1653 igitur
764 1593 807 1639 est
824 1594 977 1655 utrumqne,
996 1587 1112 1654 primum
1129 1587 1318 1643 imbecilliores
1338 1602 1398 1641 esso
1417 1588 1467 1640 bos
1480 1593 1599 1655 quatuor
1613 1586 1723 1653 quintili
1742 1583 1866 1651 etbiqnin-
1884 1584 1885 1641 l

527 1668 583 1737 n'li,
602 1666 700 1722 deinde
719 1664 832 1719 decilern
851 1674 879 1719 et
896 1665 1046 1719 tridecilem
1065 1666 1191 1721 fortiores
1210 1665 1283 1720 eetili
1302 1672 1330 1719 et
1347 1660 1468 1732 triootili,
1487 1682 1583 1733 parurn
1601 1663 1759 1719 admodum.

616 1747 684 1801 crim
701 1745 783 1814 igitur
801 1744 1001 1813 propositiones
1020 1752 1130 1799 nostrae
1148 1745 1325 1813 praecipuum
1348 1743 1383 1797 ad
1401 1742 1549 1798 efficaciam
1568 1752 1737 1797 momentum
1755 1740 1868 1795 collocent

527 1839 556 1891 in
574 1824 751 1892 congruentia
768 1822 873 1892 figurae
892 1824 1069 1893 praecipuae,
1095 1825 1147 1878 boe
1166 1832 1209 1879 est
1226 1821 1490 1891 circumferentialis,
1518 1822 1693 1876 manifestum
1712 1829 1768 1889 est,
1791 1830 1868 1888 penta·

527 1922 629 1977 genum
645 1912 675 1957 et
691 1903 798 1957 stellam
817 1903 877 1971 ejus
896 1918 1046 1972 congruere
1070 1918 1130 1957 eum
1150 1918 1215 1957 suae
1234 1917 1370 1970 quamque
1394 1902 1494 1971 speciei
1512 1901 1607 1969 iiguris
1634 1902 1670 1956 sd
1689 1899 1804 1955 solidum
1824 1914 1869 1966 per·

527 1986 630 2041 fectum
648 1981 830 2050 formandum,
856 1983 961 2051 etjam
978 1982 1060 2035 modo
1079 1981 1195 2042 dictum,
1225 1996 1375 2048 congruere
1399 1982 1480 2035 etiam
1498 1982 1569 2035 inter
1587 1996 1617 2035 se
1629 1981 1753 2049 ¹pulcbre
1779 1978 1811 2032 ad
1826 1977 1868 2045 pls·

527 2080 592 2119 num
611 2060 793 2117 sternendum.
830 2062 992 2130 llecagouus
1010 2059 1127 2115 vicissim
1138 2068 1165 2114 et
1177 2068 1328 2127 octogonus
1347 2076 1407 2115 cum
1420 2060 1507 2115 stellis
1520 2062 1586 2129 suis,
1606 2075 1734 2129 quaeque
1749 2074 1807 2113 cum
1818 2070 1870 2109 suae

530 2142 632 2213 speciei
641 2138 709 2206 aliis,
728 2138 756 2192 in
774 2139 862 2193 solido
880 2154 1030 2207 congruere
1047 2154 1102 2192 non
1121 2148 1244 2208 possunt.
1283 2141 1442 2205 Congruunt
1460 2139 1569 2208 quidem
1592 2138 1751 2206 decagonus
1770 2146 1796 2191 et
1812 2144 1870 2188 octo·

528 2235 629 2292 genus,
657 2218 707 2272 sed
725 2234 786 2272 curn
805 2218 865 2271 aliis
890 2233 945 2271 uon
963 2216 1088 2271 omnibns
1116 2218 1158 2271 sui
1176 2218 1297 2285 genesim
1325 2218 1421 2271 stellae
1439 2234 1502 2273 roro
1530 2218 1659 2272 inchoant
1685 2216 1804 2285 aliquam
1821 2231 1870 2268 con·

528 2299 680 2369 gruentiam
697 2297 726 2351 in
744 2296 839 2366 solido,
858 2304 887 2351 at
904 2312 959 2350 non
978 2295 1137 2365 absolvunt3
1157 2296 1237 2349 etiam
1256 2298 1283 2349 in
1301 2298 1382 2366 plane
1401 2296 1547 2365 ignobilior
1565 2305 1608 2351 est
1625 2312 1720 2352 earum
1739 2306 1871 2363 congruen-

528 2381 576 2448 tia,
595 2376 660 2445 quia
676 2390 727 2429 nee
744 2384 853 2430 mutuas
869 2374 981 2429 tradunt
1000 2389 1098 2442 operas
1117 2376 1228 2441 quaeris
1246 2374 1335 2445 figura
1353 2390 1414 2429 eum
1433 2391 1482 2429 sua
1500 2374 1581 2430 stella
1599 2374 1730 2441 solitarie,
1748 2382 1778 2428 ut
1795 2380 1870 2442 penta·

529 2472 617 2527 gouus
636 2468 697 2509 cnm
715 2470 794 2533 sua„
807 2454 856 2508 sed
875 2470 937 2509 cum
959 2452 1013 2506 illis
1032 2452 1089 2506 suis
1108 2452 1194 2507 stellis
1222 2459 1249 2506 et
1267 2460 1418 2521 octogonus
1438 2470 1499 2509 enm
1512 2444 1660 2523 'tetrugono
1683 2454 1712 2507 in
1732 2454 1871 2508 societatem

528 2535 640 2590 veniunt
657 2533 851 2601 congruentiae
869 2534 989 2597 abenas,
1015 2532 1144 2599 illamque
1171 2546 1225 2599 qno
1243 2530 1333 2585 minus
1356 2532 1507 2587 continuari
1533 2535 1620 2603 possit
1646 2535 1707 2602 ipse
1737 2534 1871 2596 decagonus

528 2613 655 2683 impedit;
683 2612 763 2667 stella
788 2613 869 2666 etiam
888 2613 947 2681 ejus
966 2611 1084 2665 hiulcam
1110 2611 1137 2663 in
1165 2611 1260 2665 mediis
1284 2612 1443 2680 interceptis
1462 2612 1559 2681 spatiis
1581 2613 1657 2667 incit'
1674 2611 1870 2680 congruentiam

528 2693 685 2760 Octogonus
703 2706 766 2745 vero
784 2698 813 2744 et
831 2690 911 2745 stella
929 2691 989 2757 ejus
1012 2683 1125 2743 alternis
1146 2688 1245 2756 jurant
1270 2690 1502 2745 continuationem
1526 2692 1734 2759 congruentiae,
1763 2688 1872 2745 admistis

528 2769 693 2842 queuntis,
710 2771 888 2837 congruentia
911 2770 943 2823 tit
966 2769 1169 2825 dirersiiormis.
1207 2770 1250 2823 lta
1273 2784 1344 2837 pene
1366 2784 1446 2837 pares
1474 2780 1537 2825 sunt
1561 2769 1612 2827 hae
1632 2780 1753 2841 quatuor
1775 2772 1801 2825 in
1825 2784 1872 2822 con·

528 2850 653 2921 pueritia
670 2848 760 2918 plana,
779 2849 939 2918 praesertim
957 2864 1020 2903 cum
1040 2864 1118 2902 areas
1137 2854 1268 2918 utraeque
1286 2848 1389 2915 figurae
1407 2848 1526 2903 babeant
1540 2848 1700 2905 ineffabiles.
1739 2848 1777 2903 aa
1792 2849 1818 2901 in
1834 2844 1872 2899 sci·

528 2928 633 2983 bilitate
651 2928 766 2985 muttum
784 2927 925 2997 praecellit
952 2934 1027 2982 seete
1048 2927 1238 2995 pentagonica.
1274 2926 1393 2981 Primum
1418 2928 1442 2983 si
1460 2926 1593 2981 centrales
1615 2926 1718 2995 figuras
1738 2926 1873 2981 considere·

529 3023 598 3074 mus,
618 3021 688 3075 quae
706 3013 771 3059 sunt
788 3006 833 3060 bie
847 3006 905 3075 jam
923 3015 1095 3074 pentagonus
1115 3012 1142 3059 et
1161 3006 1241 3060 stella
1260 3006 1334 3076 ejus,
1352 3006 1460 3061 illarum
1478 3006 1585 3077 quidem
1602 3006 1690 3061 latera
1709 3007 1761 3061 sub
1779 3004 1874 3060 eandem

529 3085 649 3154 speeiem
675 3084 852 3141 ineffabilium
875 3085 976 3139 cadunt
1000 3100 1061 3138 cum
1086 3084 1218 3143 lateribus
1237 3085 1363 3153 octogoni
1389 3094 1417 3139 et
1436 3086 1545 3153 stellae,
1572 3086 1720 3143 existentia
1738 3087 1840 3141 elesson
1855 3090 1875 3135 et

530 3162 635 3224 mirem
654 3160 695 3216 sin
715 3162 987 3231 circumferentiales,
1014 3176 1084 3231 quae
1102 3162 1148 3216 bic
1164 3171 1228 3217 sunt
1241 3162 1338 3217 ¹latera
1356 3164 1486 3233 decagoni
1513 3174 1542 3220 et
1558 3163 1654 3221 stellae
1672 3165 1748 3235 ejus,
1774 3164 1818 3217 ills
1833 3176 1874 3215 non

530 3247 637 3295 tantum
659 3246 724 3292 sunt
747 3254 782 3293 ex
800 3239 891 3308 specie
908 3239 1035 3293 nobiliori
1053 3238 1219 3294 binominum
1245 3250 1273 3295 et
1291 3250 1492 3313 apotomarum,
1521 3261 1583 3299 cum
1605 3246 1786 3313 octogenicae
1803 3243 1874 3295 lineae

532 3317 587 3373 sint
605 3332 640 3371 ex
658 3323 755 3384 quarta
773 3317 878 3385 specie,
906 3332 977 3385 quae
996 3323 1038 3371 est
1054 3318 1191 3371 mizonum
1218 3326 1245 3373 et
1262 3319 1430 3383 elassonum,
1459 3323 1507 3377 sed
1530 3323 1676 3393 acquirunt
1693 3325 1777 3378 etiam
1803 3317 1874 3375 onnia

530 3394 619 3451 latera
644 3396 841 3465 pentagonicae
864 3406 956 3451 sectae
974 3395 1171 3451 nobilissimam
1187 3399 1383 3467 proprietatem
1402 3401 1529 3455 sectionis
1554 3400 1704 3455 seeundum
1724 3408 1841 3455 extrema
1856 3403 1875 3446 et

530 3474 663 3543 medium,
692 3490 762 3542 quae
779 3474 861 3544 plane
879 3474 947 3529 nibil
965 3475 1064 3530 attinet
1089 3476 1175 3531 lineas
1195 3478 1379 3547 octogonicas.
1416 3477 1519 3544 Quodsi
1542 3479 1704 3545 octogoniea
1722 3486 1798 3534 secta
1822 3490 1875 3529 non·

530 3553 600 3610 nibil
616 3552 786 3621 praepollere
804 3554 864 3607 risa
881 3553 969 3608 estin
987 3556 1176 3624 congruentia,
1202 3556 1248 3611 hie
1262 3557 1320 3626 jam
1338 3557 1456 3611 vicissim
1474 3558 1560 3613 multo
1577 3559 1678 3612 fortius
1697 3558 1874 3627 deprimitnrn

530 3630 719 3702 pentagonica
752 3626 840 3687 Recte
858 3632 941 3703 igitur
959 3638 1098 3701 numque,
1117 3640 1148 3687 ut
1167 3634 1201 3689 de
1218 3635 1386 3703 praestantia
1404 3636 1608 3706 contendentes,
1630 3638 1658 3691 in
1677 3654 1759 3693 unam
1778 3635 1876 3692 classen

532 3710 643 3781 redegi,
660 3711 812 3780 praemissa
828 3719 920 3767 tamen
938 3710 1128 3781 pentagonica.
1166 3713 1330 3769 Consulatus
1348 3713 1381 3767 de
1400 3713 1442 3765 his
1464 3714 1612 3769 identidem
1630 3715 1698 3771 liber
1717 3716 1737 3769 1.

533 3862 538 3870 Ι
619 3788 672 3845 Est
691 3796 719 3843 et
736 3790 882 3859 peculiaris
900 3789 1091 3859 praerogativa
1109 3790 1259 3860 biquintilis
1278 3808 1345 3861 prae
1359 3792 1475 3847 tridecili
1493 3800 1521 3849 et
1532 3794 1643 3849 trioetili
1661 3796 1798 3863 suamque
1815 3792 1877 3861 qnin-

534 3870 628 3937 cunee‚
648 3867 722 3937 quod
740 3868 821 3923 stella
837 3868 1028 3938 penmgonica,
1045 3870 1176 3938 primaria
1193 3888 1231 3927 so.
1243 3872 1316 3927 illius
1328 3871 1423 3941 ligura,
1443 3873 1613 3941 aptissimum
1625 3880 1653 3927 et
1665 3874 1789 3941 trigonici
1802 3884 1876 3925 semu·

530 3948 589 4003 lum
605 3946 690 4006 babet
707 3947 851 4018 angulnm;
871 3950 936 4017 quia
953 3955 984 4003 ut
1001 3954 1056 4003 tres
1076 3952 1169 4021 anguli
1186 3953 1295 4022 trigoni,
1315 3952 1354 4007 sic
1368 3952 1448 4005 etiam
1468 3952 1589 4020 quinque
1601 3952 1693 4020 eugub
1712 3952 1807 4008 stellae
1824 3963 1876 4017 pen·

530 4025 673 4095 tagonieae
687 4025 805 4094 junctim
823 4028 951 4095 utrinque
969 4037 1123 4095 aequantur
1150 4030 1258 4087 duobus
1277 4030 1371 4100 rectis,
1399 4040 1430 4085 ιιι
1449 4030 1488 4085 sic
1506 4030 1592 4089 latera
1616 4030 1730 4099 ungulos
1749 4024 1876 4084 formantia

529 4104 624 4161 circuli
641 4120 721 4160 arcus
740 4121 864 4176 quaeque
882 4123 947 4162 suos
965 4108 1149 4177 intercipiant,
1168 4128 1224 4165 non
1241 4126 1306 4165 rere
1324 4110 1389 4165 bina
1408 4117 1435 4163 st
1459 4108 1522 4163 bina
1543 4109 1695 4177 portionem
1711 4108 1826 4176 aliquam
1837 4106 1875 4157 cir·

532 4184 588 4239 culi
604 4185 789 4253 communiter,
809 4186 882 4254 quod
900 4188 928 4241 in
941 4186 1022 4241 stella
1040 4196 1112 4257 octo,
1131 4188 1233 4257 decem,
1253 4188 1395 4256 duodecim
1412 4186 1556 4255 radiorum,
1576 4188 1611 4241 ob
1624 4186 1699 4255 paris
1712 4186 1815 4241 numeri
1827 4196 1876 4237 oon·

532 4263 670 4324 ditionem,
687 4264 878 4332 inqneceteris
896 4264 990 4331 figuris
1009 4264 1175 4349 primigeniis
1193 4269 1228 4323 ob
1248 4268 1339 4335 anguli
1357 4266 1567 4334 magnitudinem
1585 4264 1645 4319 fieri
1662 4281 1718 4319 non
1736 4268 1831 4333 potest

620 4342 738 4397 Excussi
756 4358 850 4398 omnes
868 4342 981 4411 loculos,
999 4351 1031 4397 ut
1048 4346 1218 4413 argumentis
1235 4344 1340 4400 idoneis
1359 4346 1440 4399 iidem
1457 4343 1589 4412 iacerem,
1608 4360 1642 4397 ne
1660 4344 1760 4397 nimius
1778 4342 1823 4393 tiat
1839 4352 1876 4389 uu·

534 4418 624 4477 merus
648 4428 820 4497 aspectuum,
845 4422 1034 4477 confusionem
1058 4423 1086 4477 iu
1112 4424 1279 4493 experiundo
1302 4426 1456 4493 pariturus;
1481 4424 1552 4477 intra
1577 4422 1739 4492 quadratum
1760 4420 1837 4489 igitur
1856 4420 1875 4495 et

533 4498 675 4568 quintilem
693 4496 916 4569 biquintilemque
935 4500 1140 4557 subsistendum
1165 4517 1227 4557 esse
1252 4518 1302 4557 nec
1327 4502 1363 4557 ad
1386 4518 1479 4556 eorum
1504 4501 1638 4555 derivatos
1665 4510 1784 4569 quatuor
1805 4492 1876 4547 ultim

532 4579 633 4649 gradus
652 4586 747 4647 utpote
765 4578 955 4634 imbecillimos
974 4578 1215 4649 progrediendum,
1244 4580 1308 4637 lieet
1325 4581 1375 4637 hos
1395 4596 1504 4651 quoque
1523 4582 1608 4651 prima
1623 4580 1776 4651 propositio
1796 4571 1875 4629 adnit-

533 4669 580 4713 tat.
619 4657 647 4710 Si
665 4668 756 4711 temen
773 4657 829 4711 ista
847 4672 902 4711 non
920 4656 1095 4713 satisfaciunt
1122 4666 1150 4715 et
1168 4661 1191 4715 si
1209 4666 1285 4715 tanta
1303 4668 1345 4715 est
1367 4662 1469 4730 primae
1496 4659 1688 4729 propositionis
1707 4656 1830 4727 dignitus,
1853 4654 1875 4699 nt

533 4738 692 4792 intercessio
710 4737 796 4791 omnis
815 4736 922 4792 sublata
939 4738 988 4792 sit:
1007 4754 1068 4807 age,
1086 4738 1183 4807 cuique
1202 4755 1251 4809 per
1268 4755 1311 4795 me
1329 4738 1445 4794 liberum
1458 4747 1526 4806 esto,
1544 4738 1681 4807 respicere
1699 4738 1734 4791 ad
1746 4737 1795 4790 hos
1809 4730 1874 4786 etiam

533 4825 674 4886 aspectus,
699 4817 858 4885 praesertim
880 4816 913 4871 iis
935 4816 1116 4887 temporibus,
1139 4818 1239 4885 quibus
1263 4818 1348 4873 ceteri
1370 4832 1463 4872 omnes
1490 4818 1632 4873 defuerint.
1649 4873 1653 4881 ,
1670 4816 1723 4871 Pur
1744 4814 1812 4871 enim
1832 4812 1871 4868 esi

534 4910 616 4963 super
634 4894 676 4948 bis
695 4910 803 4963 quoque
821 4896 911 4950 andiu
929 4896 1121 4952 testificantem
1139 4897 1348 4967 experientiam,
1376 4905 1406 4953 ιιι
1424 4898 1540 4967 quae'et
1557 4897 1655 4952 ceteris
1678 4896 1789 4966 primaru
1806 4888 1873 4945 fidem

533 4970 599 5027 iecit
616 4980 678 5027 ante
695 4972 823 5027 rationes.
1290 5036 1293 5045 Ι

620 5046 839 5124 Propositio
862 5048 934 5112 XV.
979 5050 1054 5113 Sunt
1075 5042 1194 5127 aliquas
1218 5048 1478 5127 configurationes,
1502 5066 1579 5127 quae
1601 5052 1677 5110 inter
1701 5048 1827 5111 efficaoes
1846 5044 1868 5097 ei

534 5149 593 5192 nou
616 5134 750 5195 efficaces
772 5137 940 5214 ambiguum
968 5140 1105 5199 nimirum
1126 5155 1211 5221 mous
1234 5135 1298 5197 24⁰
1327 5148 1364 5199 e'x
1385 5138 1682 5216 pentelraedeeagono
1714 5145 1744 5198 et
1769 5126 1823 5195 18⁰
1841 5142 1869 5187 ιι

535 5223 696 5299 icosigono.
