4242 6384
462 784 525 845 lli
995 769 1284 843 Ds'l’ropcrts'onlhua

460 962 603 1019 consonat
624 956 712 1018 edam
821 952 969 1025 abscissa,
1000 955 1075 1011 siem
1097 951 1186 1027 priori
1208 912 1408 1027 propositione
1437 968 1503 1011 curu
1526 956 1588 1012 toto
1617 950 1836 1029 consonabat;

459 1048 506 1104 sin
528 1061 602 1118 eam,
626 1062 715 1121 qnam
736 1049 817 1102 totus
839 1038 878 1100 ad
900 1038 1031 1116 aliquam
1054 1038 1203 1099 dissonam
1226 1046 1353 1125 partem,
1385 1039 1550 1100 dissonahit
1572 1048 1602 1100 et
1622 1040 1666 1101 ab
1693 1041 1839 1101 abscissa

459 1139 841 1269 pmePertmhmotgembrum
862 1208 958 1263 nititur
980 1207 1116 1263 axiomate
1139 1210 1166 1263 h,
1190 1212 1221 1260 ut
1243 1212 1271 1261 et
1287 1208 1448 1279 posterioris
1464 1180 1578 1265 mssrhri
1600 1210 1755 1281 particula
1774 1229 1839 1275 nna,

461 1294 535 1365 qood
550 1291 691 1348 residuum
709 1290 832 1345 dissonet
850 1302 867 1341 a
883 1295 963 1357 parte
981 1286 1110 1342 abscissa.
1148 1284 1227 1354 Quod
1245 1300 1308 1341 vero
1326 1286 1381 1341 tale
1400 1287 1538 1343 residuum
1561 1286 1691 1345 dissonet
1712 1292 1805 1347 etiam
1825 1307 1841 1344 a

461 1383 529 1443 toto,
548 1373 587 1429 sic
613 1372 760 1441 probatur:
787 1368 861 1437 capit
878 1366 950 1422 enim
967 1366 996 1421 id
1021 1365 1141 1421 indicta
1166 1366 1342 1435 proportione
1362 1366 1450 1421 locum
1469 1368 1553 1425 totius
1572 1370 1670 1425 circuli
1692 1388 1752 1441 per
1772 1369 1842 1439 ligu-

416 1474 420 1479 ·
459 1471 518 1509 ram
534 1449 807 1508 indemonstrabilem,
820 1446 914 1517 dirisi,
935 1462 1021 1515 quare
1043 1446 1096 1500 etsi
1113 1444 1252 1500 residuum
1271 1446 1325 1499 tale
1352 1454 1394 1500 est
1412 1447 1501 1502 minus
1519 1456 1577 1503 toto
1595 1450 1724 1517 circulo,
1757 1448 1842 1516 cujus

461 1542 504 1589 eat
520 1530 673 1599 residuum,
700 1537 729 1584 at
746 1529 834 1596 mains
853 1536 944 1581 tamen
962 1525 1005 1580 est
1021 1525 1204 1593 semicirculo,
1232 1540 1266 1578 ex
1285 1524 1442 1578 dennidonc
1459 1526 1569 1580 residui.
1608 1528 1725 1595 Quodsi
1747 1528 1841 1595 majus

461 1622 504 1670 est
521 1610 692 1667 semicirculo
710 1624 774 1676 suo,
798 1616 897 1677 quarta
913 1606 998 1676 igitur
1015 1603 1109 1660 circuli
1127 1604 1168 1659 sui
1186 1620 1265 1673 para,
1290 1603 1391 1672 quippe
1410 1602 1520 1661 dimidia
1537 1606 1725 1676 semicirculi,
1747 1608 1842 1661 minor

463 1699 507 1749 eat
528 1689 634 1745 residui
655 1685 737 1757 hujus
763 1686 882 1743 dimidio.
919 1685 1010 1753 Quare
1029 1693 1061 1739 ιι
1079 1684 1218 1739 residuum
1242 1682 1275 1737 ad
1295 1681 1389 1736 circuli
1406 1683 1449 1737 sui
1473 1690 1616 1754 quartum,
1643 1687 1687 1741 sio
1710 1688 1771 1740 erit
1791 1686 1842 1739 ali-

461 1771 523 1843 quis
540 1765 658 1823 circulus
676 1766 779 1821 divisus
797 1782 814 1820 a
830 1765 919 1835 figura
930 1761 1172 1830 indemonstrabili,
1191 1760 1226 1815 ad
1238 1761 1357 1829 aliquam
1369 1778 1447 1820 suam
1459 1772 1565 1832 partein
1581 1764 1734 1821 divisionis
1749 1766 1840 1819 illios.

460 1851 499 1905 Δι
516 1848 640 1903 ιὶιιοιιι
656 1850 733 1898 ιοιιι
749 1842 814 1898 talis
832 1843 951 1898 circulus
969 1859 985 1897 a
1002 1842 1052 1897 tali
1070 1858 1120 1901 sua
1138 1846 1215 1911 parte
1233 1858 1283 1910 per
1301 1858 1344 1896 ax.
1358 1843 1395 1911 3.,
1416 1842 1567 1898 dissonahit
1578 1842 1661 1913 igitur
1679 1852 1713 1899 et
1728 1844 1841 1899 dictum

460 1925 600 1982 residuum
617 1938 635 1976 s
653 1921 747 1976 circuli
764 1922 808 1976 sui
825 1929 936 1991 quana,
959 1936 1009 1991 per
1026 1936 1070 1976 ax„
1089 1922 1129 1988 5.,
1153 1918 1305 1975 dissonabit
1322 1920 1405 1990 igitur
1423 1920 1503 1975 etiam
1527 1928 1619 1977 atoto
1638 1937 1695 1977 sao
1717 1922 1839 1990 ιῐιιιιο,

547 2018 579 2056 ro
600 2002 650 2056 ,7.

461 2018 512 2074 W
527 2018 812 2137 pcgrollsriam
834 2074 881 2134 ad
902 2074 968 2133 has
989 2076 1292 2151 propositiones.
1336 2072 1413 2135 Sunt
1435 2092 1504 2152 ergo

464 2181 696 2242 consonaepartss.
743 2178 977 2231 (lonaonarssidus.
1024 2180 1148 2227 Dissonas'
1165 2184 1258 2240 partes.
1304 2176 1415 2229 Dissona
1429 2178 1537 2227 residua.
1582 2180 1713 2243 Respecto
1733 2185 1819 2231 totius

1340 2815 1466 2955 13?
1479 2858 1522 2940 19]

1402 2924 1467 3025 ιξιξ
1480 2955 1522 3011 ιι.

1041 3187 1184 3261 CAPUT
1211 3189 1248 3261 11.

823 3310 871 3365 De
889 3308 1056 3365 Sectione
1073 3306 1280 3365 Harmonice
1298 3308 1468 3367 chordae.

553 3488 556 3492 ²
575 3457 727 3518 Hactenus
751 3456 892 3531 originem
915 3454 1068 3515 docuimus
1091 3454 1323 3515 harmonicorum
1353 3460 1588 3535 proportionum,
1622 3478 1749 3540 eamque
1774 3462 1832 3521 du·

468 3547 584 3625 plicem,
608 3562 697 3604 unam
720 3544 917 3604 immediatam
948 3560 967 3601 a
989 3542 1090 3620 figuris
1119 3540 1397 3603 demonstrabilibus
1420 3546 1582 3623 iisdemque
1613 3558 1643 3609 ιι
1671 3554 1831 3629 congruis3

468 3634 590 3695 alteram
618 3632 766 3692 mediante
796 3633 985 3708 proportione
1015 3629 1122 3709 dupla,
1140 3692 1141 3697 ,
1158 3646 1217 3706 qua
1247 3632 1348 3690 nititur
1385 3637 1641 3695 consonantiarum
1676 3637 1830 3699 identitas.

471 3722 546 3782 Cum
567 3727 667 3781 autem
690 3718 819 3778 infinitae
842 3721 901 3778 sint
923 3718 1109 3777 harmonicae
1131 3720 1334 3795 proportiones
1358 3736 1469 3797 eaeque
1493 3722 1591 3797 quoad
1607 3710 1740 3787 nostram
1756 3743 1831 3799 cog-

438 3845 441 3849 ·
470 3811 612 3869 ntnonem
635 3806 732 3868 adhuc
753 3804 854 3880 rudes,
883 3801 1048 3881 impolitae,
1078 3807 1285 3882 inconspicuae
1309 3814 1338 3866 et
1362 3809 1559 3957 innoxinatac
1582 3818 1612 3869 et
1634 3822 1832 3873 coacervatae

469 3914 521 3958 seu
544 3894 686 3972 disiectae
707 3896 824 3972 potius,
858 3900 892 3953 ut
913 3892 1015 3969 aliqua
1036 3892 1152 3951 radium
1175 3892 1305 3969 lapidum
1328 3892 1424 3969 lignos
1475 3913 1532 3973 que
1564 3900 1664 3973 copia:
1695 3904 1831 3977 sequitur

470 3994 504 4043 ιι
521 3982 746 4061 progrediamur
768 3980 806 4041 ad
829 3998 880 4040 aas
902 3978 1066 4058 poliendas,
1091 3979 1129 4039 ad
1151 3983 1270 4043 nomina
1292 3984 1365 4058 ipsis
1387 3982 1524 4058 indenda,
1549 3984 1674 4063 denique
1696 3988 1734 4046 ad
1761 3986 1831 4065 pul-

470 4072 643 4133 cherrimum
666 4069 832 4131 aediliciam
854 4071 1022 4147 systematis
1044 4068 1204 4129 harmonici
1228 4086 1281 4128 ιιι
1296 4068 1396 4129 scalas
1412 4073 1541 4131 musicae
1564 4090 1600 4131 ιιι
1615 4076 1650 4131 iis
1673 4082 1830 4135 exstruen-

470 4158 548 4233 dum,
572 4158 656 4237 ouius
678 4160 848 4218 constitutio
869 4174 929 4217 non
952 4164 997 4217 est
1020 4157 1183 4231 arbitraria,
1206 4164 1239 4214 ut
1261 4158 1327 4231 qais
1351 4160 1482 4233 cogitare
1504 4162 1614 4235 possit,
1637 4178 1695 4221 non
1720 4165 1828 4223 invon-

470 4257 533 4307 tnm
554 4245 716 4305 humanum
737 4242 811 4318 tale,
835 4244 914 4320 qood
936 4245 1042 4303 mutari
1066 4246 1154 4303 etiam
1175 4245 1285 4323 possit,
1313 4244 1363 4304 ssd
1386 4245 1645 4307 rationabilissima
1667 4250 1827 4309 naturalis-

470 4336 618 4410 simaque,
651 4330 726 4391 adso
754 4340 789 4389 ιι
815 4329 897 4391 Dens
924 4333 988 4408 ipse
1016 4330 1137 4391 Creator
1174 4328 1254 4389 illam
1286 4334 1461 4407 expresserit
1497 4336 1527 4391 in
1560 4340 1827 4413 contemperatione

472 4430 606 4481 motuum
628 4419 810 4480 coelestium
855 4418 1105 4495 Coagmentantur
1126 4424 1224 4477 autem
1246 4420 1450 4495 proportiones
1473 4420 1689 4485 harmonicae
1682 4441 1711 4481 m
1735 4440 1824 4495 uuum

470 4518 600 4588 systema
625 4523 679 4585 per
707 4506 852 4567 sectiones
881 4504 1007 4566 chordae
1029 4504 1230 4579 harmonicas,
1263 4522 1338 4582 quae
1362 4518 1436 4585 quot
1464 4510 1524 4569 sint
1545 4526 1683 4585 numero,
1715 4510 1745 4571 id
1767 4513 1823 4571 hoc

471 4599 567 4675 capite
588 4589 815 4675 perquirendum
837 4590 901 4652 erit.

553 4707 571 4763 g
565 4688 633 4761 ς·
767 4679 968 4743 Definitio
1013 4678 1087 4739 Cum
1109 4686 1172 4741 tota
1195 4679 1304 4741 chorda
1325 4684 1470 4742 ιιιιιιι
1463 4701 1491 4740 ιι
1514 4690 1612 4760 partes
1635 4684 1725 4755 tales,
1750 4700 1824 4762 quse

608 4763 633 4868 ᾗ
676 4776 707 4829 ιι
727 4772 803 4829 inter
824 4786 857 4829 ae
879 4776 909 4837 ιι
930 4784 997 4827 cum
1020 4775 1084 4827 tota
1105 4767 1239 4842 singulae
1262 4778 1438 4841 consonent,
1461 4774 1554 4831 sectio
1576 4771 1746 4831 harmonica
1768 4789 1823 4831 no·

486 4872 511 4928 2
554 4882 572 4905 ·
615 4876 633 4958 Β
676 4858 722 4916 his
744 4857 864 4917 dicetur.
909 4854 1041 4916 Medium
1063 4870 1133 4914 vero
1155 4857 1291 4915 sectionis
1307 4855 1405 4932 hujus,
1426 4859 1538 4918 musice
1554 4854 1600 4939 (id
1620 4867 1665 4918 est
1679 4854 1821 4938 consone)

485 4908 512 5005 ιῖ
577 4958 634 4999 a
676 4946 927 5023 proportionatae,
949 4950 995 5002 cst
1008 4944 1135 5019 partium
1152 4940 1273 5002 duamm
1289 4942 1458 5020 aequalium
1473 4960 1546 5018 una,
1569 4946 1619 5005 vel
1640 4948 1666 5005 si
1681 4948 1821 5023 inaequa-

484 5022 572 5165 ἓο·
565 5021 633 5073 ··¹
677 5031 731 5107 les,
754 5049 854 5092 earum
876 5031 987 5108 major;
1010 5036 1140 5090 extrema
1162 5032 1358 5108 proportionis
1374 5046 1520 5092 consonae
1542 5040 1611 5092 sont
1628 5047 1696 5111 pars
1710 5034 1820 5111 reliqna

613 5106 636 5160 ¹·
680 5120 730 5179 vel
751 5122 846 5181 minor
867 5128 898 5179 et
918 5116 1029 5179 chorda
1050 5124 1123 5176 tota

553 5184 630 5252 ecl
767 5202 901 5258 Obserret
924 5208 1063 5271 geometra
1087 5198 1239 5269 analogiam
1262 5200 1446 5271 proportionis
1464 5199 1571 5259 divinas
1596 5218 1645 5258 ssu
1672 5202 1817 5259 secundnm

485 5256 629 5341 ιιιιιιιιι
679 5287 801 5337 extrem
818 5287 847 5337 et
862 5280 1015 5348 medinm,
1006 5296 1036 5336 ιι
1053 5294 1109 5349 qna
1126 5286 1186 5335 tota
1203 5278 1289 5336 hahet
1306 5280 1421 5337 eandem
1437 5281 1643 5351 proportionem
1663 5281 1700 5338 sd
1717 5289 1816 5353 partem
