4242 6384
500 758 563 817 ses
914 752 956 806 ue
975 724 1241 822 mnegnsoenru'us
1259 752 1438 809 ammonas.

500 933 683 995 conformant
702 931 776 993 radii
799 931 904 1005 lucidi,
935 949 981 991 res
1003 931 1086 992 coelo
1111 930 1249 1001 oriunda,
1271 930 1330 991 'aed
1353 932 1382 989 ln
1405 930 1526 992 Terram
1545 932 1609 1009 jam
1632 932 1767 1011 delapsa
1810 934 1850 995 De

501 1038 568 1080 vere
591 1021 765 1081 coelestibus
788 1038 857 1080 reru
879 1020 1039 1079 harmoniis
1060 1020 1138 1079 libre
1161 1018 1198 1079 V.
1222 1036 1258 1078 ex
1280 1020 1411 1095 professo
1435 1036 1566 1095 agemus.
1613 1020 1766 1081 Breviter:
1798 1030 1851 1082 ter·

496 1110 570 1166 mini
592 1110 809 1168 harmoniarum
830 1109 904 1168 libro
927 1110 1013 1168 tertio
1035 1107 1154 1167 fuerunt
1182 1107 1308 1165 hominis
1331 1124 1384 1165 seu
1407 1110 1479 1167 artis
1503 1124 1593 1184 opus,
1623 1108 1680 1169 hoc
1702 1109 1782 1169 libro
1804 1110 1850 1167 iv.

500 1190 728 1256 cront'natnrae
752 1213 842 1274 opus,
864 1195 940 1255 libro
965 1195 1090 1271 denique
1112 1194 1151 1255 V.
1175 1202 1259 1253 crunt
1280 1210 1354 1270 opus
1372 1194 1434 1259 ¹Dei
1459 1194 1615 1255 Crantoris.
1715 1188 1718 1195 ’

585 1281 640 1347 ΠΙ.
663 1282 812 1359 Quantum
831 1284 895 1359 Jam
917 1282 955 1342 ad
977 1281 1151 1342 rationalem
1173 1298 1301 1353 caueam,
1326 1298 1402 1356 quac
1418 1280 1578 1343 harmoniis
1601 1301 1687 1343 suurn
1703 1300 1765 1343 erse
1788 1301 1854 1343 cou-

498 1369 594 1443 clllat,
618 1364 772 1431 discrimen
794 1370 934 1429 librorum
953 1370 1032 1437 ‚tertii
1056 1376 1086 1429 et
1108 1370 1204 1446 quarti
1229 1370 1257 1425 iu
1281 1384 1388 1443 genere
1410 1368 1523 1428 nullum
1540 1379 1594 1442 est,
1617 1371 1670 1431 sed
1694 1370 1805 1431 saltem
1826 1374 1853 1429 in

499 1459 606 1535 specie.
652 1458 819 1518 influebant
841 1460 919 1517 euim
940 1458 1015 1516 libro
1038 1456 1094 1514 ΙΙΙ.
1117 1456 1288 1514 harmoniae
1319 1457 1432 1516 ratione
1462 1459 1507 1515 sui
1536 1452 1663 1535 subjecti
1693 1459 1855 1518 materialis

498 1543 659 1626 (sonorum)
685 1548 714 1603 in
744 1562 861 1619 sensus,
895 1546 1110 1622 recipiebantur
1143 1552 1171 1602 et
1202 1540 1438 1619 dijudicabantur
1471 1546 1584 1604 ratione
1620 1564 1693 1604 snae
1727 1546 1855 1605 forurslis

422 1666 428 1676 .
499 1635 655 1705 mseutiae,
680 1651 739 1709 qua
760 1633 930 1692 harmoniae
952 1640 1021 1691 sunt
1042 1630 1086 1708 (id
1114 1640 1159 1689 est
1181 1630 1408 1706 formabantur),
1431 1630 1470 1689 ab
1495 1634 1634 1693 instinctu
1667 1634 1763 1698 menti
1790 1652 1856 1691 con-

499 1729 606 1794 creato,
629 1722 751 1779 rationis
774 1722 837 1779 sine
860 1719 993 1778 discursu
1015 1720 1167 1795 participe.
1213 1718 1251 1776 lli
1279 1716 1421 1777 hactenns
1448 1718 1619 1779 harmoniae
1652 1720 1856 1797 tautummodo

499 1822 532 1866 se
554 1808 627 1884 ipsis
649 1808 919 1867 considerabautur.
946 1804 1079 1865 'Deinde
1111 1818 1180 1865 vcro
1206 1808 1259 1882 per
1287 1804 1448 1879 occultum,
1479 1806 1532 1866 sed
1562 1808 1730 1867 confessum
1762 1814 1856 1867 tamon

500 1897 704 1954 commercium
727 1894 900 1953 facultatum
923 1896 1039 1953 animae
1063 1890 1340 1953 uansfuudebantur
1355 1892 1524 1955 harmoniae
1548 1896 1703 1955 introrsum
1722 1904 1856 1971 receptae

500 1982 675 2041 ineffectus
702 1982 797 2041 cordis
825 1984 937 2054 uarios,
971 1998 1023 2057 per
1050 1980 1194 2057 quasdam
1226 1980 1279 2039 sui'
1299 1980 1504 2039 similitudines
1535 1998 1588 2041 scu
1611 1984 1730 2061 icones3
1762 1991 1856 2042 haus-

498 2069 696 2129 fundebantur
716 2079 746 2128 ct
769 2071 797 2126 iu
821 2069 1039 2141 locomotivam,
1064 2077 1096 2126 ut
1117 2066 1205 2126 horno
1230 2076 1401 2144 conceptam
1418 2070 1515 2127 animo
1532 2072 1660 2145 speciem
1683 2070 1856 2131 harmoniae

498 2170 558 2216 nou
581 2174 655 2216 voce
678 2154 791 2215 tautum
814 2159 1001 2233 exprimeret,
1034 2156 1093 2214 sed·
1115 2156 1204 2213 etiam
1233 2164 1315 2213 motu
1339 2158 1468 2232 corporis
1498 2158 1670 2217 imitaretur.
1699 2160 1768 2217 'lta
1793 2159 1857 2216 har-

498 2246 615 2316 moniae
639 2247 719 2303 vices
742 2244 867 2319 alicujus
889 2260 996 2303 causae
1019 2243 1180 2302 subierunt.

584 2330 722 2393 Similiter
750 2340 780 2391 et
808 2330 856 2390 bic
877 2333 1005 2410 animam
1032 2338 1197 2406 supponere
1224 2344 1344 2389 necesse
1375 2327 1437 2403 est,
1476 2332 1522 2389 cui
1555 2332 1624 2391 inde
1658 2350 1676 2391 a
1708 2334 1856 2393 creatione

496 2432 593 2477 rerum
614 2420 653 2478 sit
677 2420 844 2477 instinctum
872 2419 928 2477 hoc
959 2420 1180 2493 proportionum
1210 2416 1441 2477 harmonicarum
1466 2440 1610 2497 cprrppros
1641 2428 1776 2497 atquae
1806 2438 1856 2478 an-

498 2504 599 2582 gulum
623 2506 951 2566 duorum'radiantiurn
979 2506 1121 2577 siderum,
1153 2503 1417 2580 quomodocunque
1447 2506 1523 2564 intro
1552 2514 1703 2583 receptum
1728 2504 1801 2589 (seu
1831 2504 1857 2562 id

497 2592 549 2651 dat
572 2592 673 2669 aliqua
695 2612 726 2653 rc
748 2607 887 2653 sensuum
911 2592 1050 2668 analoga,
1074 2594 1137 2650 sire
1160 2608 1231 2651 suae
1255 2592 1416 2661 essentiae,
1441 2608 1501 2668 qua
1523 2596 1622 2653 anima
1645 2604 1699 2668 est,
1717 2596 1856 2673 proprie·

497 2686 573 2755 tate3
604 2680 639 2740 dc
663 2675 722 2757 quo
746 2688 776 2741 et
800 2680 909 2740 dictum
932 2681 1028 2756 capite
1051 2678 1238 2756 praecedeuti
1269 2686 1298 2737 et
1321 2678 1451 2739 dicentur
1484 2681 1729 2757 insequentibus
1754 2676 1854 2759 plura)

496 2784 596 2830 secum
618 2770 683 2845 ipsa
706 2770 850 2838 aestimet,
874 2766 912 2826 ad
935 2774 1062 2843 quatuor
1083 2775 1178 2825 rectos
1202 2774 1363 2841 comparet,
1387 2765 1590 2829 harmonicum
1612 2788 1630 2829 a
1653 2782 1711 2829 nou
1737 2770 1855 2829 harmo-

496 2857 562 2915 nico
585 2855 736 2932 dijudicet,
759 2857 854 2915 etsie
876 2855 1047 2914 barmoniae
1070 2870 1155 2913 suum
1178 2870 1237 2913 erse
1260 2852 1456 2913 intellectuale
1481 2856 1626 2931 conciliet,
1651 2856 1733 2933 quod
1757 2856 1856 2933 anguli

496 2941 527 3001 hi
548 2944 619 3003 foris
644 2952 726 3003 extra
748 2944 853 3003 mantis
876 2941 977 3001 limina
1000 2940 1131 3001 noudum
1154 2940 1312 3001 hebebant.

583 3029 696 3105 Quodsi
727 3038 900 3107 quaeratur,
932 3027 1098 3104 cujusmodi
1128 3028 1202 3088 haec
1233 3032 1330 3088 anima
1357 3030 1411 3099 sit,
1443 3028 1492 3087 ubi
1517 3028 1563 3087 rel
1596 3031 1624 3086 in
1649 3048 1708 3106 que
1734 3046 1853 3106 corpore

497 3116 665 3190 collocetur,
689 3116 861 3195 respondeo,
886 3118 1010 3194 primum
1033 3114 1108 3175 tales
1131 3130 1195 3175 esee
1218 3118 1347 3174 omnium
1370 3116 1520 3174 hominum
1536 3120 1660 3176 animus.
1705 3116 1768 3178 Sed
1783 3118 1854 3175 libro

497 3205 584 3263 tertio
609 3212 672 3264 erat
693 3204 834 3278 facultas,
859 3222 935 3279 quae
957 3210 1075 3281 praeest
1097 3202 1211 3264 auditui
1242 3210 1271 3263 et
1286 3206 1335 3263 'sic
1357 3204 1505 3276 sensibus,
1521 3200 1582 3264 'hic
1605 3220 1664 3263 non
1688 3216 1734 3266 eet
1759 3204 1851 3264 sensi-

498 3293 562 3350 tiva
582 3290 717 3351 facultas.
764 3289 850 3351 Oculi
872 3293 958 3362 euim,
982 3308 1105 3367 qnorum
1130 3290 1277 3365 ochetum
1301 3298 1370 3350 sunt
1391 3288 1442 3349 lux
1465 3300 1495 3349 et
1517 3290 1590 3349 radii
1614 3291 1717 3366 lucidi,
1743 3290 1853 3351 nullum

498 3379 610 3447 faciunt
637 3377 775 3437 idoneum
806 3378 945 3437 indicium
975 3378 1162 3437 harmonicae
1191 3376 1363 3437 radiationis
1391 3378 1526 3436 binorum
1556 3378 1752 3455 planetarum.
1798 3378 1854 3437 Nec

500 3473 544 3525 ast
566 3468 771 3525 ratiocinativa
792 3464 932 3541 facultas3
961 3467 1015 3525 etsi
1038 3467 1116 3525 enirn
1138 3481 1174 3523 ex
1198 3464 1454 3525 observationibus
1477 3467 1681 3526 astronomicis
1708 3486 1763 3545 per
1787 3482 1854 3525 ocu·

498 3552 544 3611 los
567 3552 811 3612 administrandis
826 3554 902 3613 ratio
925 3555 1037 3612 invenit
1059 3560 1089 3611 et
1112 3560 1279 3627 computat,
1304 3555 1362 3630 'qul
1385 3554 1491 3631 quovis
1514 3560 1645 3631 tempore
1672 3554 1731 3614 sint
1754 3569 1853 3629 aspec-

499 3647 555 3714 tos,
578 3641 608 3698 id
631 3648 729 3700 tamen
752 3657 811 3700 uon
834 3640 896 3716 agit
921 3639 1107 3711 naturaliter,
1132 3641 1240 3716 qnippe
1263 3658 1322 3701 nou
1344 3640 1423 3718 apud
1447 3656 1547 3700 omnes
1571 3642 1738 3718 promiscue
1760 3640 1853 3701 horni-

498 3743 561 3802 nes,
584 3727 636 3787 sed
659 3726 833 3803 voluntarie,
856 3722 936 3805 apud
959 3744 1070 3808 paucos
1093 3729 1290 3787 astronomiae
1318 3727 1506 3805 singulariter
1536 3729 1675 3790 deditos·
1706 3730 1767 3791 Sed
1791 3730 1852 3786 suut

499 3818 615 3875 animae
645 3816 793 3875 humanae
822 3814 987 3891 subjectum
1017 3815 1234 3875 harmoniarum
1266 3816 1382 3875 illarum
1409 3818 1532 3892 primurn
1561 3820 1674 3877 rarione
1702 3818 1852 3876 instinctus

498 3903 657 3979 naturalis,
688 3894 884 3979 inquantum
914 3906 1028 3963 anlmae
1059 3912 1128 3963 sunt
1152 3902 1330 3979 exemplaria
1358 3906 1512 3976 creatoris,
1544 3912 1574 3963 ut
1598 3904 1705 3964 dictum
1739 3922 1802 3979 cap.
1825 3902 1850 3971 4,

499 3990 629 4052 secundo
653 3992 766 4052 ratione
789 3990 974 4064 facultatum,
1005 3990 1105 4050 vitalis
1128 4000 1157 4050 et
1180 3991 1323 4051 naturalis
1346 4000 1537 4067 motuumque
1562 3990 1693 4051 vitalium
1716 4001 1747 4051 et
1771 3996 1851 4049 natu·

497 4077 612 4152 rallnm,
636 4096 689 4139 seu
712 4077 867 4139 Platonico
892 4091 972 4138 more
996 4078 1233 4155 concupiscibilis
1257 4085 1287 4137 et
1308 4078 1463 4139 irascibilis
1485 4080 1629 4155 partium3
1653 4079 1766 4138 ratione
1789 4076 1851 4152 qui-

499 4164 565 4225 dem
588 4164 683 4241 illius,
714 4168 744 4224 in
777 4172 920 4243 quantum
948 4166 1119 4225 harmoniae
1146 4172 1229 4239 suut,
1263 4168 1376 4227 ratione
1408 4182 1478 4227 vero
1500 4166 1618 4241 harum,
1653 4170 1682 4225 in
1714 4170 1849 4242 quantum

502 4256 616 4330 species
638 4254 853 4313 harmoniarum
883 4255 1087 4330 imprimuntur
1117 4254 1145 4309 in
1175 4254 1228 4311 has
1258 4252 1413 4314 facultates
1443 4254 1574 4330 fiuntque
1605 4270 1711 4313 causae
1736 4266 1848 4331 eperum

498 4347 630 4414 naturae,
655 4345 715 4399 tam
737 4342 768 4398 in
792 4343 889 4400 animo
913 4359 1002 4416 quarn
1025 4344 1054 4400 iu
1079 4356 1207 4418 corpore,
1232 4340 1410 4416 impultrices
1436 4350 1465 4401 et
1488 4340 1704 4401 stimulatrioee.
1740 4335 1847 4400 Deinde

390 4434 394 4441 ’
498 4430 658 4505 praecipua
681 4428 788 4498 anima,
811 4427 842 4484 in
865 4446 953 4503 quarn
977 4428 1033 4488 hae
1055 4414 1252 4487 indictionum
1274 4418 1444 4487 harmoniae
1466 4429 1599 4503 influunt,
1624 4437 1669 4488 est
1690 4427 1742 4488 iffa
1758 4424 1847 4506 philo·

498 4515 599 4593 sophis
623 4513 702 4575 dicta
723 4513 1032 4590 natura'sublunaris,
1066 4532 1116 4595 per
1139 4522 1232 4573 toturn
1256 4515 1563 4591 Telluris,·'alumnae
1586 4524 1718 4589 nostrae,
1750 4526 1846 4589 corpus

501 4603 608 4662 diflusa
630 4604 720 4679 inque
743 4602 807 4677 ejus
830 4601 932 4677 aliqua
953 4609 1033 4662 certa
1055 4608 1138 4679 parte
1162 4619 1219 4662 nou
1235 4602 1328 4676 aliter,
1352 4620 1439 4680 quarn
1455 4606 1552 4661 anima
1569 4604 1697 4663 humana
1711 4606 1741 4661 in
1758 4598 1845 4665 corde,

498 4690 643 4765 radicata,
674 4702 791 4765 exque
815 4702 869 4748 ceu
892 4688 972 4763 foco,
1005 4688 1165 4750 fonte‘vel
1192 4690 1335 4767 penetrali
1365 4710 1418 4769 per
1440 4694 1567 4768 speciem
1590 4692 1636 4749 sui
1663 4693 1722 4750 erit
1745 4692 1773 4749 iu
1795 4688 1844 4745 cir·

501 4777 665 4839 cumfusum
688 4777 786 4838 'l'erris
802 4792 944 4837 oceanum
960 4783 989 4836 et
1003 4778 1188 4853 superfusum
1204 4781 1335 4854 utrisque
1351 4784 1456 4839 ae‘renr.
1504 4776 1759 4853 Quemadmodum
1774 4788 1843 4841 rere,

500 4868 551 4945 qui
573 4864 690 4926 melodo
713 4866 844 4930 suaviter
866 4866 981 4925 moene
1004 4864 1166 4938 auscultat,
1197 4866 1222 4923 is
1250 4864 1366 4927 laetitia
1393 4866 1510 4937 frontis,
1541 4880 1628 4941 voce,
1659 4866 1765 4942 plausu
1788 4878 1842 4921 ma-

498 4972 590 5013 nuum
611 4952 766 5031 pedumve,
791 4953 828 5013 ad
851 4950 996 5012 melodiae
1018 4970 1183 5012 mensuram
1207 4960 1417 5031 attemperate,
1439 4960 1571 5026 testatur,
1600 4971 1631 5013 se
1654 4952 1733 5030 quod
1756 4960 1796 5013 est
1817 4948 1842 5003 ln

499 5039 628 5102 melodia
656 5041 857 5101 harmonicum
886 5043 1036 5118 percipere
1066 5048 1096 5101 et
1126 5038 1305 5115 approhare,
1345 5058 1402 5100 non
1433 5040 1518 5099 aliter
1554 5050 1658 5100 natura
1688 5034 1841 5100 sublunaris

499 5125 700 5190 commotione
715 5130 822 5204 insigni
851 5136 881 5188 et
904 5128 1034 5189 euidenti
1063 5129 1207 5188 viscerum
1231 5127 1373 5202 Telluris,
1403 5127 1441 5187 ad
1473 5127 1539 5187 iilos
1570 5130 1752 5205 potissimum
1779 5124 1839 5191 dics,

499 5216 606 5299 quihus
630 5218 756 5278 mantia
777 5214 873 5277 sidera
901 5215 991 5277 radiis
1014 5216 1076 5276 suis
1099 5214 1267 5277 harmonice
1290 5216 1506 5294 configurantur
1533 5216 1563 5274 in
1587 5216 1707 5292 Terris,
1730 5218 1840 5275 testata
