4242 6384
490 828 554 891 lut
995 794 1000 811 ⁶
1021 824 1065 882 De
1082 822 1310 895 l’rcportionlhnr

488 1000 638 1063 insulhiles
669 1001 720 1079 (eo
741 1019 845 1077 sensu,
877 1005 930 1079 qui
957 1003 1034 1063 libro
1063 1004 1157 1082 primo
1185 1002 1347 1081 explicatus
1370 1000 1443 1078 sat),
1474 1008 1643 1063 manserunt
1682 953 1791 1077 igitur
1821 998 1889 1059 loris

491 1097 574 1151 extra
608 1097 735 1150 mentem
765 1090 880 1169 opificis
920 1094 1050 1170 aeterni,
1091 1107 1146 1151 nec
1176 1090 1326 1151 ullatenus
1355 1089 1393 1151 ad
1422 1090 1614 1169 archetypum
1642 1095 1888 1149 concurrerunt

490 1176 551 1237 Sed
573 1176 610 1237 de
631 1177 678 1237 bis
697 1179 761 1255 jam
782 1178 877 1256 plura,
901 1179 953 1238 ubi
974 1178 1138 1239 doctrinam
1158 1176 1237 1237 hanc
1260 1180 1354 1256 ipsam
1376 1195 1428 1255 per
1449 1195 1505 1237 sua
1526 1179 1623 1254 capita
1644 1174 1891 1245 tradiderimus,

491 1281 579 1342 quam
602 1266 776 1343 incipiamus
798 1282 865 1325 cum
887 1266 968 1340 Deo,
999 1266 1036 1326 dc
1059 1274 1149 1326 cautu
1173 1265 1291 1341 quidem
1321 1266 1432 1341 ubique
1454 1280 1618 1325 sermenem
1639 1264 1832 1335 hahentes,
1863 1262 1892 1318 id

491 1360 537 1413 est
555 1351 595 1412 de
617 1352 781 1413 intervallis
803 1352 980 1413 harmonicis
1001 1372 1060 1413 non
1084 1354 1255 1427 abstractis,
1284 1352 1337 1413 sed
1368 1370 1434 1413 cum
1457 1368 1530 1413 sono
1563 1354 1739 1423 concretis,
1781 1350 1893 1408 mentis

491 1456 560 1500 vero
584 1440 706 1501 eruditis
728 1442 847 1501 auribus
870 1443 981 1518 ubique
1002 1442 1152 1501 ιιιιιιιοιι
1168 1460 1193 1501 a
1214 1442 1295 1499 sonis
1325 1439 1481 1501 intervalla
1502 1439 1750 1513 subaudiamus,
1785 1448 1894 1514 utpote

491 1538 650 1603 quse'non
673 1534 787 1587 tantum
808 1530 839 1586 in
861 1531 942 1589 sonis
964 1531 1053 1605 inque
1076 1536 1164 1589 cantu
1187 1528 1326 1597 humano,
1348 1526 1402 1589 sed
1424 1530 1513 1587 etiam
1536 1530 1566 1586 in
1588 1526 1654 1587 aliis
1681 1527 1793 1586 rebus
1818 1540 1893 1583 sono

490 1616 657 1677 carentibus
678 1632 764 1676 suam
785 1618 902 1695 pariunt
922 1618 1063 1694 medam,
1087 1624 1121 1677 ut
1143 1623 1248 1693 quarto
1270 1622 1300 1676 et
1322 1616 1424 1692 quinto
1445 1615 1529 1675 libris
1544 1614 1731 1676 audiemus.

988 1755 1001 1891 J
1020 1800 1333 1872 cantuariorum.
1378 1762 1380 1767 ’

495 1924 585 1995 caput
648 1924 670 1978 l.
690 1921 774 1976 Ortus
792 1922 1032 1978 consonantiarum
1050 1937 1084 1979 ex
1102 1922 1193 1978 causis
1212 1922 1269 1977 suis
1286 1921 1414 1995 propriis.

531 2024 544 2052 ι
634 2000 670 2057 11
690 2000 733 2055 De
750 2006 856 2068 septem
879 2000 999 2057 chordae
1022 2002 1190 2059 sectionibus
1214 2000 1378 2057 harmonicis
1401 1998 1570 2067 totidemque
1592 1996 1689 2051 tornis
1721 2008 1890 2051 consonan-

702 2078 802 2134 tiarum
819 2078 962 2138 minorum.

532 2178 545 2207 r
622 2157 673 2214 III.
690 2158 733 2212 De
750 2158 942 2214 medietatibus
959 2159 1137 2225 harmonicis,
1155 2165 1184 2214 et
1201 2157 1323 2213 trinitate
1342 2156 1546 2214 consonantiae.

532 2256 545 2287 ι
620 2236 668 2289 lV.
686 2234 771 2291 Ortus
791 2244 819 2291 et
836 2236 1019 2292 denominatio
1037 2237 1243 2293 intervallorum
1262 2234 1398 2291 usualium
1416 2250 1466 2290 seu
1484 2234 1686 2289 concinnos-um

532 2334 545 2363 s
632 2314 665 2369 V.
686 2312 775 2369 Sestio
795 2323 823 2370 et
840 2314 1024 2370 denominatio
1044 2316 1282 2372 consonantiarum
1300 2331 1352 2385 per
1369 2331 1419 2371 sua
1436 2312 1581 2371 intervalla
1600 2312 1722 2369 usuuia

532 2411 547 2441 ι
614 2392 662 2447 Vl.
681 2394 723 2447 De
742 2400 840 2447 cantus
858 2392 1017 2463 generibus,
1036 2394 1105 2449 duro
1123 2400 1151 2449 ct
1169 2394 1251 2451 molli.
1342 2440 1343 2443 .
1713 2390 1719 2411 ⁴

536 2491 549 2521 ι
601 2473 658 2526 vn.
678 2472 822 2540 Propontis
841 2471 961 2527 omniurn
979 2481 1041 2527 coto
1060 2488 1189 2529 sonorum
1209 2476 1343 2533 usualium
1361 2475 1443 2531 nnius
1462 2473 1603 2545 diapason.

536 2571 548 2601 s
582 2550 655 2605 VIll.
674 2550 816 2605 Abscissis
833 2550 1046 2622 semitoniorum,
1067 2560 1095 2606 et
1112 2552 1179 2607 ordo
1198 2553 1370 2609 minimorum
1386 2552 1589 2609 intervallorum
1607 2550 1635 2605 in
1654 2550 1814 2619 diapason.

534 2648 547 2676 s
605 2628 653 2683 IX.
671 2628 713 2682 De
732 2628 938 2697 diagrammate,
963 2626 1056 2699 lineis,
1081 2630 1154 2687 notis
1173 2630 1314 2703 literisque
1333 2648 1461 2689 sonorum
1480 2630 1628 2701 indicibus,
1652 2628 1687 2683 de
1708 2632 1881 2699 systemate,

595 2725 597 2736 ·
706 2706 828 2763 claribus
846 2716 874 2761 et
892 2704 968 2770 scala
985 2710 1098 2765 musica.

534 2805 547 2833 ι
614 2784 649 2840 X
672 2785 715 2840 De
732 2786 917 2843 tetrachordis
935 2794 963 2841 et
982 2787 1095 2859 syllabis
1113 2795 1157 2848 ut.
1176 2800 1220 2861 re,
1239 2790 1290 2861 mi,
1309 2788 1351 2855 fa,
1370 2789 1425 2860 sol,
1445 2788 1480 2843 la.

534 2884 548 2913 ι
603 2863 651 2919 XI.
669 2864 712 2919 De
731 2865 928 2935 compositione
946 2874 1127 2935 systematum
1145 2870 1287 2939 majorum.

533 2962 547 2992 a
588 2942 653 2999 xli.
672 2944 715 2999 De
732 2944 918 3000 consonantiis
936 2944 1110 3015 adulterinis,
1130 2962 1164 3001 ex
1182 2948 1381 3019 compositione
1397 2948 1473 3005 ortis.

534 3044 547 3073 ι
575 3022 651 3077 lllll.
668 3024 711 3078 De
728 3033 811 3078 cantu
828 3023 961 3079 concinno
980 3023 1104 3094 simplici.

534 3118 548 3147 r
579 3099 654 3154 xlv.
671 3100 715 3154 De
732 3101 820 3157 modis
837 3116 888 3157 scu
904 3102 986 3156 tonis.

536 3200 548 3227 s
592 3178 652 3233 XV.
672 3179 725 3247 Qui
742 3180 816 3236 modi
833 3180 934 3251 quibus
949 3181 1071 3238 serviant
1087 3180 1240 3239 affectibus.

534 3277 547 3308 a
576 3254 649 3314 ΧΠ
668 3258 711 3313 De
730 3266 813 3316 cantu
831 3258 948 3328 figurato
966 3274 1016 3315 sen
1034 3276 1085 3330 per
1103 3259 1280 3317 harmoniam.

1082 3514 1225 3591 CAPUT
1252 3516 1275 3591 l.

897 3644 955 3711 :Dc
982 3645 1102 3703 causis
1130 3644 1447 3703 consonantiarum.

465 3848 469 3861 .
583 3806 786 3869 Definitio.
831 3803 906 3867 (ium
927 3815 1043 3866 veteres
1064 3808 1111 3867 usi
1132 3808 1192 3869 sint
1221 3807 1267 3867 his
1290 3806 1432 3868 roclbusr
1469 3807 1672 3881 Meropem,
1701 3802 1877 3885 ἀπιφωιοι

495 3892 658 3973 duapondo,
680 3899 837 3971 cooperor,
858 3914 1021 3969 conponor,
1044 3891 1231 3973 ἀσυμφωιοι,
1253 3894 1340 3955 nobis
1363 3894 1512 3955 dissomnr
1535 3892 1614 3954 idem
1635 3894 1766 3966 submit,
1793 3888 1878 3969 quud,

498 3983 685 4061 ἀσυμφωιοι,
711 3997 872 4042 consonum
894 3981 973 4042 idem
995 3983 1076 4059 quod
1101 4004 1266 4063 supposes,
1290 3982 1375 4060 cujus
1397 3990 1466 4041 sunt
1488 3981 1682 4041 differentiam
1706 3980 1878 4045 identlcum,

499 4070 579 4150 qnod
603 4088 655 4148 pro
677 4063 825 4151 ὁμοφωιῳ
848 4070 1074 4151 usurpabimus,
1101 4077 1131 4131 ct
1160 4088 1220 4131 non
1243 4070 1417 4143 identlcum,
1449 4069 1529 4146 quod
1560 4086 1613 4147 pro
1644 4074 1796 4147 dranosa».
1843 4062 1876 4121 Ei

497 4159 618 4220 identici
639 4164 725 4217 erunt
748 4155 824 4216 duae
846 4159 976 4235 species:
999 4161 1155 4219 umbonum
1178 4168 1208 4217 at
1229 4156 1389 4217 identicum
1411 4172 1447 4217 ex
1470 4158 1617 4235 opposito.

586 4244 789 4303 Definitio.
835 4244 869 4302 In
892 4248 1056 4320 geometria
1077 4245 1216 4304 differunt
1238 4244 1386 4304 vocabula
1408 4260 1475 4323 pars
1498 4254 1527 4304 et
1548 4250 1656 4321 partes.
1701 4242 1778 4302 Pars
1801 4238 1874 4300 enim

500 4334 613 4404 dicitnr,
636 4330 721 4405 cujus
744 4337 790 4390 est
812 4337 907 4389 totum
930 4332 1092 4392 secundum
1106 4338 1216 4393 certam
1231 4332 1449 4409 proportionem
1463 4330 1625 4409 multiplex,
1649 4338 1720 4408 puta
1743 4328 1872 4408 duplum,

499 4419 628 4499 triplum,
652 4416 866 4495 quadruplum,
899 4426 998 4496 partes
1020 4436 1116 4492 reru,
1132 4418 1251 4494 quando
1275 4434 1335 4478 non
1364 4419 1460 4480 solum
1488 4428 1517 4479 et
1537 4420 1657 4479 unicum
1680 4424 1792 4488 totum,
1824 4408 1872 4473 sed

498 4508 602 4583 aliqum
631 4511 762 4563 totorum
791 4504 948 4563 multitudo
978 4506 1066 4581 suerit
1094 4505 1210 4567 illarum
1238 4506 1402 4584 multiplex.
1453 4504 1494 4568 Ut
1522 4522 1581 4565 una
1614 4507 1743 4583 septima
1770 4504 1871 4563 dicitur

498 4612 577 4677 pars,
601 4593 672 4669 quia
694 4599 776 4650 totus
798 4590 926 4651 circulus
946 4601 993 4652 est
1013 4592 1183 4673 septuplum
1197 4593 1286 4669 hujrrr
1308 4596 1416 4673 partis,
1439 4602 1471 4653 at
1493 4601 1551 4653 trus
1573 4596 1716 4671 septimae
1738 4592 1871 4651 dicuntur
1904 4586 1905 4659 l

498 4700 557 4743 non
580 4697 648 4760 pars
670 4678 724 4739 sed
746 4685 854 4756 partes,
877 4681 949 4755 quia
970 4696 1086 4740 summa
1108 4684 1195 4741 trium
1211 4681 1386 4742 circulorum
1409 4689 1455 4739 cst
1476 4679 1642 4759 septuplum
1664 4680 1753 4755 hujus
1776 4690 1865 4739 arcus.

498 4770 558 4831 Hic
580 4784 729 4829 serenos
751 4766 808 4826 hac
831 4766 1020 4827 distinctione
1049 4786 1107 4829 non
1131 4776 1263 4842 utemur,
1294 4769 1347 4829 sed
1379 4774 1491 4847 partem
1520 4768 1650 4828 dicemus
1681 4776 1742 4826 tam
1772 4776 1866 4827 ιιιιιιω,

499 4874 589 4935 quam
610 4854 734 4916 alteram
757 4853 900 4915 dictarum
922 4857 1104 4932 portionum,
1134 4856 1191 4916 hoc
1213 4864 1272 4930 est,
1305 4858 1400 4915 omnis
1420 4858 1517 4931 portio
1539 4852 1725 4931 longitudine
1745 4846 1864 4913 effabilis

499 4945 611 5005 dicetm
632 4943 718 5003 nobis
740 4958 819 5021 pars,
843 4958 907 5003 cnm
929 4940 986 5002 hac
1000 4950 1099 5003 tamen
1123 4944 1311 5018 restrictione,
1335 4943 1458 5003 siluerit
1480 4960 1539 5002 non
1561 4943 1657 5019 maior
1679 4935 1862 5001 semicirculo·

498 5030 660 5092 Residnnm
684 5046 754 5090 vero
776 5028 848 5089 illud
870 5030 989 5104 dicetur,
1011 5031 1099 5107 qnod,
1115 5030 1216 5091 ablata
1238 5034 1371 5110 portlonc
1392 5029 1503 5091 effabili
1518 5048 1537 5091 a
1551 5037 1626 5107 toto,
1648 5036 1786 5103 remanet,
1808 5036 1861 5083 uon

499 5120 597 5180 minus
620 5119 748 5178 existens
770 5118 961 5179 semicirculo.
1354 5190 1360 5203 ι

596 5200 683 5256 Voidc
705 5202 861 5258 meroris
883 5206 924 5257 cst
949 5200 1092 5259 daumio
1116 5200 1222 5257 rander·
1238 5207 1369 5274 opertu,
1395 5200 1462 5271 quin
1479 5206 1573 5273 putem
1590 5216 1646 5259 ιιιι
1662 5216 1732 5271 para
1748 5204 1862 5257 ccam

418 5291 423 5300 ·
502 5280 614 5353 munuc
630 5280 771 5339 resim
789 5282 947 5351 dbaoasm,
964 5288 998 5340 st
1013 5279 1170 5341 ridebimur
1661 5289 1663 5295 '
