4242 6384
894 748 937 802 Do
954 742 1076 800 Meuius
1093 739 1269 796 Planetarum
1286 737 1466 794 Harmonieis.

757 926 876 981 ,uer-tu
1189 917 1270 989 simi,
1299 917 1330 974 in
1360 916 1498 994 opposita
1524 917 1660 990 proxime
1689 909 1791 971 Solem
1814 925 1859 968 cc·

1189 1007 1282 1062 nient.
1325 1001 1361 1065 In
1374 1002 1492 1078 adjecto
1506 1002 1659 1061 schemate
1676 1016 1735 1076 pro
1751 995 1863 1072 singulis

1190 1089 1410 1167 planetisiseti
1431 1088 1615 1148 sunt-circuli
1630 1090 1726 1160 terni,
1752 1100 1865 1160 quorum

1191 1177 1289 1236 nullus
1312 1176 1421 1235 indicat
1444 1179 1522 1235 vi'sm
1538 1179 1633 1254 ipsam
1657 1173 1804 1253 planetae
1825 1187 1867 1228 ee·

1192 1266 1362 1337 contrieram,
1393 1263 1447 1324 sed
1474 1263 1588 1324 medias
1613 1261 1761 1340 quidem,
1795 1265 1825 1314 nt
1842 1258 1894 1326 inp

1147 1427 1149 1436 Ι
1191 1351 1288 1410 Μιιιιιι
1310 1351 1375 1424 ΒΕ,
1402 1357 1447 1410 est
1468 1351 1603 1428 aequalis
1626 1346 1754 1409 orbitae
1775 1361 1872 1404 eccen-

1192 1441 1291 1510 trioae,
1311 1438 1410 1514 quoad
1423 1436 1585 1515 longiorem
1601 1439 1671 1514 elus
1683 1437 1872 1503 diametrum

1193 1526 1289 1585 orbita
1321 1541 1390 1584 vero
1418 1528 1496 1604 ipsa,
1528 1535 1561 1585 ιιι
1583 1525 1662 1599 Al),
1698 1523 1800 1598 tangit
1827 1518 1872 1577 Au

1193 1614 1374 1691 superiorem
1396 1614 1548 1674 extribus
1573 1613 1613 1672 ab
1635 1629 1705 1671 una
1729 1609 1822 1688 plaga
1844 1607 1872 1677 ll,

1194 1702 1359 1759 inferiorem
1381 1697 1434 1758 OD
1459 1715 1496 1760 ex
1519 1701 1660 1777 opposita
1683 1698 1731 1758 ·D.
1780 1695 1873 1754 Circo·

1194 1786 1241 1846 lus
1256 1785 1322 1862 GH,
1345 1789 1461 1864 punctis
1477 1789 1673 1848 obumbratus
1697 1793 1732 1845 et
1746 1800 1801 1861 per
1815 1799 1874 1839 cen·

1195 1881 1271 1933 trum
1287 1873 1364 1933 Solis
1381 1874 1551 1952 descriptus,
1572 1875 1689 1933 indicat
1707 1875 1793 1930 viam
1809 1867 1874 1928 Solis
1893 1885 1894 1900 ¹

1197 1960 1277 2040 epod
1306 1961 1477 2039 Tyolsonem
1501 1963 1614 2038 Brehe;
1649 1963 1707 2037 qui
1748 1961 1774 2017 si
1808 1957 1894 2052 hancp

1197 2051 1276 2108 viam
1308 2057 1456 2123 moretur,
1486 2053 1584 2111 omnia
1614 2051 1745 2108 omnino
1776 2053 1875 2121 puncta

1197 2138 1288 2195 totius
1311 2140 1479 2212 systematis
1501 2137 1667 2216 planetarii,
1694 2135 1749 2193 iric
1765 2131 1875 2208 depicti,

1198 2225 1278 2282 viam
1300 2223 1438 2283 incedunt
1457 2225 1621 2301 aequalem,
1646 2221 1786 2299 quilibet
1802 2226 1875 2276 suam

1197 2312 1353 2388 propriam.
1398 2311 1436 2370 lit
1457 2329 1516 2372 uno
1539 2313 1602 2387 ejm
1618 2316 1748 2398 puncto,
1774 2303 1894 2398 scilicet,

1199 2407 1297 2458 centro
1319 2395 1413 2471 Solis,
1445 2401 1474 2456 in
1501 2417 1562 2458 arna
1590 2401 1637 2458 sui
1660 2393 1773 2456 circuli
1803 2397 1894 2472 parte,

1198 2493 1309 2558 stante,
1333 2492 1366 2544 ut
1388 2485 1436 2546 hio
1459 2489 1488 2544 in
1511 2487 1618 2560 inlims,
1643 2485 1752 2544 omnia
1766 2481 1894 2580 omninop

1199 2579 1308 2650 puncta
1330 2575 1498 2649 systematis
1520 2575 1640 2632 slohum
1663 2575 1696 2629 in
1723 2569 1795 2626 imis
1818 2583 1894 2644 par-l

1199 2659 1278 2718 uuus
1299 2675 1420 2718 suorum
1435 2660 1573 2737 quodque
1591 2659 1784 2718 circulorum.
1823 2651 1872 2710 Ve
1893 2645 1894 2736 l

1200 2749 1277 2805 neris
1300 2749 1391 2810 etiam
1418 2755 1478 2807 tres
1507 2747 1612 2807 circuli
1634 2753 1762 2824 propter
1789 2741 1894 2814 argu-3

976 2889 989 2923 1,
1200 2835 1289 2892 stiam
1314 2835 1404 2910 spatii
1426 2839 1558 2896 coierunt
1587 2837 1617 2892 in
1639 2849 1738 2893 unum
1769 2835 1894 2906 precio,

965 2925 992 2941 ““
1027 2932 1030 2940 '
1200 2919 1391 2980 voluntatem.
1893 2911 1894 2958 ἶ

1279 3007 1388 3067 ‘Tertio
1413 3016 1527 3087 repetat
1553 3007 1645 3068 lector
1674 3025 1713 3068 ex
1739 2999 1874 3080 mysterio

1141 3134 1144 3142 ,
1200 3111 1266 3154 meo
1293 3095 1558 3174 Goemogmphico,
1589 3093 1670 3172 quod
1701 3092 1787 3154 edidi
1815 3093 1894 3147 sote*

1202 3185 1242 3239 ‘22
1275 3198 1384 3241 sonos:
1422 3193 1574 3243 numerum
1606 3181 1801 3258 planetarum
1829 3187 1872 3231 sel

1201 3269 1410 3328 curriculorum
1426 3273 1504 3330 circs
1514 3269 1613 3330 Solem
1628 3269 1804 3329 desumtum
1819 3275 1871 3319 esse
1893 3269 1894 3300 l

1201 3373 1220 3414 a
1246 3359 1463 3433 sapientissimo
1490 3355 1648 3418 conditore
1680 3373 1720 3415 ex
1752 3355 1894 3436 quicque*

1200 3441 1301 3518 liguris
1330 3444 1513 3521 regularibus
1543 3445 1663 3516 solidis,
1699 3443 1740 3502 de
1775 3437 1894 3518 quibus}

1200 3528 1339 3590 Euclides
1369 3531 1432 3606 jam
1465 3539 1533 3592 ante
1566 3540 1611 3606 tot
1639 3530 1744 3593 secula
1776 3521 1894 3590 librani

1166 3637 1170 3644 ·
1200 3619 1332 3693 scripsit,
1364 3622 1415 3694 qui
1438 3617 1655 3679 Elementorum
1686 3617 1811 3684 dicitur,
1841 3615 1894 3664 ιι

1201 3704 1280 3778 quod
1310 3721 1346 3765 ex
1375 3709 1608 3783 propositionum
1637 3707 1713 3765 seris
1743 3703 1783 3761 sit
1809 3709 1871 3756 con·

1200 3799 1336 3852 structus.
1388 3791 1473 3867 Quod
1506 3801 1604 3853 sutem
1636 3791 1724 3868 plura
1756 3797 1867 3862 corpore
1893 3809 1894 3862 ι

1200 3877 1347 3954 regularia
1367 3889 1517 3956 nequeant
1540 3895 1614 3955 esse,
1637 3881 1694 3938 hoc
1718 3885 1774 3950 est,
1798 3864 1866 3947 qnod
1893 3871 1894 3890 ³

1067 3992 1071 3997 ·
1199 3963 1310 4040 figurae
1332 3965 1439 4042 planos
1461 3968 1612 4044 regulares
1635 3971 1788 4042 nequeant
1808 3973 1866 4016 sse·
1893 4029 1894 4044 χ

1199 4054 1266 4127 pius
1296 4071 1385 4129 quam
1407 4056 1565 4131 quinquies
1594 4058 1624 4112 in
1649 4053 1780 4112 solidum
1805 4059 1865 4104 con·
1893 4055 1894 4066 ¹

807 4168 898 4214 ηρ,
951 4181 987 4230 ,χ
1199 4155 1319 4214 gruere,
1352 4141 1383 4200 id
1405 4141 1481 4202 libro
1504 4142 1635 4202 seeundo
1663 4141 1756 4217 hujus
1779 4128 1867 4212 operit

778 4288 782 4307 ,
864 4273 867 4280 .
980 4245 983 4279 1
1103 4275 1107 4286 .
1199 4228 1304 4303 patuit.
1518 4241 1521 4248 ’

797 4327 801 4338 ’
977 4323 979 4360 ³
1287 4312 1409 4390 Quarto,
1434 4315 1515 4394 quod
1538 4319 1644 4376 attinet
1658 4305 1865 4394 proportionem

1199 4400 1360 4462 orbitarum
1392 4403 1639 4480 planetariorum,
1674 4401 1728 4460 ills
1760 4391 1864 4475 quidem

1199 4487 1275 4547 inter
1303 4489 1388 4548 binus
1419 4491 1530 4550 orbitas
1553 4493 1667 4551 vicinas
1698 4500 1810 4563 semper
1829 4479 1865 4535 esi

1196 4579 1289 4649 tante,
1313 4584 1346 4636 ut
1360 4577 1447 4639 facile
1462 4583 1613 4657 appareat,
1636 4577 1862 4652 unurnquamotle

1197 4661 1314 4750 illarum
1329 4667 1566 4742 appropinquare
1578 4665 1759 4744 proportioni
1771 4659 1860 4718 unicae

546 4830 550 4836 Δ
1198 4749 1313 4808 orbium
1335 4753 1422 4812 unius
1446 4771 1483 4814 ex
1498 4755 1628 4829 quinque
1642 4750 1746 4811 solidis
1764 4740 1858 4824 figuris,

1197 4835 1310 4898 seilicet
1333 4839 1412 4899 orbis
1428 4840 1638 4917 circumscripti
1659 4836 1698 4898 ad
1713 4836 1810 4897 orbem
1826 4829 1863 4883 ii·

706 4959 710 4965 -
1133 4945 1151 5034 Ι
1199 4924 1340 5002 scriptum
1369 4925 1497 5004 ligurem
1525 4935 1640 5000 utnon
1663 4933 1764 4984 mmen
1791 4917 1863 4998 plaut

861 5068 871 5078 s
1202 5011 1336 5088 aequalis
1359 5023 1412 5088 est,
1436 5022 1471 5074 ut
1493 5013 1677 5074 olim'ensns
1697 5012 1741 5070 lui
1762 5009 1795 5069 de
1807 5015 1860 5081 per-

522 5092 735 5175 iaatadsuique
758 5102 937 5164 aeconomia
951 5099 1091 5180 polliceri.
1123 5098 1198 5159 uam
1222 5107 1290 5176 post
1312 5100 1478 5160 absolutam
1494 5101 1770 5162 demonstrationem
1789 5097 1862 5153 inter·

506 5179 665 5246 ¹vallorum
692 5203 729 5248 ex
770 5188 1025 5251 observationibus
1053 5184 1162 5249 Braisoi
1199 5184 1377 5264 deprehendi
1409 5187 1481 5251 hoe:
1519 5191 1587 5250 eubl
1616 5187 1736 5266 quidem
1767 5171 1859 5260 angulis
