4242 6384
814 824 842 880 iu
860 823 1034 882 Harmoniam
1051 821 1156 882 Mundi
1639 831 1659 891 5

312 1000 473 1064 amedera.
518 1000 567 1062 Ad
586 1001 644 1062 hoo
664 1002 821 1080 plurimum
843 1001 874 1062 id
894 1003 1027 1077 valebat,
1058 1001 1139 1080 qnod
1161 1002 1281 1064 obtrusa
1302 1002 1543 1084 astrologicam
1564 1023 1660 1068 rerum

312 1089 410 1150 rmdia
437 1107 505 1150 aum
531 1107 604 1149 sana
628 1097 727 1152 mente
752 1090 939 1152 reconsiliare
968 1091 1031 1150 sive
1057 1089 1245 1168 astrologiam
1271 1092 1314 1150 ita
1335 1089 1490 1156 defendere
1512 1091 1658 1169 audebat,

311 1186 356 1250 at,
392 1194 471 1254 quae
508 1184 692 1238 astronomus
726 1185 755 1238 at
790 1179 982 1256 philosophus
1016 1179 1080 1254 ipse
1119 1179 1176 1238 sibi
1221 1177 1399 1256 objurgaret,
1443 1181 1659 1259 quodammodo

311 1263 444 1324 dilueret
496 1263 563 1324 Hoc
584 1265 667 1326 illum
689 1267 785 1341 egisse
808 1285 843 1327 ex
866 1264 967 1326 libello
989 1264 1026 1326 da
1048 1265 1259 1326 Fundameutis
1282 1265 1468 1344 Astrologias
1491 1273 1522 1342 (Ι.
1539 1273 1659 1343 illesi,

311 1370 346 1412 ex
368 1350 552 1412 Calendmiis
575 1353 610 1424 (I.
627 1353 724 1412 392ss.
742 1357 861 1426 lidan),
886 1371 921 1414 ex
943 1353 1056 1430 scriptis
1079 1353 1220 1414 adversus
1241 1351 1396 1413 Riislinum
1416 1359 1524 1425 (1503)
1547 1361 1577 1416 ct
1598 1355 1658 1416 Fe·

309 1439 416 1500 salium
439 1443 472 1512 (1.
491 1443 553 1511 nte)
579 1446 666 1500 etex
689 1439 764 1500 libro
787 1438 824 1502 de
845 1439 938 1502 Stella
960 1439 1047 1500 Nova
1068 1443 1113 1513 (ΙΙ.
1130 1444 1204 1514 sto),
1233 1442 1316 1501 vario
1337 1439 1425 1503 modo
1448 1441 1552 1502 elucet.
1596 1443 1659 1504 Nec

309 1529 406 1586 minus
430 1544 468 1586 cx
489 1526 589 1586 multis
610 1527 733 1603 privatis
755 1527 855 1604 literis,
877 1529 1003 1588 maxime
1025 1525 1085 1586 illis
1107 1527 1145 1587 ad
1158 1535 1307 1603 pastorem
1322 1525 1467 1589 Davidem
1482 1529 1657 1605 Fabricium,

308 1615 359 1690 qui
367 1615 492 1674 somnia
506 1613 683 1690 astrologica
695 1615 805 1692 pressis
819 1616 954 1676 manibus
968 1614 1095 1689 tenebat,
1117 1613 1194 1674 datis
1209 1630 1370 1691 cognoscas
1384 1615 1504 1693 chlcri
1519 1615 1658 1691 studium,

309 1719 386 1778 quas
416 1703 598 1779 ineptissima
624 1703 809 1762 somniabant
837 1702 977 1778 astrologi
1004 1701 1169 1774 refellendi,
1201 1719 1362 1778 cognoscas
1384 1706 1468 1763 rana
1488 1705 1658 1779 tentamina,

307 1805 359 1848 eas
382 1789 566 1865 analogiae
587 1795 694 1866 partes,
729 1807 802 1866 quas
835 1789 1000 1867 astrologus
1025 1788 1220 1850 Caesarianus
1243 1807 1303 1850 uon
1328 1797 1444 1867 poterat
1474 1807 1534 1851 nou
1551 1799 1657 1867 tencre,

308 1895 344 1937 cx
367 1893 445 1937 sana
467 1883 563 1937 mente
584 1876 791 1954 interpretandi
813 1884 843 1938 et
864 1879 894 1936 iu
916 1879 1057 1938 rationem
1079 1883 1110 1937 et
1131 1875 1313 1954 disciplinam
1337 1878 1484 1954 quandam
1505 1878 1658 1940 referendi.

420 1964 479 2024 Pto
500 1962 689 2024 laudamento
711 1963 790 2046 illins
813 1965 984 2042 disciplinae
1006 1964 1135 2042 Keplero
1157 1963 1230 2025 haee
1252 1968 1343 2025 statui
1364 1981 1452 2044 posse
1475 1965 1657 2028 videbantur.

309 2049 565 2126 Quemadmodum
587 2051 675 2111 homo
691 2051 786 2112 cultus
801 2059 831 2113 et
844 2051 970 2113 incultus
984 2051 1160 2115 harmonicis
1181 2053 1262 2112 sonis
1284 2051 1361 2113 laete
1383 2060 1531 2128 movetur,
1555 2072 1659 2130 quern·

309 2139 470 2200 admodum
492 2139 593 2199 oculos
615 2140 736 2200 suavius
759 2147 882 2217 tangunt
903 2140 1012 2200 lormae
1038 2141 1165 2200 numeris
1186 2142 1247 2200 suis
1272 2141 1426 2218 perlectae,
1450 2157 1539 2218 quam
1564 2144 1660 2201 minus
1692 2199 1695 2204 .

309 2227 468 2304 perlectae,
489 2229 532 2286 sic
553 2227 679 2286 hominis
700 2229 886 2304 suspicientis
908 2229 1036 2287 animum
1059 2227 1163 2301 sidera,
1186 2229 1212 2286 si
1233 2229 1321 2293 sitnm
1342 2227 1453 2289 habeut
1474 2231 1549 2290 inter
1569 2247 1602 2289 se
1625 2247 1660 2290 ex

309 2315 496 2390 geometricis
524 2312 640 2396 legibus
669 2315 846 2391 ordinatum,
877 2315 986 2392 majore
1009 2316 1039 2372 vi
1062 2315 1182 2389 lcriuut,
1204 2331 1293 2391 qnam
1314 2318 1341 2376 si
1362 2317 1436 2375 situs
1458 2315 1509 2375 ille
1530 2333 1590 2376 non
1611 2319 1659 2376 sit

309 2403 423 2462 Natura
451 2419 546 2464 rerum
572 2402 695 2462 cresnix
723 2403 909 2464 multifariam
932 2401 969 2462 sd
992 2402 1024 2461 id
1043 2403 1099 2461 uiti
1120 2401 1251 2476 videtut,
1279 2411 1313 2463 ut
1340 2403 1448 2485 lormqs
1477 2404 1661 2480 geometricis

309 2489 436 2566 legibus,
453 2489 556 2566 quales
570 2489 716 2550 humanae
732 2493 821 2551 menti
835 2491 873 2550 ab
884 2491 968 2550 initio
983 2490 1180 2564 inanescat,
1195 2483 1335 2566 aequales
1348 2497 1497 2568 procreet3
1513 2492 1660 2570 crystalla,

310 2579 370 2650 nir,
392 2577 492 2650 flores,
514 2593 652 2636 numerus
675 2584 705 2637 et
727 2578 797 2638 ordo
819 2577 952 2638 loliorum
972 2577 1175 2654 fructuumque
1188 2577 1291 2652 torma,
1314 2597 1403 2656 apum
1418 2577 1509 2640 cellae
1525 2587 1555 2638 et
1568 2579 1662 2640 multa

309 2663 369 2724 alia
380 2666 442 2724 sim
452 2666 538 2724 istam
548 2665 725 2742 genetricem
737 2665 903 2727 ostendunt.
926 2664 981 2726 llle
992 2681 1087 2726 rerum
1098 2663 1178 2740 ordo,
1195 2663 1347 2726 harmonia
1357 2666 1410 2725 illa
1421 2668 1451 2724 ui
1461 2665 1661 2742 inexplicabili

189 2779 190 2804 1
310 2769 396 2812 aures
412 2753 527 2827 leniens,
551 2753 726 2814 documento
740 2763 792 2829 est,
817 2752 925 2814 mundo
940 2755 1035 2814 inesse
1050 2755 1112 2811 vim
1126 2753 1309 2829 geometricis
1322 2753 1437 2844 legibns
1458 2761 1562 2827 aotam,
1585 2771 1661 2830 quae

189 2875 190 2887 ι
310 2841 473 2900 animantia
489 2847 518 2902 et
532 2843 662 2900 inanima
672 2849 799 2914 moreat,
816 2842 929 2902 etiamsi
945 2857 981 2901 nc
997 2842 1157 2900 animantis
1170 2837 1287 2916 quidam
1299 2857 1364 2901 earn
1377 2841 1484 2902 sentire
1495 2839 1660 2901 videantur.

312 2927 397 2988 Illam
429 2930 491 2986 rim
526 2945 664 2990 arcanam
692 2927 837 3006 Keplerns
867 2945 933 2988 oum
962 2927 1089 2987 hominia
1117 2929 1215 3011 animo
1244 2933 1395 3006 comparat
1422 2944 1587 3004 nomenque
1615 2927 1659 2986 illi

311 3015 392 3074 addit
415 3031 543 3092 acquum
568 3017 703 3091 „animas
725 3015 857 3076 muudi“.
902 3013 986 3076 Haec
1008 3013 1108 3074 mundi
1131 3015 1232 3074 anima
1252 3014 1371 3089 iisdem,
1402 3016 1508 3091 quibus
1533 3015 1660 3074 hominis

310 3105 440 3177 animus,
461 3101 577 3178 legibus
599 3105 717 3181 regitur.
762 3102 819 3178 Qui
843 3109 877 3163 nt
898 3103 979 3166 souis
1000 3101 1177 3162 harmonicis
1200 3109 1232 3165 ct
1251 3102 1419 3164 harmonico
1442 3102 1568 3163 siderum
1592 3095 1660 3178 situ,

311 3189 461 3266 quomodo
483 3187 514 3249 id
535 3189 587 3249 fiat
608 3193 739 3266 nescius,
769 3197 912 3266 movetur,
943 3191 1053 3251 italiis
1076 3193 1166 3252 etiam
1188 3191 1288 3250 mundi
1311 3193 1409 3251 anima
1431 3191 1528 3266 agitur
1549 3195 1579 3250 et
1599 3207 1660 3248 non

311 3277 409 3352 modo,
433 3294 507 3354 quas
531 3276 672 3354 diximus,
702 3279 810 3342 formas
831 3267 980 3356 regulares
1002 3286 1150 3356 procreat,
1173 3277 1225 3338 scd
1248 3279 1336 3338 etiam
1360 3277 1398 3338 ad
1419 3280 1481 3336 vim
1502 3280 1532 3336 in
1554 3293 1661 3356 corpus

310 3383 412 3438 mum,
443 3363 576 3436 Terram,
608 3365 797 3427 exserendam
826 3383 920 3444 aeque
950 3367 1054 3442 agitur,
1085 3373 1173 3443 atque
1201 3363 1275 3424 illud
1296 3365 1330 3424 tit
1350 3366 1380 3423 in
1403 3367 1500 3426 animo
1521 3365 1657 3425 hominis.
1740 3407 1749 3418 .
1857 3377 1861 3385 ·

309 3453 382 3513 lude
416 3455 598 3528 tempestatis
612 3455 800 3525 mutationes,
824 3461 954 3517 meteors
975 3459 1005 3512 et
1027 3452 1101 3528 alia,
1132 3452 1200 3514 iude
1231 3455 1320 3514 etiam
1350 3455 1395 3514 vis
1426 3459 1598 3531 aspectuum
1628 3454 1658 3511 iu

310 3542 441 3602 animum
463 3539 589 3600 hominis
611 3541 657 3601 his
678 3541 917 3619 praevalentibus
938 3541 1010 3600 nati.

420 3625 492 3687 Illas
520 3631 681 3688 sententias
703 3627 849 3706 Keplerus
877 3627 1003 3706 explicat
1030 3627 1061 3685 in
1092 3625 1215 3700 libellis,
1248 3642 1323 3702 quos
1344 3643 1434 3703 supra
1463 3625 1599 3701 diximus,
1629 3631 1660 3686 et

308 3715 371 3792 jann
394 3717 425 3773 in
448 3715 542 3791 primo
563 3715 689 3777 intendit
709 3715 815 3786 librum
838 3715 1008 3793 ampliorem
1030 3714 1155 3792 posthac
1176 3713 1334 3787 edendum,
1361 3713 1563 3774 Harmoniam.

416 3801 547 3862 Primum
566 3803 629 3879 jam
651 3803 796 3882 chlenrs
818 3803 848 3862 id
871 3806 940 3880 egit,
960 3793 997 3862 ‘nt
1018 3801 1189 3879 explicaret,
1212 3819 1263 3861 cur
1283 3809 1420 3878 aspectus
1442 3802 1480 3862 ab
1503 3800 1660 3878 astrologis

311 3890 476 3966 antiquitus
498 3889 598 3950 traditi
620 3891 663 3951 ita
685 3891 832 3966 valerent,
861 3898 894 3951 ut
923 3893 953 3948 in
981 3892 1148 3968 praemissis
1170 3892 1234 3966 ipso
1256 3887 1411 3963 statuerat,
1444 3896 1474 3950 ct
1495 3890 1659 3965 inquireret,

312 3993 381 4036 num
398 3978 488 4036 etiarn
503 3977 563 4051 alii,
586 3995 673 4056 quam
689 3981 739 4055 qui
763 3978 859 4042 adhuc
880 3984 962 4039 erant
984 3977 1091 4050 traditi,
1113 3977 1298 4054 planetarum
1313 3977 1387 4052 iuter
1401 3993 1433 4035 se
1448 3977 1521 4034 situs
1536 3975 1659 4036 candem

312 4068 371 4124 rim
407 4062 557 4144 haberent.
615 4065 698 4141 Quae
730 4069 917 4143 quaestiones
954 4081 1020 4124 eum
1052 4063 1091 4124 ad
1125 4063 1297 4126 diuisionem
1331 4061 1446 4138 circuli,
1481 4061 1520 4119 ad
1551 4063 1659 4138 figuras

311 4149 462 4230 regulares
484 4159 513 4212 et
535 4169 665 4229 corpora,
689 4151 727 4213 ad
750 4169 839 4214 sonos
860 4153 1044 4214 hamtonicos
1066 4150 1250 4212 reduxeruut.
1286 4148 1335 4207 Ad
1350 4147 1381 4206 id
1397 4155 1510 4213 veteres
1532 4147 1660 4209 recolere

313 4241 420 4317 coepit,
444 4255 509 4298 cunr
531 4240 935 4314 mathematicosEuclidem,
958 4239 1103 4314 Proclnm,
1127 4237 1333 4314 Apollonium,
1357 4235 1574 4310 Archimedem,
1598 4242 1660 4294 tum

313 4327 479 4386 Ptolomaei
502 4329 626 4386 maxime
647 4328 848 4402 Harmoniam,
871 4327 1004 4388 Platonis
1026 4327 1189 4401 Thnaeum,
1213 4321 1399 4384 Aristotelem
1421 4321 1564 4400 aliosque.
1601 4321 1659 4382 Sed

313 4413 470 4491 plurimum
492 4417 631 4494 temporis
654 4418 855 4478 astronomicis
883 4415 986 4475 studiis
1013 4416 1175 4489 insumens,
1205 4413 1356 4473 intermitti
1379 4410 1431 4471 illa
1452 4427 1660 4487 nonnunquam

313 4519 434 4563 necesse
456 4501 526 4577 luit,
557 4519 734 4580 quamquam
755 4519 813 4562 non
835 4520 953 4581 prorsus
977 4503 1083 4564 omisit
1127 4499 1162 4559 In
1185 4500 1320 4560 omuibus
1344 4499 1461 4577 quidem
1483 4500 1547 4576 eius
1568 4498 1660 4570 libris,

315 4598 342 4650 st
363 4593 395 4648 in
425 4591 471 4664 iis,
504 4607 578 4666 quos
610 4607 698 4668 snpra
729 4589 863 4666 diximus,
897 4597 926 4651 et
955 4591 985 4649 in
1014 4588 1135 4667 Optica,
1167 4589 1198 4646 in
1228 4587 1303 4648 libro
1333 4585 1369 4648 de
1399 4587 1503 4647 Martis
1532 4585 1660 4645 motibus

315 4677 494 4754 conscripto,
525 4678 555 4735 in
578 4677 818 4754 Ephemeridibus
847 4677 986 4754 aliisque,
1017 4675 1217 4737 inliteratum
1240 4677 1411 4735 commercio
1441 4677 1553 4746 insunt,
1584 4689 1659 4747 quac

315 4771 457 4826 testentur
471 4765 536 4840 ejus
550 4765 687 4840 studium,
710 4767 891 4846 propositum
913 4765 999 4836 finem
1022 4763 1207 4840 assequendi,
1230 4781 1307 4840 quas
1330 4763 1432 4822 eadem
1455 4760 1660 4834 demonstrent,

316 4851 472 4930 quomodo,
497 4869 573 4929 qnae
595 4853 711 4926 viderit,
740 4871 805 4914 cum
827 4855 888 4913 suls
910 4854 1061 4915 sententiis
1084 4853 1286 4911 astronomicis
1308 4847 1514 4910 conciliasset
1538 4845 1658 4924 ,leges“

316 4959 383 5000 suas
407 4942 618 5000 astronomicas
640 4941 785 5019 adjunctis
808 4941 976 5001 hannoniae
998 4928 1113 5016 legibus
1127 4939 1158 4995 vi
1174 4946 1202 4998 at
1217 4940 1389 4998 auctoritate
1412 4933 1538 5011 quadem
1559 4942 1661 4996 sancta
1732 4972 1735 4976 -

316 5045 423 5104 angere
452 5035 482 5086 et
513 5045 614 5088 ornare
643 5028 723 5089 velit.
769 5023 938 5090 Jam'anuo
965 5029 1056 5088 1605.
1080 5025 1225 5102 Keplerus
1248 5023 1345 5100 Angla
1368 5021 1516 5102 Haydono
1546 5023 1659 5083 scribit:

319 5115 419 5188 ,Deus
447 5133 496 5176 me
527 5133 562 5176 er
590 5117 768 5177 astronomia
797 5115 946 5193 expediat,
976 5123 1009 5176 ut
1037 5113 1076 5182 ad
1105 5131 1203 5173 curam
1233 5114 1327 5190 operis
1354 5112 1411 5169 mei
1441 5109 1477 5172 de
1499 5110 1680 5171 Harmonia'

316 5201 418 5263 llnndi
434 5207 618 5278 convortart‘,
643 5211 672 5264 et
694 5203 785 5278 addit,
808 5206 905 5263 animo
928 5221 959 5264 se
981 5204 1128 5273 statuisse,
1150 5201 1208 5262 hoc
1226 5216 1298 5278 opus
1313 5197 1429 5259 Jacobo
1446 5189 1572 5275 Angliae
1585 5197 1661 5273 Regi

317 5291 460 5353 dedicare.
516 5289 582 5354 Hac
609 5291 734 5369 epistola
763 5291 887 5370 aliisque
915 5291 999 5354 allent
1028 5288 1172 5368 quaedam
1195 5287 1231 5349 de
1253 5292 1424 5364 argumento
1445 5287 1534 5363 liujus
1555 5287 1660 5362 operis,
