4242 6384
504 759 724 835 εεεεςεεεεε
741 762 965 820 amcam
982 764 1175 833 εεεεεεεεεε.
1210 764 1292 823 nuo
1309 766 1344 823 rr.
1532 755 1602 833 'rro

510 1049 578 1133 ¹De
600 1056 803 1147 Figuratum
830 1054 1058 1145 Regularinm
1085 1008 1329 1147 Congruentia.
1357 1054 1361 1061 '
1461 1044 1465 1055 ’

343 1208 365 1267 L
388 1208 609 1268 Dciinitio.·
632 1207 831 1285 congruentia
852 1201 912 1267 elia'
932 1207 1067 1285 planitiei
1089 1216 1150 1283 εει,
1176 1208 1237 1269 alia
1258 1210 1287 1269 in
1309 1207 1417 1270 solido„
1459 1208 1493 1269 ln
1516 1206 1606 1289 plano

270 1298 445 1371 congruentia
469 1302 527 1371 εει,
559 1312 624 1358 cunr
647 1296 750 1373 angerii
771 1294 929 1373 figurarum
946 1294 1079 1373 'plurium
1100 1296 1208 1375 singuli
1230 1296 1274 1357 sic
1295 1295 1334 1357 ad
1355 1303 1495 1378 punctum
1516 1314 1607 1359 unum

270 1388 437 1456 concurrunt,
458 1390 493 1443 nt
514 1382 613 1443 nullus
635 1383 816 1465 relinquatur
838 1382 948 1445 hiatus.
1256 1431 1262 1439 .
1300 1389 1305 1401 '

343 1469 380 1529 lL
405 1470 612 1533 Definitio.
657 1470 747 1552 Haec
755 1473 885 1549 perfecta
900 1470 1013 1548 dicitur,
1036 1487 1105 1531 enm
1116 1470 1232 1549 figurae,
1247 1472 1389 1549 cujusquo
1403 1478 1609 1533 concurrentes

270 1558 355 1635 anguli
380 1575 482 1618 omnes
506 1557 609 1619 eadem
630 1561 728 1637 specio
750 1564 933 1633 concurrunt,
955 1566 988 1620 ut
1010 1561 1053 1618 ita
1066 1576 1168 1621 omnen
1182 1576 1339 1623 coueureus
1354 1562 1429 1623 iuter
1444 1578 1478 1620 se
1498 1560 1610 1635 similes

272 1649 315 1703 sirrt
335 1652 364 1704 et
385 1662 580 1707 concurauum
603 1646 674 1707 ordo
697 1648 734 1708 in.
750 1646 895 1710 infinitum
917 1648 1080 1707 contionari
1101 1649 1203 1723 possit
1353 1720 1355 1727 y

340 1732 396 1792 Ill.
420 1732 622 1793 Dciinitio.
668 1732 894 1808 Patientissima,
917 1751 984 1794 cnm
999 1737 1089 1795 ctiam
1110 1734 1221 1811 figuras
1245 1742 1448 1803 concurrentes
1469 1736 1499 1795 in
1521 1734 1610 1812 planu

273 1829 323 1878 rant
345 1820 478 1897 ejusdem
500 1822 618 1898 speciei.
681 1834 689 1888 ζ
939 1887 943 1895 ,
1124 1890 1127 1899 ,
1303 1868 1307 1877 .
1418 1856 1422 1865 ·
1618 1820 1623 1861 .·

339 1908 394 1966 IV.
420 1906 634 1969 Definitio.
677 1906 870 1985 imperfecta,
893 1926 959 1967 curu
981 1908 1076 1985 major
1098 1906 1216 1984 quidem
1238 1908 1333 1985 ligure
1355 1909 1484 1987 undique
1507 1910 1614 1975 simili-

272 1996 313 2053 bna
333 1997 525 2056 concursibus
547 1992 666 2073 sepitur,
689 2013 793 2073 neque·
808 2004 906 2076 ιεωειι
922 1995 1006 2055 datur
1021 1997 1203 2056 continuatio
1226 1998 1255 2055 in
1279 1996 1432 2072 infinitum,
1455 2004 1508 2059 ant
1529 1998 1615 2059 datur

272 2080 389 2156 qudem,
422 2076 476 2143 'sed
502 2099 561 2142 nnn
575 2086 652 2143 'sino
681 2080 859 2143 admixtione
890 2082 1070 2143 diversarum
1099 2072 1255 2148 concursus
1285 2084 1458 2161 specierum.
1493 2084 1614 2165 „Imper-

269 2171 333 2228 iccta
353 2171 508 2232 deterioris
528 2170 651 2247 gradus,
682 2189 748 2231 cum
777 2172 871 2247 major
901 2170 994 2250 ligura
1015 2187 1074 2230 non
1098 2172 1232 2230 omnibus
1261 2172 1376 2249 angulis
1399 2171 1487 2235 simili
1517 2174 1615 2253 specio

271 2274 430 2323 cucumere
452 2266 524 2335 apta
546 2264 600 2318 eat
1519 2292 1521 2299 ι

342 2364 380 2423 V.
404 2364 614 2424 Dciinitio.
659 2362 762 2425 Sulida
774 2353 966 2442 congruentia
986 2370 1031 2423 εει
1053 2369 1083 2422 ει
1105 2362 1198 2439 ligura
1220 2362 1324 2439 solida,
1349 2380 1415 2425 eum
1428 2364 1530 2442 auguli
1551 2368 1615 2428 sin-

268 2450 317 2527 guli
337 2452 468 2531 plurium
489 2450 642 2529 planarum
657 2452 813 2529 figurarum
836 2449 976 2531 angulum
992 2452 1172 2509 constituunt
1184 2448 1327 2525 ,aolidnm‚
1350 2454 1518 2529 aptatisque
1539 2452 1618 2531 figu-
1693 2481 1701 2492 ·

267 2541 300 2597 ris
318 2538 502 2617 regularibus
525 2538 573 2599 rel
596 2539 853 2617 semiregularibua
878 2531 983 2600 'nullus
1003 2544 1096 2611 restet
1118 2536 1216 2600 hiatus
1237 2540 1311 2599 inter
1343 2537 1617 2617 lateraiignrarnm

270 2626 412 2687 obviantia
433 2627 491 2687 sibi
513 2628 543 2687 in
566 2630 703 2705 opposita
724 2626 838 2687 solidae
859 2624 970 2701 tigurao
991 2633 1087 2701 parte,
1121 2627 1171 2700 qni
1200 2641 1259 2685 nnn
1283 2625 1380 2685 claudi
1409 2631 1503 2703 posuit
1524 2628 1618 2707 ligura
1686 2624 1692 2651 '

270 2717 367 2791 specim
389 2718 480 2775 unina
502 2732 537 2775 er
560 2714 701 2775 adhibitis
722 2714 771 2775 rel
792 2715 899 2774 saltem
920 2711 1114 2787 regularibus.
1568 2767 1573 2786 ,

345 2800 429 2866 Nota
448 2797 521 2869 qnod
539 2797 576 2853 sit
593 2795 648 2854 alia
663 2798 847 2866 congruentia,
863 2811 919 2849 uon
936 2793 1080 2863 plumarum
1092 2793 1240 2862 figurarum
1257 2792 1293 2849 ad
1306 2793 1421 2861 liguram
1432 2795 1545 2852 solidam
1561 2796 1618 2870 ior-

272 2879 394 2947 modam,
420 2877 469 2933 sod
495 2879 617 2946 ipsarum
636 2876 786 2933 solidarum
809 2876 956 2945 figurarum
977 2873 1051 2927 iuter
1069 2886 1112 2939 ss,
1134 2870 1170 2929 erl
1187 2870 1278 2925 locum
1300 2872 1419 2929 solidum
1440 2875 1512 2931 circa
1535 2892 1618 2933 naum

272 2968 391 3027 punctum
410 2956 589 3025 explendum:
606 2955 763 3024 brriusmodi
780 2954 884 3022 liguram
902 2964 1049 3021 corporeae
1067 2954 1134 3005 aaut
1150 2956 1257 3004 mutum
1276 2949 1359 3021 duae,
1378 2952 1464 3009 cnbna
1483 2962 1510 3009 et
1528 2956 1618 3011 rbem·

273 3038 314 3094 bm
336 3036 557 3097 dodeucdricna.
591 3032 662 3091 Num
688 3040 749 3089 octo
773 3031 867 3103 anguli
893 3030 959 3102 cubi
977 3030 1143 3088 concunnnt
1165 3028 1200 3083 ad
1222 3045 1306 3086 unum
1331 3036 1462 3099 punctum
1485 3039 1513 3089 et
1536 3048 1619 3103 unum

274 3117 380 3187 undique
404 3116 499 3170 locum
525 3112 643 3183 explent
684 3109 827 3167 Rhombus
858 3122 922 3164 vero
945 3106 1030 3164 habet
1052 3106 1108 3161 dno
1138 3121 1239 3179 genera
1264 3108 1439 3183 auguriorum,
1453 3152 1454 3157 ε
1469 3112 1620 3169 trilinearea

274 3196 373 3251 obtusos
399 3202 478 3264 octo,
509 3200 540 3257 et
563 3190 775 3263 quadrilineares
798 3192 900 3245 tacutna
931 3204 986 3244 sea
1029 3186 1116 3256 Igitur
1142 3186 1233 3241 obtusi
1261 3192 1380 3265 quatuor
1409 3200 1562 3260 congruum
1586 3192 1634 3269 ao,

273 3270 350 3329 locum
368 3274 545 3345 explendum,
571 3270 643 3327 acuti
660 3286 725 3327 vero
745 3285 805 3324 sex:
831 3266 911 3336 quale
929 3273 1039 3323 annunt
1057 3264 1209 3337 aedificium
1227 3281 1307 3337 spes,
1326 3266 1400 3327 cellis
1420 3268 1567 3339 contiguis,
1592 3278 1623 3325 ut

275 3368 344 3407 unam
361 3354 540 3408 circumstent
558 3367 574 3405 a
590 3346 676 3417 ¹fundo
693 3354 750 3404 tres
769 3344 890 3401 adversis
908 3344 1015 3412 nuuc,
1041 3342 1206 3399 nlaioribus
1226 3360 1275 3397 sex
1299 3346 1459 3423 ct'posacnt
1476 3350 1558 3405 etiam
1575 3365 1622 3407 aa·

275 3434 348 3491 urina
364 3440 425 3489 tres
444 3428 514 3489 aliae
532 3428 706 3485 circumstare
725 3426 759 3481 ad
777 3424 892 3497 figuram
911 3415 1119 3489 absolvendam,
1143 3422 1196 3475 nisi
1214 3420 1286 3477 iores
1306 3426 1476 3495 oportuisset
1497 3444 1558 3485 εεεε
1575 3444 1622 3499 pa·

274 3522 361 3570 butes.
398 3510 442 3569 De
458 3510 513 3569 bec
528 3522 595 3565 reto
614 3506 763 3564 condacum
781 3504 930 3573 figurarum
947 3500 1128 3569 commentia
1144 3516 1194 3555 nos
1211 3498 1257 3555 lric
1275 3518 1329 3557 non
1348 3504 1461 3573 agimus.

349 3610 406 3671 VL·
429 3604 633 3667 Dciinitio.
674 3596 894 3666 'Perfectissirna
922 3592 1018 3654 solida
1048 3594 1237 3670 congruentia
1255 3594 1429 3690 ,solidaque
1446 3578 1540 3677 ligura
1569 3608 1623 3676 εει,

277 3719 330 3763 enm
351 3700 445 3761 etiam
465 3691 556 3773 plana
579 3683 768 3765 congruentia
789 3690 857 3745 sunt
879 3681 1009 3759 ejusdem
1032 3681 1143 3759 figurae
1167 3679 1274 3744 omnia.
1573 3674 1577 3686 '

347 3804 422 3865 VIL
444 3796 656 3863 Definitio.
697 3790 784 3853 Haec
799 3787 847 3847 vel
861 3792 908 3847 εει
927 3784 1068 3863 regularis
1083 3792 1155 3860 tuta,
1180 3805 1246 3853 num
1267 3792 1357 3869 plena
1379 3802 1448 3859 sunt
1467 3796 1623 3873 regularia,

275 3876 539 3972 iabetqucomncs
560 3876 685 3961 angulos
707 3882 737 3939 in
759 3874 862 3938 cadem
885 3874 1038 3953 sphaerica
1059 3874 1213 3953 superficie
1236 3876 1267 3939 ot
1287 3884 1362 3943 inter
1383 3900 1415 3943 so
1436 3884 1556 3945 similos.
1589 3910 1601 3925 ε

349 3997 438 4059 vin.
460 3977 665 4055 Dciinitioss
707 3982 764 4050 Vel
788 3989 833 4042 sat
854 3977 1084 4057 semirugulatiffi
1116 3996 1182 4039 eum
1203 3982 1293 4058 plens
1315 3994 1383 4047 sunt
1405 3990 1626 4070 semiregularia

274 4084 343 4164 (ude
364 4088 433 4147 libr.
456 4083 481 4141 1.
505 4079 561 4139 rot
585 4073 631 4155 ι.)
657 4068 807 4147 habetque
829 4066 952 4145 angulos
975 4064 1088 4125 aolidns
1110 4082 1231 4129 numero
1253 4070 1395 4133 Hnearnm
1418 4074 1571 4137 abstinctos
1596 4085 1625 4137 et

277 4172 440 4246 insimilea3
462 4181 522 4229 non
545 4172 642 4224 lamen
663 4160 791 4239 plotium
814 4171 906 4238 quam
919 4154 1049 4214 duorum·
1067 4170 1216 4237 generum,
1238 4174 1293 4219 nec
1315 4160 1346 4221 in
1368 4162 1511 4239 pluribus,
1533 4182 1624 4247 quam

279 4262 381 4325 lnabua
407 4245 570 4338 sphaericis
583 4246 802 4329 superficiebus,
824 4260 884 4303 nno
906 4250 1005 4303 centro
1021 4242 1181 4321 descriptis,
1208 4244 1356 4325 ordinatos
1364 4269 1373 4325 3
1395 4259 1425 4311 ει
1446 4252 1627 4330 singulorum

278 4368 407 4427 generum
430 4344 555 4425 angulos
576 4348 622 4399 tot
643 4342 771 4409 numero,
794 4329 867 4409 quot
888 4331 980 4391 babet
1001 4346 1060 4388 una
1082 4330 1267 4408 regularium.
1521 4330 1526 4341 '

352 4436 419 4490 lion
437 4429 544 4496 obstat,
572 4418 777 4491 congruentiam
794 4416 866 4469 hanc
883 4412 999 4473 subdam
1024 4410 1249 4481 perfectissimam
1274 4418 1340 4475 diei:
1362 4434 1424 4475 nam
1443 4437 1514 4491 quac
1536 4420 1625 4493 planis

280 4514 329 4580 rjus
344 4515 421 4569 ineat
435 4502 619 4577 imperfectio,
644 4494 802 4555 solidationi
818 4510 873 4548 non
892 4493 974 4547 debet
991 4490 1116 4582 nuncubi,
1146 4492 1194 4547 s'erl
1221 4494 1246 4547 ei
1265 4494 1370 4553 accidit
1406 4500 1512 4557 Dicitur
1536 4510 1626 4566 tamon

280 4592 418 4660 εεεεὶεοεε
433 4584 635 4658 perfectissima
650 4580 720 4633 baec
736 4572 947 4642 aemmegularis.
999 4577 1004 4587 '
1297 4578 1301 4585 ·
1330 4656 1334 4663 .
1435 4655 1438 4663 .

354 4682 417 4743 lx.
437 4674 643 4739 Detinlti-o.
687 4669 821 4730 Petiecta
843 4666 987 4725 interioria
1010 4664 1117 4741 gratim
1141 4673 1199 4741 εει,
1215 4658 1296 4727 'cnm
1320 4668 1408 4745 plana
1429 4672 1574 4749 regularia
1597 4666 1627 4737 ει

280 4773 369 4849 anguli
393 4784 495 4835 omnes
517 4767 547 4823 in
569 4760 672 4822 eadem
694 4754 847 4836 superficie
862 4753 1015 4830 sphaerica
1030 4761 1060 4812 ει
1082 4755 1156 4811 inter
1178 4772 1215 4813 εε
1232 4756 1340 4816 similes
1364 4766 1441 4832 sunt,
1464 4760 1516 4821 sed
1539 4760 1627 4838 plana

282 4866 368 4919 umen
381 4848 754 4931 diversarumgspecierum
777 4840 957 4919 singularum
974 4837 1097 4930 quidem
1114 4846 1160 4899 tot
1180 4860 1308 4917 numero,
1333 4853 1405 4921 quot
1426 4854 1494 4905 sunt
1515 4848 1545 4907 in
1569 4866 1628 4931 uua

283 4947 546 5021 perfectissimarum
568 4934 740 5017 figurarum,
772 4947 811 4990 sc.
834 4944 892 4987 nnn
915 4930 1010 5023 minus
1033 4944 1121 5005 quam
1146 4930 1179 5003 4,
1203 4938 1275 5007 quot
1297 4930 1335 4989 ad
1357 4934 1511 5015 minimum
1529 4934 1627 5023 plani7

284 5036 368 5095 liebus
390 5021 487 5112 solida
508 5030 602 5107 ligura
623 5025 802 5085 terminatur.
878 5091 881 5098 Ι
1032 5068 1036 5077 ,
1512 5071 1517 5083 ,
1548 5096 1553 5105 ’

359 5127 403 5202 X.
424 5132 637 5199 Definitio,
679 5122 854 5206 Imperfectu
876 5122 1066 5201 congruentia
1087 5140 1140 5185 suu
1156 5120 1249 5199 figure
1270 5129 1324 5197 εει,
1348 5141 1414 5183 cum
1432 5114 1540 5191 'cotona
1562 5142 1628 5189 ma·

285 5231 413 5289 munna
433 5223 527 5302 major
549 5221 723 5299 figuramur
744 5214 864 5290 saepius
885 5225 974 5289 anam
990 5210 1086 5285 semel
1107 5211 1228 5273 autbii
1249 5212 1405 5280 mannitur.
1434 5239 1439 5259 ι
1544 5220 1556 5271 .’

749 5310 754 5319 .
864 5342 869 5351 ⁴
1427 5318 1473 5379 Β.
