4242 6384
717 793 799 850 hiber
817 793 865 848 ΠΙ.
884 795 971 864 Caput
990 793 1063 849 xlv.
1498 797 1561 858 393

238 982 273 1018 nm
291 965 399 1022 chorda
416 966 452 1024 sit
469 981 596 1024 mensura
614 967 686 1034 soni,
709 967 783 1036 orbis
802 983 943 1036 veronen
965 968 1001 1022 sit
1022 982 1150 1024 mensura
1170 966 1214 1024 sni
1234 971 1333 1022 motus.
1369 966 1458 1022 Orbes
1480 966 1563 1036 igitur

238 1047 267 1099 ιιι
288 1045 373 1117 plane
392 1063 446 1102 non
466 1053 530 1102 sunt
547 1048 722 1117 comparandi
739 1063 829 1118 neque
847 1047 955 1103 chordis
975 1062 1063 1118 neque
1076 1047 1158 1102 sonis.
1192 1046 1263 1102 Nam
1274 1043 1348 1114 quod
1360 1045 1563 1102 similitudinem

238 1125 310 1179 ttinet
329 1133 492 1196 usurpatam
511 1127 687 1198 transitionis,
706 1127 761 1182 iilic
779 1127 991 1182 aconsouantiis
1010 1127 1044 1182 ad
1063 1125 1178 1182 chordas
1196 1131 1384 1190 consonantes,
1400 1124 1446 1180 bic
1462 1141 1480 1180 a
1497 1142 1562 1182 eon-

238 1203 425 1272 gnrationibns
443 1204 478 1260 ud
497 1205 622 1274 planetas
641 1207 838 1276 configuratos,
856 1223 889 1263 ea
907 1208 999 1262 fucata
1017 1210 1073 1274 cst,
1097 1220 1152 1259 non
1170 1204 1241 1260 euim
1259 1211 1318 1258 tota
1336 1201 1483 1272 curricula,
1507 1219 1563 1258 non

238 1281 310 1348 rteqri
329 1281 425 1351 orbes,
450 1283 498 1340 sed
517 1284 570 1354 ipsi
590 1284 686 1340 saltem
703 1285 873 1356 planetarum
891 1283 1120 1353 configuratorum
1145 1283 1212 1339 situs
1235 1281 1400 1353 singulares,
1425 1298 1476 1339 uec
1493 1283 1563 1338 situs

238 1377 243 1412 ι
260 1359 395 1416 diametro
414 1363 507 1436 mnndi
525 1364 594 1432 veri,
621 1365 673 1420 hoc
691 1373 733 1422 est
751 1366 928 1436 sphaerarum
946 1363 1073 1432 augustia
1090 1369 1118 1417 ιι
1134 1361 1298 1433 amplitudo,
1323 1364 1373 1419 sed
1391 1364 1460 1422 situs
1476 1375 1562 1432 appa·

238 1445 303 1492 entes
322 1439 412 1508 ipsius
430 1440 526 1496 sideris
547 1445 598 1498 sub
616 1443 717 1498 extimo
736 1444 836 1500 cuculo
855 1443 965 1500 zodiaco
992 1443 1020 1496 in
1038 1441 1086 1496 illa
1104 1441 1279 1496 similitudine
1300 1442 1468 1512 respondent
1486 1439 1563 1496 chor·

238 1515 262 1570 is
297 1517 399 1586 ltaque
417 1519 574 1588 requirebat
592 1521 749 1590 similitudo,
768 1529 799 1576 nt
816 1520 1009 1590 unaquaelibet
1031 1519 1133 1576 chorda
1151 1526 1353 1590 compararetur
1369 1520 1486 1590 planetis
1498 1535 1561 1589 pro·

238 1593 314 1647 iscue
333 1595 474 1668 omnibus,
498 1616 553 1654 non
576 1607 607 1656 ut
626 1601 749 1672 singulae
772 1601 894 1670 singulis.
930 1600 961 1655 ld
986 1615 1050 1654 vero
1072 1599 1226 1668 pertinebat
1248 1599 1284 1654 ad
1308 1599 1384 1670 prius
1406 1600 1564 1670 membrum,

238 1687 249 1723 ι
266 1687 318 1739 qno
337 1673 481 1732 hactenus.
1091 1697 1094 1701 ·

281 1751 357 1808 Nota
375 1755 423 1811 VI.
458 1758 510 1814 Hic
529 1765 648 1829 systema
671 1760 803 1816 musicum
822 1765 996 1830 comparatur
1018 1775 1073 1814 non
1091 1758 1207 1828 amplius
1225 1757 1349 1827 zodiaco,
1377 1764 1409 1812 ut
1431 1756 1521 1827 capite
1537 1758 1564 1826 8,

238 1829 264 1883 sd
280 1831 333 1900 ipsi
352 1838 478 1906 compagi
496 1838 580 1896 totius
598 1839 707 1909 muudi,
727 1845 754 1894 et
772 1838 890 1894 chordae
909 1836 1033 1908 singulae
1050 1837 1163 1908 singulis
1182 1837 1305 1906 orbibus,
1325 1836 1437 1893 stabiles
1454 1837 1563 1907 quidem

238 1908 340 1975 phaeris
361 1913 458 1982 primis
476 1915 655 1986 singulorum,
678 1918 792 1974 mobiles
809 1933 873 1972 sero
892 1917 1110 1974 succedentibus.
1146 1917 1221 1972 Haec
1238 1917 1412 1987 quantumvis
1429 1924 1494 1987 apta
1510 1916 1564 1972 dis·

238 1987 329 2042 ributio
349 1990 478 2062 impingit
495 2001 584 2050 tamen
602 1997 694 2053 multis
712 1998 808 2068 modis,
827 2013 881 2066 quo
900 1996 987 2051 minus
1006 1995 1123 2051 causalis
1142 1996 1190 2060 sit,
1211 2002 1259 2050 aut
1276 1994 1342 2049 mihi
1358 1993 1387 2050 in
1404 2010 1464 2049 meo
1483 2008 1565 2065 opere

238 2069 413 2125 onsecranda.
447 2073 517 2130 Nam
535 2075 630 2144 primo,
649 2076 672 2131 si
691 2075 770 2133 orbes
788 2076 896 2133 chordis
914 2076 1089 2146 respondent,
1108 2073 1244 2130 debebant
1255 2074 1382 2144 planetae
1399 2071 1565 2144 respondere

238 2149 317 2203 lectro
337 2159 388 2205 aut
406 2151 525 2222 plectris.
560 2154 622 2210 Jam
640 2171 705 2211 vero
730 2156 863 2226 plectrum
882 2156 1016 2225 percurrit
1034 2171 1127 2210 omnes
1145 2154 1275 2222 chordas,
1299 2161 1347 2211 aut
1369 2153 1493 2224 singulae
1511 2150 1565 2208 sal·

238 2243 270 2282 em
288 2229 404 2300 singulis
421 2230 557 2288 feriuntur
573 2234 701 2304 plectris,
725 2241 754 2290 at
772 2250 859 2305 neque
878 2252 950 2292 unus
969 2235 1080 2304 planeta
1095 2234 1229 2306 percurrit
1245 2249 1338 2292 omnes
1356 2234 1449 2303 orbes,
1475 2247 1565 2301 neque

238 2303 313 2376 iuguli
332 2325 401 2366 suos
419 2327 527 2382 omnes;
552 2329 622 2368 unus
642 2315 713 2368 enim
732 2314 806 2373 solus
826 2329 885 2370 esse
902 2313 1063 2384 perhibetur
1085 2313 1119 2370 ab
1136 2311 1303 2369 ashonomia
1319 2311 1495 2378 Ptolemaida,
1519 2311 1566 2380 qui

238 2383 354 2440 ›lanstam
374 2389 457 2444 vehit.
493 2391 618 2462 Reliqua,
638 2409 708 2464 quae
727 2394 916 2450 desiderantur
928 2394 955 2448 in
967 2393 1019 2448 hec
1032 2394 1243 2463 comparatione,
1260 2400 1408 2463 sequentur
1420 2392 1477 2448 suis
1488 2391 1566 2449 locis.

303 2466 378 2520 Nota
397 2469 457 2524 Vll.
494 2470 545 2526 Hic
563 2473 787 2530 dissimulandum
804 2474 869 2542 luit,
888 2473 962 2544 quod
979 2488 1033 2526 non
1052 2479 1083 2526 ut
1101 2472 1160 2528 soni
1182 2469 1294 2527 stabiles
1312 2472 1338 2540 7,
1356 2470 1484 2541 planetae
1502 2485 1566 2525 vero
1604 2467 1619 2484 ⁸

238 2545 297 2597 etiam
316 2549 341 2612 7,
361 2547 402 2602 sic
421 2550 501 2604 stiam
519 2560 549 2606 ut
567 2553 685 2608 chordae
703 2553 730 2607 in
750 2553 904 2608 universum
924 2554 964 2620 15,
983 2551 1022 2605 sic
1040 2550 1121 2604 etiam
1140 2549 1220 2604 orbes
1237 2549 1266 2604 in
1277 2549 1432 2606 universum
1450 2550 1481 2604 15
1499 2549 1566 2604 sint:

239 2639 295 2690 erge
313 2626 386 2679 enim
405 2627 497 2696 plures
517 2632 595 2687 orbes
614 2631 778 2686 astronomia
796 2631 946 2686 Ptolemaei
963 2631 1067 2686 statuit.

303 2727 377 2781 Nota
395 2727 470 2782 vm.
507 2727 570 2782 Etsi
587 2727 614 2780 in
633 2733 779 2796 systemate
796 2726 945 2782 Ptolemaei
962 2726 1101 2796 perlecto,
1127 2722 1201 2794 quod
1219 2728 1328 2780 constat
1345 2737 1380 2776 ex
1397 2721 1566 2797 hdiapason,
1634 2778 1637 2790 ,

238 2807 363 2860 nonstrsn'
383 2813 500 2876 possunt
518 2815 546 2860 et
564 2807 654 2860 omnia
671 2822 772 2876 genera
790 2813 894 2874 cantus,
911 2815 939 2862 et
957 2819 1049 2860 omnes
1068 2803 1173 2875 species
1191 2802 1338 2872 primarum
1362 2799 1567 2857 concordantia·

238 2893 330 2943 mmet
349 2899 445 2940 omues
464 2885 536 2940 modi
554 2901 603 2940 seu
622 2887 687 2956 toni,
705 2887 754 2942 illa
771 2893 861 2942 ιιιιιι
879 2884 1028 2956 amplitudo
1046 2881 1182 2940 intervalli
1199 2898 1254 2938 non
1271 2880 1325 2936 alia
1341 2881 1459 2936 naturali
1474 2895 1567 2936 neces·

238 2961 314 3032 sitate,
338 2965 388 3018 sed
408 2963 493 3019 solius
510 2964 622 3018 humani
640 2971 736 3034 captus
754 2981 839 3020 causa
856 2965 1003 3020 constituta
1020 2963 1086 3030 brit,
1109 2978 1161 3019 nec
1181 2969 1224 3018 ιιι
1246 2959 1403 3028 verisiauile,
1426 2959 1514 3014 Deum
1532 2973 1567 3012 ex

238 3035 275 3094 hoc
291 3041 430 3098 hominum
448 3044 594 3112 systemate
613 3043 755 3099 arbitrario
773 3044 950 3115 archetypum
968 3042 1081 3112 petiisse
1098 3041 1236 3112 compagis
1247 3038 1421 3110 planetarise·
1456 3037 1567 3093 Minime

238 3132 284 3172 ιιιι
301 3129 341 3177 ιιι
359 3121 530 3192 rationabile,
548 3122 583 3180 ad
601 3139 742 3179 numerum
760 3139 888 3179 sonorum
905 3123 933 3178 in
952 3137 984 3177 eo
1003 3121 1140 3177 stabilium
1158 3119 1335 3177 constitutum
1346 3133 1408 3174 esse
1425 3132 1567 3178 uumemm

238 3198 364 3260 primarum
383 3200 412 3254 in
431 3201 530 3256 mundo
550 3203 728 3270 sphaerarum
751 3218 800 3257 seu
822 3203 1000 3272 planetarum.
1035 3201 1105 3256 Nam
1127 3214 1257 3254 numerus
1279 3213 1406 3252 sonorum
1420 3195 1567 3258 ¹stabilium

239 3279 388 3342 septenarius
413 3281 535 3348 sequitur
558 3281 593 3336 ad
617 3280 691 3336 illam
714 3281 884 3336 arbitrariam
901 3281 1055 3352 systematis
1081 3277 1301 3349 amplitudinem,
1324 3283 1352 3330 ιι
1369 3273 1405 3330 ad
1422 3272 1567 3330 ternarium

239 3353 296 3408 illum
313 3373 455 3412 numerum
477 3375 531 3414 nou
550 3357 631 3428 plane
649 3361 812 3415 naturalium
837 3376 965 3430 generum
988 3366 1099 3428 cantus,
1124 3375 1178 3428 qua
1199 3357 1258 3413 sola
1274 3354 1452 3426 usurpatione
1473 3353 1569 3408 nititur

240 3431 356 3490 distinctio
375 3452 512 3506 sonorum,
531 3437 671 3494 instabiles
690 3445 718 3494 et
735 3438 860 3510 mobiles,
879 3455 940 3496 cum
958 3445 1055 3494 natura
1073 3452 1167 3493 omnes
1185 3434 1245 3492 soni
1269 3433 1424 3504 systematis
1442 3431 1497 3487 sint
1514 3438 1568 3486 sta·

240 3507 300 3578 bles,
316 3513 367 3570 hoc
386 3523 429 3570 est
448 3515 551 3572 definiti
569 3519 651 3574 certis
670 3526 783 3574 naturae
800 3519 889 3588 metis,
907 3516 959 3572 etsi
976 3516 1023 3572 alii
1041 3513 1102 3572 aliis
1119 3521 1217 3570 cantus
1234 3511 1404 3569 naturalibus
1425 3509 1570 3582 genantur

241 3587 310 3642 utilea
344 3593 382 3648 Et
405 3603 436 3649 ut
454 3595 529 3666 dem,
554 3612 614 3652 esse
638 3597 691 3653 hoc
709 3605 828 3668 systema
845 3595 1014 3654 retinendum
1037 3603 1066 3650 et
1089 3595 1115 3648 in
1136 3609 1168 3646 eo
1193 3605 1275 3646 sonos
1301 3587 1434 3659 quosdam
1455 3587 1569 3644 mobiles

243 3667 413 3742 aestimandos,
433 3673 467 3728 ob
487 3675 621 3730 naturalia
639 3681 735 3730 cantus
753 3691 861 3742 genera,
881 3675 977 3732 durum
995 3680 1023 3726 et
1040 3671 1129 3739 molle,
1149 3686 1186 3725 sc.
1206 3671 1235 3737 b,
1253 3669 1272 3723 h
1290 3675 1318 3722 ιι
1335 3667 1386 3736 dp,
1404 3683 1435 3732 e,
1451 3667 1469 3720 4
1487 3683 1569 3722 ιιιοι

242 3757 277 3808 1³10
293 3745 307 3800 2
324 3751 481 3821 mobilibus;
500 3760 591 3810 tamen
610 3771 671 3810 cum
690 3755 863 3824 disdiapason
882 3753 982 3806 habeat
1001 3754 1033 3808 1⁵
1053 3767 1135 3806 sonos
1153 3765 1202 3804 seu
1220 3747 1295 3802 locos
1312 3747 1413 3818 potius,
1431 3746 1449 3799 4
1465 3745 1510 3800 hic
1527 3762 1571 3800 so·

243 3817 282 3876 lun
299 3825 363 3882 liunt
381 3829 504 3896 mobiles,
523 3831 579 3886 bini
597 3833 624 3888 in
643 3840 759 3902 utroque
778 3832 918 3902 diapason,
937 3832 1049 3886 biaonus
1067 3829 1171 3884 scilicet
1183 3833 1306 3899 uterque,
1323 3825 1467 3880 restabunt
1483 3825 1569 3880 nihilo

243 3902 311 3958 ninus
328 3907 454 3964 undecim
471 3911 596 3980 stabiles,
622 3919 670 3967 aut
688 3913 711 3967 si
730 3913 811 3966 etiam
827 3913 854 3980 f,
879 3913 908 3980 [ι
933 3926 983 3978 pro
1001 3924 1054 3964 uuo
1081 3908 1152 3962 iuter
1175 3903 1301 3976 mobiles·
1315 3903 1357 3959 his
1378 3917 1568 3959 accenseamus

246 3977 268 4030 ab
282 3983 352 4038 istam
370 3987 466 4042 literae
485 3991 705 4059 geminationem,
725 3991 777 4045 etsi
795 3988 971 4046 divisionibus
989 3985 1083 4057 primis
1100 3982 1346 4039 monochordorum
1363 3997 1418 4036 non
1436 3989 1569 4040 monstra·

246 4065 280 4118 tos,
291 4070 381 4152 ‚tamen
401 4067 489 4122 adhuc
507 4077 587 4124 erunt
605 4085 717 4125 numero
736 4073 760 4140 9,
779 4077 876 4126 natura
894 4067 1003 4138 quidem
1022 4065 1099 4134 duce,
1118 4078 1187 4133 quae
1200 4069 1291 4117 autem
1303 4061 1406 4116 clarem
1420 4076 1478 4116 non
1489 4060 1569 4116 docet

248 4152 364 4202 taminare.

299 4219 371 4286 Quod
397 4224 466 4278 enim
485 4226 657 4284 Ptolemaeus
681 4227 699 4282 4
722 4227 750 4282 in
773 4243 828 4282 una
854 4232 950 4280 octava
972 4239 1020 4278 seu
1038 4221 1170 4291 diapason
1197 4228 1225 4276 et
1247 4221 1288 4276 sic
1304 4221 1322 4277 7
1348 4221 1376 4276 in
1394 4218 1569 4288 disdiapason

250 4307 348 4354 numerat
369 4303 489 4374 stabiles,
508 4306 535 4362 id
555 4315 597 4362 est
614 4315 728 4378 propter
746 4306 800 4362 duo
817 4303 991 4362 tetrachorda
1009 4300 1161 4370 conjuncta,
1180 4312 1250 4369 quae
1268 4299 1344 4356 sonis
1360 4299 1402 4368 A,
1420 4299 1440 4355 d
1456 4305 1484 4353 ιι
1501 4298 1570 4368 d‚p

250 4375 395 4436 continentur
412 4384 439 4436 in
458 4385 572 4454 siugulis
591 4385 731 4456 diapason,
749 4399 863 4456 quornm
881 4381 1055 4438 intermedius
1075 4382 1109 4449 (b,
1128 4398 1143 4438 c
1160 4387 1188 4434 ιι
1205 4380 1267 4450 ai)
1289 4380 1372 4448 longa
1392 4377 1569 4448 usurpatione

252 4449 303 4504 soliti
318 4465 377 4512 sunt
394 4459 484 4516 lacere
502 4465 624 4534 mobiles,
646 4465 750 4520 scilicet
767 4481 821 4520 non
839 4471 944 4518 tantum
961 4463 997 4532 B,
1015 4463 1034 4518 b
1052 4468 1081 4516 et
1098 4461 1143 4528 dp,
1162 4476 1186 4528 e,
1205 4459 1254 4516 sed
1267 4460 1348 4516 etiam
1360 4476 1388 4528 c,
1406 4455 1453 4528 qui
1469 4465 1569 4524 ιιιιιιι,

252 4535 325 4586 natura
342 4536 466 4609 docente,
490 4543 695 4598 constituuntur
712 4544 860 4598 rectissime
880 4541 1006 4610 stabiles,
1029 4541 1189 4612 praesertim
1207 4558 1231 4596 c.
1266 4541 1307 4596 Ac
1330 4539 1382 4596 etsi
1404 4537 1487 4592 etiam
1503 4536 1570 4592 mihi

252 4611 325 4664 ratum
339 4629 427 4672 rerum
447 4621 670 4690 geometricarum
695 4622 786 4690 signat
804 4621 843 4689 G,
868 4638 896 4690 c,
919 4621 950 4688 d,
972 4635 1074 4690 yprae
1091 4622 1202 4686 ceteris,
1228 4637 1282 4679 non
1300 4635 1364 4676 sero
1385 4619 1475 4686 signat
1491 4633 1511 4672 u
1527 4613 1571 4671 vel

253 4685 271 4747 b
285 4687 318 4756 so,
335 4693 382 4760 nisi
401 4705 536 4765 qnatenus
555 4715 599 4756 ars
619 4709 745 4758 naturam
763 4702 896 4762 imitatum
923 4707 952 4754 at
969 4700 1060 4768 signat
1077 4701 1172 4756 mdem
1190 4707 1289 4756 natura
1305 4698 1371 4754 mibi
1389 4697 1470 4752 ctiam
1487 4694 1519 4760 b,
1542 4693 1571 4746 B

255 4769 272 4812 εἴ
285 4765 324 4831 ἂι,
346 4787 370 4840 e,
395 4791 448 4844 quo
466 4779 572 4834 nomine
589 4779 705 4836 mobiles
725 4779 778 4836 duo
797 4781 836 4849 B,
860 4781 879 4834 h
897 4787 924 4833 ιι
942 4779 991 4848 dp,
1010 4796 1024 4834 e
1041 4779 1077 4834 ab
1094 4781 1214 4848 antiquis
1231 4778 1329 4846 habiti,
1357 4774 1570 4848 praestantiores

256 4853 297 4922 use
313 4845 433 4907 deberent
452 4855 586 4912 stabilia
624 4859 695 4926 Quin
714 4859 776 4927 imo,
795 4859 818 4913 si
837 4874 946 4913 causam
963 4857 1103 4927 respicias,
1121 4875 1169 4912 cur
1187 4857 1362 4925 disdiapason
1373 4853 1570 4920 introducatur,

257 4914 288 5007 llis
301 4933 336 4978 ιιι
352 4929 473 4988 desumta
490 4950 525 4990 ex
544 4937 686 4994 omnifaria
704 4938 876 4994 successione
896 4953 1024 4992 sonorum
1043 4939 1151 4992 omnino
1169 4937 1303 5004 omnium,
1320 4949 1375 4990 non
1392 4940 1498 4988 tantum
1516 4937 1570 4986 sta·

256 4992 329 5056 thum,
362 5007 388 5063 Si
413 5027 478 5084 erpo
501 5015 546 5072 bic
570 5017 659 5072 solum
682 5015 797 5073 stabiles
819 5015 1034 5084 consideramus,
1060 5015 1128 5070 nihil
1145 5013 1180 5068 ad
1197 5013 1271 5082 illos,
1295 5018 1326 5068 ut
1343 5011 1425 5082 tales,
1453 5009 1570 5080 partinet

259 5078 321 5131 ‘illm
336 5095 446 5154 aramma
466 5092 649 5165 disdiapason.
684 5097 753 5150 Nam
771 5095 842 5150 idem
861 5095 941 5164 ordo,
967 5095 1014 5164 qui
1032 5102 1076 5150 est
1091 5094 1163 5148 inter
1179 5112 1210 5165 y,
1234 5110 1262 5162 c,
1285 5093 1316 5160 d,
1332 5109 1352 5162 y
1368 5089 1483 5146 mcurrit
1499 5089 1571 5142 inter

261 5170 276 5240 Β]
289 5155 309 5220 i.
321 5177 347 5231 92
363 5183 376 5220 ι
392 5179 420 5225 et
437 5173 469 5242 d,
485 5191 517 5244 q,
536 5191 568 5241 a,
588 5175 619 5245 d,
638 5176 757 5232 nondum
774 5174 885 5244 impleto
904 5181 1050 5244 systemate
1069 5171 1250 5240 disdiapason.
1285 5171 1383 5238 ltaque
1398 5167 1473 5237 quod
1491 5165 1570 5222 affec-

262 5239 333 5291 ΨΜ
349 5253 497 5312 stabilitatis
514 5255 621 5324 attinet,
639 5253 742 5310 sufficit
758 5253 812 5309 illis
831 5253 1138 5324 systema'diatessaron
1155 5267 1217 5306 cum
1234 5249 1379 5320 diapason,
1397 5247 1470 5318 quod
1487 5247 1571 5304 habet
