4242 6384
781 807 865 865 hiber
881 808 929 863 lv.
952 808 1118 878 Gaputffl
1535 810 1597 871 251

260 990 351 1047 mentis
373 988 553 1063 astrologiae
575 986 747 1051 certioribus
767 986 894 1047 subinde
917 986 966 1047 rel
995 986 1146 1063 praetatus
1169 984 1216 1045 rel
1241 986 1393 1045 interfatus
1416 994 1500 1061 sumj·
1527 1002 1600 1045 con-

259 1078 325 1134 sulto
346 1084 508 1151 praetereo,
532 1084 565 1133 ut
587 1092 665 1151 quse
687 1092 746 1133 non
769 1074 828 1135 iste
850 1092 954 1151 sparsa
975 1080 1051 1133 sunit

331 1163 405 1221 ilum
427 1174 527 1227 autem
550 1164 745 1223 celeberrimis
768 1162 915 1220 nonnullis
936 1160 1142 1237 philosophiae
1158 1166 1187 1219 et
1202 1154 1363 1220 medicinae
1385 1159 1600 1236 professoribus

258 1254 325 1309 visus
347 1251 403 1307 sim
425 1267 535 1308 novam
556 1250 775 1326 philosophiam
791 1248 914 1314 condere
930 1265 1055 1323 eamque
1071 1249 1261 1321 verissimam,
1286 1250 1363 1306 omni
1380 1264 1449 1307 mira
1471 1246 1599 1307 iorcnda
1651 1294 1654 1302 .

258 1350 279 1396 et
304 1336 455 1397 educanda
488 1347 532 1395 est
562 1336 671 1397 tenella
697 1336 843 1412 plantula,
877 1344 910 1394 ut
938 1344 1008 1394 sunt
1034 1352 1115 1395 nova
1137 1336 1250 1409 omnia,
1286 1342 1319 1394 ut
1340 1334 1453 1394 radices
1477 1340 1547 1409 agat
1569 1336 1599 1391 in

257 1427 346 1485 animis
368 1423 655 1501 philosophantium,
689 1439 785 1499 neque
811 1424 968 1481 suffocetur
1001 1422 1122 1481 humore
1145 1424 1236 1481 nimio
1259 1432 1399 1481 ranorum
1423 1422 1600 1498 sophistica-

257 1517 364 1589 tionum,
387 1528 466 1571 nere
490 1511 674 1587 vulgatorum
697 1512 867 1587 opinionum
882 1511 1057 1569 torrentibus
1081 1509 1204 1581 eluatur,
1229 1498 1281 1567 au't
1303 1508 1499 1585 negligentiae
1521 1510 1629 1584 pnb-·

256 1601 315 1657 lime
345 1600 505 1675 [rigoribus
534 1600 716 1673 obrigeseat:
751 1596 830 1672 quod
860 1599 885 1655 si
915 1596 986 1657 mihi
1014 1614 1119 1656 essere
1151 1598 1317 1671 contigerit,
1351 1614 1409 1675 oon
1437 1614 1493 1672 ego
1517 1596 1601 1655 illia

258 1690 335 1745 nentis
358 1685 587 1763 calumniarum,
611 1704 648 1745 ne
670 1686 833 1761 frangatur,
857 1701 915 1743 non
938 1698 957 1742 a
981 1682 1095 1743 solidae
1119 1700 1259 1745 censurae
1282 1683 1369 1757 Sole,
1391 1700 1429 1742 ne
1443 1692 1598 1757 'exuratuq
1685 1688 1688 1695 '

261 1778 405 1851 quiequam
428 1781 538 1833 metuo.
626 1798 630 1803 ·
1479 1798 1481 1805 >
1605 1812 1609 1819 -

327 1861 406 1919 Cum
429 1862 520 1936 igitur
542 1878 606 1935 cap.
625 1863 651 1916 l.
668 1860 784 1924 animae
806 1856 923 1933 quidem
946 1858 1092 1934 tetigerim
1116 1858 1283 1929 essentiam,
1307 1855 1361 1915 sed
1383 1864 1501 1933 propter
1522 1856 1601 1916 solas

260 1949 434 2019 harmonias,
457 1965 524 2006 cum
546 1944 705 2005 seeundum
728 1953 818 2021 caput
840 1962 899 2002 non
922 1962 957 2006 ex
980 1938 1113 2020 pr'olesso
1137 1944 1173 2004 de
1196 1946 1294 2003 animo
1316 1946 1375 2017 sit,
1399 1944 1451 2005 sed
1474 1944 1510 2005 de
1532 1944 1602 2003 har·

258 2038 343 2093 moniis
368 2042 490 2111 propter
512 2036 653 2093 animam:
676 2033 759 2091 lubet
773 2049 849 2091 nune
869 2033 931 2107 jam
947 2032 1004 2090 hoe
1019 2034 1116 2107 eapite
1140 2032 1279 2093 disserere
1303 2031 1339 2091 de
1362 2034 1602 2108 animapropter

223 2167 225 2169 .
257 2142 279 2179 ae
296 2125 389 2199 ipsam
414 2123 506 2198 paulo
529 2120 709 2196 generalius,
739 2120 822 2181 iubet
845 2138 881 2179 ex
910 2120 1028 2195 epilogo
1059 2118 1208 2195 epilogum
1230 2119 1327 2179 iacere
1350 2122 1494 2192 omnium,
1523 2130 1602 2195 quae

257 2210 284 2267 nd
301 2217 489 2284 praesentem
502 2210 662 2275 ,materiam
677 2214 820 2283 spectant,
844 2224 979 2281 quaeque
993 2210 1129 2285 sparsim,
1152 2223 1229 2281 quac
1254 2207 1355 2280 obiter,
1380 2224 1456 2283 quae
1479 2207 1603 2265 latenter

257 2298 326 2373 dieta,
349 2297 401 2355 hic
424 2297 481 2355 sub
504 2287 593 2359 unum
617 2302 768 2374 arpentum
783 2294 888 2353 referre
912 2303 1063 2369 totamque
1079 2295 1121 2353 rei
1145 2302 1279 2353 naturam
1302 2296 1440 2355 condono
1464 2295 1603 2353 credonis

257 2384 294 2441 iilo
314 2384 474 2459 explicare.
890 2446 893 2451 ,

328 2472 401 2530 Εειιε
426 2472 557 2547 aliquam
579 2471 671 2529 totius
694 2468 820 2527 ninivensi
845 2470 989 2541 animam,
1012 2468 1192 2544 praelectam
1215 2468 1343 2530 motibus
1366 2474 1524 2539 astrorum,
1549 2484 1603 2544 ge·

256 2562 385 2616 iterationi
413 2551 637 2628 elementorum,
661 2557 877 2616 conservationi
901 2557 1083 2615 animantum
1107 2562 1136 2637 et
1158 2556 1309 2631 stirpium,
1333 2554 1459 2629 denique
1482 2574 1604 2631 sympa-

257 2646 321 2704 thiae
349 2647 538 2720 superiorum
567 2644 793 2717 interiorumque
822 2652 958 2715 mutuae,
991 2643 1130 2704 Timaeus
1155 2642 1309 2701 Locrensis
1339 2659 1374 2701 ex
1398 2642 1604 2719 Pythagoricis

256 2734 357 2806 placitis
381 2732 465 2807 apud
482 2732 635 2791 Platonem
658 2729 803 2800 defendit,
827 2728 949 2788 Procius
972 2746 1040 2788 vero
1064 2748 1130 2794 eum
1151 2730 1233 2801 alies,
1258 2736 1320 2787 tum
1343 2732 1511 2806 praesertim
1536 2746 1603 2788 vcr-

224 2855 225 2858 =
258 2822 337 2877 bisin
361 2838 432 2895 cap.
458 2821 483 2876 i.
507 2819 595 2893 hrujos
618 2818 684 2875 libri
706 2816 759 2875 tv.
783 2817 987 2892 transscriptis,
1011 2816 1164 2875 stabilivit.
1180 2815 1275 2875 flam
1298 2815 1443 2875 diversam
1466 2834 1485 2875 a
1506 2822 1603 2874 mente

259 2912 386 2979 seeemht,
423 2914 453 2966 et
475 2905 553 2981 quod
576 2922 658 2987 mens
680 2903 803 2981 simplex
827 2912 920 2975 esset,
954 2907 1052 2962 animo
1084 2905 1141 2963 ista
1163 2903 1316 2978 multiplex
1339 2903 1542 2973 facultatibus,
1574 2908 1605 2961 et

259 2994 321 3067 quod
336 2994 436 3066 ⁸ideae
459 2995 588 3051 omnium
610 2992 759 3052 sensilium
783 2994 813 3047 iu
835 2996 933 3071 mente
955 2992 1086 3050 inessent
1107 2992 1200 3066 primo
1213 3008 1274 3066 ,per
1289 3008 1331 3063 se,
1355 3006 1445 3067 purae
1468 2998 1498 3049 et
1519 2989 1604 3049 idco-

259 3083 326 3152 tisoe,
351 3085 380 3137 in
406 3082 507 3139 anima
529 3079 702 3142 annonario
724 3090 841 3154 propter
863 3085 990 3149 mentem
1018 3084 1047 3136 et
1070 3078 1108 3137 ah
1133 3096 1169 3137 ee
1190 3085 1338 3153 suceptae,
1361 3080 1456 3155 magis
1479 3078 1517 3137 ad
1539 3094 1604 3135 ms-

259 3172 346 3227 teriam
367 3169 562 3239 inclinantes;
592 3166 669 3223 unde
702 3174 731 3224 et
753 3168 904 3223 nominum
927 3164 1113 3223 distinetione
1143 3166 1206 3236 usi,
1241 3164 1454 3225 intellectuales
1485 3165 1603 3239 quidem

224 3293 225 3296 ,
259 3256 294 3312 rel
313 3256 460 3318 mentales
490 3252 693 3329 paradigmata
723 3253 923 3329 appellamnt,
956 3248 1097 3310 animales
1130 3268 1198 3311 vero
1229 3251 1463 3327 paradigmatum
1486 3253 1603 3312 illorum

259 3344 351 3402 icones.
399 3341 524 3403 Summa
547 3357 582 3399 eo
604 3340 694 3425 redit,
727 3347 760 3397 ut
783 3339 964 3397 Christianus
993 3340 1100 3414 aliquis
1129 3336 1267 3399 facillime
1298 3357 1351 3416 pro
1380 3348 1477 3400 mente
1500 3340 1605 3399 Pleto-
1679 3360 1684 3371 ·

259 3432 311 3488 nica
333 3431 435 3489 Deum
458 3435 625 3500 creatorem,
650 3443 702 3501 pro
726 3427 824 3485 anima
846 3434 979 3485 naturam
1002 3444 1097 3487 rerum
1119 3426 1283 3503 intelligere
1304 3430 1409 3503 possit.

330 3517 450 3591 Quibus
480 3516 522 3572 iili
552 3516 736 3590 potissimum
767 3514 861 3571 ventis
890 3513 1146 3590 contemplationis
1174 3514 1278 3587 agitati
1309 3513 1443 3575 adhaec
1466 3514 1605 3590 dogmata

260 3605 427 3677 appulerint,
463 3602 684 3677 aliisrelinquo
707 3601 927 3667 excutiendum,
961 3594 1022 3675 ego
1046 3600 1082 3659 de
1114 3603 1247 3675 meipso
1272 3600 1375 3660 dicum.
1421 3602 1459 3659 Et
1480 3604 1605 3676 primum

261 3691 362 3762 quidem
388 3692 549 3749 deanima
571 3691 661 3747 totius
685 3690 812 3747 universi
836 3689 892 3746 etsi
915 3704 971 3745 nori
996 3705 1137 3763 repugno,
1159 3688 1231 3745 nihil
1255 3694 1352 3747 tamen
1374 3689 1432 3748 hoc
1453 3688 1527 3747 libro
1551 3689 1632 3763 lv„

261 3777 353 3835 licam:
378 3777 499 3836 videtur
521 3778 597 3834 enim
621 3776 661 3852 (si
682 3783 727 3831 est
748 3775 817 3833 talis
841 3772 950 3850 aliqua)
973 3777 1002 3831 in
1025 3774 1254 3845 centromnndi,
1280 3775 1359 3850 quod
1382 3776 1451 3835 mihi
1476 3775 1525 3835 Sol
1551 3783 1606 3853 ost,

261 3866 390 3937 residere,
424 3863 551 3940 indeque
580 3866 608 3919 in
632 3879 748 3920 omnem
781 3862 845 3937 ejus
879 3856 1100 3936 amplitudinem
1133 3865 1308 3921 commercio
1341 3862 1489 3923 radiorum
1523 3863 1605 3935 lueis,

261 3955 298 4025 qni
319 3957 378 4011 sint
402 3951 470 4010 loco
494 3951 647 4027 spirituum
671 3952 700 4005 in
724 3966 844 4025 corpore
868 3948 995 4022 animali,
1019 3950 1185 4024 propagari
1222 3956 1301 4019 (vite
1330 3958 1462 4019 ltprimum
1490 3959 1533 4006 tib.
1558 3958 1607 4017 ut

262 4038 294 4096 lie
315 4049 422 4099 natma
444 4054 525 4110 vero,
549 4055 624 4111 quae
647 4045 763 4112 praeest
777 4037 935 4110 ,elementis
959 4053 1106 4110 quamque
1128 4037 1238 4095 usitato
1266 4035 1397 4111 epitheto
1420 4036 1608 4095 sublunarem

263 4128 381 4200 appello,
411 4126 475 4200 jam
497 4144 517 4184 a
538 4125 643 4199 uiginti
666 4126 751 4181 annis
782 4140 837 4198 ego
869 4140 926 4180 non
952 4122 1105 4181 dissimilis
1128 4130 1256 4183 statuere
1280 4125 1382 4198 coepi3
1415 4132 1513 4183 motus
1537 4140 1607 4183 vero

263 4232 311 4271 sum
333 4214 372 4271 ad
402 4212 460 4271 hoc
487 4229 545 4270 non
574 4210 698 4272 lectione
727 4210 775 4267 vel
804 4211 996 4269 admiratione
1027 4209 1259 4281 Platonicorum,
1289 4208 1341 4269 sed
1369 4202 1434 4269 sola
1462 4219 1492 4269 et
1522 4213 1608 4269 unies

263 4308 458 4376 tempestatum
482 4300 687 4360 observatione
711 4306 957 4373 aspectunmque,
983 4298 1090 4372 quihus
1113 4296 1180 4355 illae
1205 4300 1326 4369 cientur,
1350 4298 1606 4374 contemplatione.

223 4417 225 4466 ,
264 4386 317 4443 lidi
341 4390 439 4457 enim,
462 4402 570 4460 magna
593 4387 759 4445 constantia
781 4385 892 4443 turbari
914 4392 1023 4443 statum
1046 4386 1135 4458 auris,
1168 4386 1283 4460 quoties
1306 4384 1441 4461 planetae
1465 4384 1513 4445 vei
1536 4402 1608 4445 eon-

263 4474 455 4548 integerentur,
488 4472 535 4531 vel
567 4473 753 4549 aspectibus,
783 4471 874 4546 vulgo
901 4472 1113 4546 astrologorum
1145 4471 1314 4545 celebratis,
1344 4474 1608 4549 configurarentur3

266 4561 313 4618 ridi
334 4559 577 4637 tranquillitatem
600 4559 763 4635 plerunque
786 4577 850 4617 esse
872 4560 902 4617 in
925 4564 1006 4631 aiire,
1037 4561 1062 4617 si
1081 4559 1164 4623 ,nulli
1198 4558 1246 4617 vel
1278 4561 1304 4619 si
1333 4563 1420 4636 pauci
1443 4560 1608 4619 inciderent

267 4657 404 4722 spectus,
428 4648 475 4705 vel
499 4650 523 4705 si
548 4646 679 4705 celeriter
703 4646 912 4705 conficerentur
933 4648 1228 4721 nonsigmentmque.
1275 4645 1340 4705 Hoc
1364 4663 1433 4707 vero
1456 4650 1607 4722 negotium

267 4750 309 4801 epo
329 4754 387 4796 non
410 4736 453 4793 ita
476 4735 581 4792 leniter
604 4732 845 4792 eorrsiderandum
868 4750 933 4791 esse
956 4735 1065 4805 censori,
1090 4736 1132 4791 uti
1148 4732 1254 4809 vulgos
1277 4742 1500 4811 prognostarum
1523 4733 1608 4807 solet,

268 4824 306 4892 qui
326 4826 368 4882 sic
390 4822 559 4881 describunt
581 4820 707 4878 siderum
732 4820 959 4896 apotelesmata,
991 4840 1026 4881 ac
1047 4822 1073 4878 ai
1097 4820 1150 4879 illa
1171 4820 1220 4878 Dii
1245 4819 1363 4894 qnidam
1389 4829 1500 4894 essent,
1533 4822 1609 4881 coeli

267 4917 402 4984 terraeque
424 4917 559 4985 potentes
582 4910 738 4983 omniaque
762 4926 796 4966 ex
826 4908 944 4965 arbitrio
969 4916 1109 4983 agentes,
1133 4908 1318 4980 securissimi,
1342 4925 1407 4985 *quo
1437 4909 1534 4968 medio
1557 4908 1630 4973 iiis,

269 4996 482 5071 unumquodque
505 4994 655 5071 perficiant
678 4993 755 5071 apud
780 5012 834 5053 nos
856 4997 884 5051 iu
899 4994 1023 5068 ‘Turrim
1047 5011 1113 5053 eum
1135 4996 1201 5071 ipsa
1222 4995 1252 5051 in
1276 4994 1358 5053 coslo
1380 5002 1534 5067 maneant,
1554 5014 1609 5056 neo

270 5086 423 5157 quiequam,
458 5081 537 5158 quod
561 5082 693 5139 sensibus
716 5089 831 5157 pateat,
871 5081 908 5139 sd
941 5098 995 5139 nos
1025 5089 1139 5157 praeter
1171 5080 1270 5139 radios
1297 5080 1413 5141 lucidos
1446 5084 1608 5143 demittant.

224 5193 225 5196 ¹
272 5164 338 5227 llaec
365 5172 524 5246 praecipua
562 5171 709 5244 scaturigo
741 5178 784 5229 est
814 5169 1047 5227 foedissimorum
1081 5169 1320 5244 superstitionum
1356 5168 1608 5244 astrologicamm.

237 5336 240 5339 ἡ
276 5254 306 5312 ht
322 5274 379 5317 uon
399 5256 488 5317 valde
510 5264 686 5335 prognostas
709 5258 812 5330 miror,
836 5273 929 5333 genus
951 5256 1104 5316 homiuum
1127 5256 1299 5333 plerumque
1321 5257 1472 5337 populare,
1496 5258 1608 5339 puerile
