4242 6384
742 825 833 888 utar*
841 829 891 884 111.
912 825 1000 899 Caput
1017 825 1067 882 tx.
1520 823 1583 886 bil

236 1015 309 1056 causa
327 999 410 1058 unda
426 1009 478 1070 aet,
496 1001 637 1071 mutum
654 1001 875 1059 mbodmdoues
893 1003 921 1058 iu
939 1001 1084 1073 disciplina
1100 999 1258 1056 harmonica
1266 997 1412 1068 iniuriease
1428 995 1457 1052 ln
1474 1009 1583 1052 senem

236 1081 341 1136 tudima
383 1083 419 1138 At
435 1080 535 1151 hercle,
553 1086 609 1136 tarn
629 1080 661 1136 12
679 1078 746 1136 ad1
766 1097 848 1151 quam
868 1081 901 1137 12
918 1081 982 1138 edb
1000 1097 1055 1136 uon
1068 1081 1258 1138 tautumintar
1268 1077 1424 1143 conducas,
1442 1074 1585 1144 emptam

236 1169 294 1214 uter
311 1175 453 1218 consonae
470 1159 662 1230 proportiones
681 1166 761 1226 aunt,
784 1159 886 1230 qnippe
904 1175 966 1216 cum
984 1167 1012 1215 ct
1028 1158 1099 1216 letne
1119 1158 1287 1228 indecem
1309 1165 1337 1212 et
1358 1155 1490 1215 auhtensa
1507 1153 1585 1224 quin·

236 1253 276 1308 pue
293 1237 384 1306 signis
402 1239 457 1294 siut
475 1236 716 1306 demonstrabilem
741 1245 769 1292 et
786 1237 909 1294 abutitur
925 1235 1029 1294 ratium
1047 1239 1235 1306 Ptolemaeus,
1259 1235 1282 1292 si
1301 1240 1397 1303 negati
1414 1234 1487 1302 quod
1505 1247 1584 1287 aures

236 1317 370 1384 rdirrnant,
390 1333 429 1373 sc.
448 1314 648 1385 semiditonum,
666 1317 713 1386 qui
731 1315 935 1386 proportionem
954 1318 970 1372 6
990 1317 1023 1372 ad
1043 1319 1058 1372 b
1078 1317 1206 1384 eontinet,
1228 1322 1257 1372 at
1274 1313 1415 1382 diapason·
1426 1329 1487 1368 eum
1505 1309 1583 1366 senri-
1699 1351 1702 1358 .

236 1394 327 1460 lituum
354 1393 403 1463 qui
425 1393 457 1450 12
475 1393 509 1448 ad
528 1395 557 1457 h,
575 1394 767 1449 consonantias
785 1409 853 1450 esse.

312 1473 390 1528 liuta
408 1471 480 1526 vni.
517 1470 649 1539 Superest
668 1471 762 1528 ultima
780 1473 862 1541 hujus
881 1473 978 1542 capitia
997 1472 1178 1540 comparatio.
1198 1469 1274 1539 quod
1290 1485 1352 1524 cum
1369 1470 1446 1536 siem
1468 1468 1524 1524 aiut
1544 1468 1583 1533 ¹⁶2,

236 1551 291 1608 ient
310 1559 371 1606 trae
390 1559 456 1606 tunt
474 1549 580 1618 species
599 1548 779 1619 diatessaron,
799 1551 838 1608 sic
856 1553 939 1607 etiem
957 1559 1014 1605 tres
1032 1551 1089 1606 sint
1105 1552 1244 1618 signos-am
1262 1546 1452 1616 quadrantali,
1469 1552 1499 1600 et
1514 1545 1584 1600 siout

236 1635 341 1696 mutuor
359 1627 503 1698 diapente,
529 1627 568 1682 sic
587 1629 668 1682 etiam
687 1637 806 1698 quatuor
822 1645 885 1686 esee
903 1629 1041 1698 signorum
1060 1626 1209 1697 tmanguln,
1234 1625 1280 1681 nbi
1298 1625 1366 1680 nibil
1383 1625 1485 1691 heheu,
1510 1621 1584 1694 quod

236 1705 385 1762 mlemseo
405 1721 439 1760 ex
457 1704 515 1760 suia
533 1705 673 1776 principiis
692 1721 842 1776 opponatur
860 1707 976 1778 pulcher
994 1724 1060 1765 sanc
1078 1722 1229 1778 responsus
1241 1715 1294 1769 eat,
1312 1707 1335 1760 si
1352 1719 1412 1759 euru
1426 1703 1521 1757 rhetor
1536 1706 1585 1755 aut

236 1789 302 1852 neta
320 1783 426 1856 aliquis
442 1783 595 1853 intueatur,
616 1786 669 1841 etei
686 1788 915 1856 comparationem
933 1789 992 1858 ipse
1014 1789 1043 1844 in
1060 1787 1128 1843 meie
1149 1782 1405 1842 ratiocinationibus
1427 1797 1481 1836 nou
1507 1779 1585 1836 adhi-

236 1879 325 1933 erem,
347 1865 416 1934 quia
433 1863 499 1918 mihi
517 1863 634 1922 circulus
652 1881 705 1922 uon
724 1875 829 1924 mutum
847 1867 875 1921 lu
894 1865 1022 1936 nodosae,
1047 1864 1097 1922 aed
1112 1864 1196 1920 edam
1213 1864 1242 1918 iu
1259 1859 1456 1926 moria,
1474 1866 1504 1914 et
1520 1857 1580 1926 qui·

236 1941 282 1998 lem
300 1959 318 1998 a
336 1941 466 2012 quolibet
481 1943 559 2000 initio
577 1944 704 2002 dividuus
722 1953 778 2004 est.
797 1961 885 2016 eoque
902 1945 1018 2002 fortuita
1035 1945 1143 2001 ridetur
1159 1942 1206 1998 iila
1224 1941 1402 2014 conspiratio,
1419 1938 1584 1998 neoenitaie
1633 1992 1641 2004 ,

236 2021 340 2091 puadum
359 2021 476 2078 auorum
494 2023 715 2093 praecedentium
733 2040 914 2096 consequens,
927 2093 929 2102 Ι
940 2039 991 2082 nec
1017 2022 1088 2081 ultra
1105 2024 1208 2094 primae
1225 2021 1418 2078 couscnmtias
1441 2031 1504 2074 sese
1519 2031 1584 2086 pro·

236 2101 319 2170 mens,
338 2100 376 2156 ad
395 2099 470 2171 ipsae
489 2101 570 2167 etiam
589 2112 694 2174 septem
714 2103 819 2174 species
837 2103 981 2176 diapason3
1005 2119 1068 2160 nam
1095 2118 1145 2159 sex
1162 2101 1251 2158 tolum
1273 2100 1461 2172 oppositiones
1483 2097 1513 2151 iu
1531 2095 1584 2151 cir·

236 2181 281 2235 ulo
298 2180 356 2236 hoc
376 2186 457 2251 pecto
482 2182 551 2236 sumi
568 2189 705 2252 paternum.
741 2183 915 2242 Ptolemaeus
939 2181 1047 2256 quidem
1067 2187 1180 2238 excusat
1202 2180 1269 2250 hec,
1295 2178 1368 2248 qaod
1393 2177 1497 2248 primae
1517 2189 1583 2230 cuu-

236 2259 369 2314 senantiae
389 2257 464 2314 solae
483 2259 537 2314 aiut
554 2260 763 2331 incompositae,
790 2263 921 2336 diapason
946 2261 1099 2332 composita
1121 2275 1156 2316 ex
1174 2259 1236 2316 illia
1272 2259 1357 2330 imni
1381 2258 1435 2314 boc
1457 2253 1524 2312 nihil
1547 2251 1582 2308 ad

236 2336 386 2402 rhombum,
410 2347 454 2393 eet
474 2339 545 2394 euim
563 2339 713 2397 communie
731 2343 885 2412 excusatio,
908 2356 963 2414 qua
980 2341 1027 2412 qui
1044 2340 1109 2396 velit
1126 2339 1180 2402 uti,
1204 2341 1229 2395 ie
1246 2353 1297 2410 per
1313 2351 1408 2393 omnes
1425 2330 1583 2390 considera·

236 2416 310 2472 iones
329 2425 359 2472 st
380 2419 597 2488 temperationes
614 2419 745 2490 diapason
763 2437 780 2476 e
797 2437 908 2478 numero
927 2428 1022 2491 posset
1039 2419 1176 2488 exirnere,
1194 2425 1291 2474 contra
1308 2424 1401 2471 rmum
1417 2409 1582 2476 Ptolemaei3

236 2494 297 2550 nulla
315 2495 391 2551 enirn
408 2495 543 2552 connexio
561 2505 604 2552 est
622 2499 703 2553 medii
721 2498 765 2554 hic
784 2498 896 2570 allegati
913 2517 975 2558 cum
993 2498 1177 2566 conclusione,
1203 2505 1231 2554 et
1248 2503 1343 2568 posset
1360 2493 1459 2564 fficnis
1475 2493 1582 2546 conba-

236 2571 292 2626 r'mm
310 2573 427 2629 hierna:
451 2575 475 2629 ai
499 2582 543 2632 est
560 2579 740 2648 compositum
764 2579 896 2650 diapason
921 2594 955 2632 ex
974 2578 1103 2648 diapente
1126 2583 1156 2632 et
1174 2576 1358 2645 diatessaron,
1382 2569 1479 2626 debuit
1500 2565 1583 2622 etiarn

236 2665 366 2706 nnmerum
386 2650 489 2708 habers
506 2657 686 2725 eompoabum
705 2674 738 2712 ex
758 2657 878 2714 cermeria
896 2657 1091 2713 clementorum
1110 2659 1127 2712 3
1145 2665 1173 2712 et
1188 2657 1213 2725 4,
1233 2662 1265 2710 ut
1282 2652 1383 2709 habeat
1399 2648 1510 2720 quidem
1526 2645 1583 2701 dia·

237 2742 311 2794 pascu
329 2729 475 2800 speciest
494 2747 635 2790 nnmerum
654 2736 832 2808 compositum
851 2752 885 2791 ex
903 2737 920 2793 d
939 2736 1109 2792 diatessaron
1133 2743 1161 2792 et
1178 2738 1196 2792 i
1215 2734 1354 2805 diapente,
1379 2745 1430 2786 ⁰³1
1445 2742 1512 2798 ⁰¹8⁰
1527 2741 1584 2783 ”⁰¹¹

236 2807 304 2862 edam
323 2807 507 2879 oppositionis
525 2821 589 2868 sunt
607 2815 624 2870 7
642 2815 806 2880 curationes,
829 2821 942 2885 propter
959 2816 975 2870 4
993 2815 1056 2869 trini
1080 2823 1109 2869 et
1126 2817 1144 2871 3
1162 2811 1287 2883 quadrati
1308 2807 1478 2866 sumtionea‘l
1511 2803 1581 2860 nint

237 2885 332 2951 queem
355 2891 401 2941 est
425 2885 452 2940 iu
478 2897 585 2956 promtu
607 2893 767 2964 responsio,
793 2895 842 2948 sed
865 2907 936 2964 quae
959 2907 1012 2970 uon
1031 2899 1075 2947 est
1096 2899 1283 2949 consentanea
1302 2890 1367 2945 huic
1387 2881 1583 2956 comparationi

236 2961 416 3034 Pblwtlcw,
434 2978 472 3020 κ.
492 2971 556 3037 quia
572 2987 627 3027 uon
646 2971 687 3027 eie
704 2973 846 3042 oppositus
865 2987 898 3026 ex
917 2973 988 3027 trino
1007 2978 1035 3026 et
1051 2972 1185 3042 quadratu
1203 2971 1383 3041 compouhnr,
1402 2971 1433 3019 ut
1450 2963 1582 3033 dbpamn

237 3053 263 3094 ει
278 3041 406 3113 ιίιιροιιω
423 3049 452 3098 et
470 3045 648 3120 diatessaron,
668 3048 716 3106 end
735 3052 908 3120 componitur
924 3045 1068 3121 oppositus
1087 3067 1121 3106 ex
1139 3051 1211 3106 trino
1229 3057 1259 3106 et
1275 3047 1379 3116 sextili,
1400 3044 1443 3099 vei
1463 3059 1497 3097 ex
1514 3043 1582 3098 dne·

238 3115 277 3174 lus
299 3121 455 3191 quadratis3
481 3130 597 3184 utrem
620 3127 772 3191 sexannula
789 3129 927 3198 muncrum
951 3129 1004 3186 dno
1023 3139 1099 3201 sunt,
1125 3130 1180 3186 dno
1203 3146 1267 3185 vero
1290 3137 1318 3184 et
1342 3130 1459 3196 quatuor
1475 3121 1581 3178 iaciunt

239 3203 530 3267 ⁸0¹,tieetbistria
917 3213 953 3254 ι·
1055 3219 1061 3246 ι
1576 3259 1578 3262 ⁴

309 3282 391 3353 Quod
409 3295 499 3342 numm
518 3287 647 3356 diaperue
664 3303 718 3343 uon
738 3288 774 3342 sit
792 3289 943 3357 composita
961 3288 1151 3356 consonantia,
1170 3291 1238 3356 puta
1254 3301 1289 3340 ax
1307 3282 1494 3339 consonantiis
1511 3281 1591 3352 aliis,

239 3355 295 3425 titt,
316 3362 393 3431 quod
410 3364 483 3420 idern
500 3370 556 3434 est,
582 3364 656 3433 qnod
681 3381 736 3421 nou
755 3367 843 3436 pessit
860 3365 943 3422 diuidi
965 3367 992 3422 in
1011 3367 1205 3422 consonentlae
1222 3380 1253 3420 ae
1271 3365 1402 3432 minores,
1426 3363 1454 3418 id
1480 3359 1580 3424 rusum

241 3453 397 3510 rmeeqnens
415 3451 458 3498 eet
475 3443 511 3499 ad
527 3443 628 3500 ialanrn
645 3445 820 3500 antecedens:
840 3443 965 3500 ditonum
977 3453 1011 3520 et¹
1018 3443 1217 3512 semiditonum,
1235 3451 1328 3513 partes
1344 3441 1432 3512 ipsine
1444 3438 1583 3509 dionem

240 3535 282 3574 uon
297 3535 356 3576 ease
375 3523 581 3592 consonantiam
605 3523 671 3594 quia
689 3539 726 3578 ac.
748 3523 922 3578 Ptolemaeus
940 3539 1004 3580 suaa
1023 3523 1218 3579 nomenantlas
1241 3520 1302 3576 aliis
1316 3518 1464 3589 prhrciplis
1485 3523 1515 3571 et
1531 3531 1581 3572 nu·

241 3611 358 3654 ueromrn
381 3599 490 3657 familiis
517 3616 659 3671 perperam
682 3601 791 3669 defluit,
817 3601 870 3658 viu
893 3601 1014 3658 inferens
1038 3603 1151 3659 anm'bus
1173 3609 1222 3658 ant
1244 3608 1321 3655 certe
1337 3597 1419 3654 modo
1435 3593 1581 3666 loquendi3

242 3675 332 3732 muno
349 3679 423 3734 enim
440 3677 495 3735 dun
513 3679 650 3735 elementa
667 3679 753 3749 ipsius
770 3679 911 3750 diapente,
931 3679 1083 3736 ditonuset
1092 3681 1279 3737 semiditonus.
1299 3690 1363 3734 aunt
1376 3674 1580 3745 consonantiae.

312 3755 438 3826 Denique
455 3755 617 3824 despoton«
635 3757 724 3813 estin
743 3757 794 3812 bac
813 3757 1003 3828 philosophiae
1016 3767 1104 3829 parte,
1124 3758 1329 3814 consonantiam
1341 3757 1473 3826 diapason
1491 3753 1581 3809 dicere

245 3834 420 3904 wnpositam,
439 3851 489 3906 pro
508 3851 552 3906 eo,
576 3835 650 3904 qnod
670 3835 722 3892 dici
741 3833 847 3898 debuit,
869 3835 946 3894 illam
963 3851 1025 3892 esse
1043 3837 1072 3891 in
1090 3835 1282 3894 consonantiae
1299 3837 1416 3891 minores
1435 3832 1579 3890 dividuam.

243 3907 296 3964 lieu
320 3914 343 3968 si
367 3921 443 3978 ortus
468 3913 650 3974 mnditiouem
667 3914 811 3984 respicias,
837 3915 905 3970 nibil
923 3916 974 3970 hac
993 3916 1171 3971 consonantia
1188 3915 1343 3972 identieoua
1359 3913 1510 3984 simplicius
1526 3921 1581 3980 eet,

244 3999 280 4042 tec
294 3993 378 4062 magis
396 4007 431 4047 ex
449 3991 619 4050 diatessaron
641 4000 669 4048 et
687 3993 815 4069 diapente
836 3994 987 4066 composite
1004 3996 1058 4052 dici
1075 4003 1181 4068 potest,
1205 4012 1286 4065 quam
1310 4009 1410 4072 corpus
1429 4009 1463 4049 eu
1481 3989 1580 4061 sapite,

245 4073 379 4140 umen,
406 4073 470 4143 quia
488 4087 526 4127 so.
553 4073 581 4126 in
598 4073 653 4127 ista
675 4071 823 4128 dividuum.
860 4071 914 4130 Sed
937 4089 988 4130 uec
1013 4074 1185 4131 diatesseron
1209 4080 1239 4129 et
1256 4073 1383 4144 demate
1406 4073 1442 4128 ob
1462 4071 1491 4127 id
1516 4077 1581 4126 aunt

245 4150 426 4218 uncmnnaa,
443 4149 509 4220 quia
525 4148 697 4206 constituunt
710 4150 808 4219 iuncta
820 4149 961 4222 diapason.
980 4151 1029 4208 aed
1041 4154 1107 4222 quia
1118 4151 1260 4222 quodlibet
1272 4167 1306 4207 ex
1318 4167 1369 4206 sna
1379 4151 1480 4206 idonea
1491 4147 1581 4216 ligura

246 4229 337 4284 tntum
355 4228 454 4296 oritur,
475 4236 505 4284 nt
522 4225 661 4302 explicari,
674 4227 745 4284 libro
763 4243 823 4284 mec
841 4229 890 4286 111.
909 4245 968 4302 cap.
988 4233 1012 4287 l.
1030 4231 1095 4286 iulio
1114 4231 1154 4285 34.
1173 4229 1261 4300 (152.)

315 4325 464 4400 Explicatis
482 4325 566 4395 igitur
584 4325 627 4382 bis
645 4325 753 4384 duobus
773 4329 919 4384 Ptolemaei
937 4329 1074 4402 capitibus
1098 4335 1127 4384 et
1143 4335 1255 4383 ostensa
1278 4326 1418 4396 multiplici
1441 4339 1579 4396 compera-

247 4399 329 4460 tionun
349 4407 444 4462 harum
462 4404 646 4482 absurditate,
673 4415 780 4476 ternpus
799 4415 853 4476 est,
872 4416 904 4464 ut
924 4407 989 4475 quid
1007 4407 1034 4461 in
1053 4407 1086 4462 iis
1105 4423 1212 4472 rernm,
1236 4415 1349 4461 naturae
1367 4411 1578 4462 cousentaneum

249 4487 268 4532 et
280 4485 379 4540 unane
396 4485 441 4556 eit,
459 4485 574 4540 seorsim
592 4486 620 4541 in
638 4493 788 4556 conspectu
801 4483 933 4543 collocem
945 4503 1132 4556 summamque
1146 4485 1190 4541 hic
1200 4485 1319 4558 aliquam
1331 4501 1481 4556 proponam
1494 4483 1579 4539 totins

248 4561 287 4614 uei
299 4559 355 4617 iibri
373 4564 471 4634 quarti.
507 4564 561 4619 illst
579 4571 670 4619 auteur
688 4565 754 4618 iste:
779 4564 852 4632 qurud
870 4565 976 4620 animus
994 4557 1146 4619 formaliter
1164 4563 1214 4618 eibi
1232 4563 1317 4620 hahet
1337 4565 1497 4634 impressum
1515 4562 1578 4618 cba-

251 4645 358 4696 ntierem
377 4639 471 4698 manli
485 4642 698 4712 figurarumque,
717 4657 787 4710 quae
801 4642 930 4697 circulum
945 4643 1070 4698 dividunt
1085 4643 1304 4712 demonmratire,
1322 4651 1350 4697 et
1364 4643 1577 4713 proportionum,

251 4729 300 4780 luas
315 4721 453 4778 consffluit
476 4721 592 4776 circum
610 4729 686 4776 totus
705 4735 765 4776 cunr
783 4721 913 4790 arcubus,
937 4737 1005 4792 qnos
1023 4723 1147 4792 singulae
1171 4723 1317 4792 ngurarum
1340 4722 1428 4778 linem
1454 4720 1578 4776 deteruri·

250 4805 305 4850 unt.
336 4799 400 4864 ilum
417 4801 502 4870 igitur
516 4801 621 4871 figurae
638 4799 701 4854 illan
719 4815 773 4854 uon
791 4807 896 4858 mutum
916 4803 989 4858 entia
1006 4802 1060 4856 sint
1077 4802 1236 4867 emendetis,
1256 4811 1287 4856 nt
1305 4801 1517 4858 &mansuetum
1535 4807 1577 4854 est

251 4869 303 4929 hhrc
318 4879 336 4934 l.
354 4881 499 4938 sedetiam
519 4879 714 4951 proprietatem
732 4880 852 4937 babeant
868 4881 994 4938 eximiam
1013 4883 1207 4951 congruentiae
1229 4889 1340 4938 mutuae
1358 4878 1528 4948 multiplicis,
1547 4887 1578 4932 ut

252 4963 364 5014 nbusrun
382 4959 452 5016 libro
470 4959 509 5028 ll,
527 4975 560 5016 ex
579 4974 612 5016 ee
631 4959 734 5018 babent
750 4960 803 5032 ipe
815 4961 932 5027 animm,
953 4969 1056 5034 utnon
1074 4969 1180 5016 tautum
1198 4963 1349 5027 observent,
1372 4957 1576 5029 deprehendant

254 5033 422 5108 minarique
440 5037 631 5108 proportiones
650 5038 760 5094 medem
778 5053 867 5094 rernm
886 5039 1036 5105 sensilium,
1054 5040 1209 5110 quantitate
1225 5038 1445 5110 participantium
1463 5036 1575 5106 lspecie·

254 5101 290 5158 ΜΝ
304 5125 386 5170 wem
403 5131 453 5184 per
470 5131 567 5172 seusus
585 5115 733 5174 introrsum
750 5118 785 5172 ad
804 5117 910 5174 animae
929 5119 1022 5176 limina
1039 5120 1167 5176 exhibitis
1185 5119 1277 5187 ibique
1294 5118 1366 5174 iuter
1385 5131 1415 5172 ee
1433 5117 1468 5170 ab
1488 5115 1576 5170 anima

255 5193 409 5263 eunucus),
436 5193 589 5252 sedetiam
615 5211 644 5249 aa
670 5195 745 5266 ipsas
768 5195 940 5254 conforment
961 5197 989 5252 in
1014 5199 1072 5254 anie
1096 5189 1300 5268 operationibus
1326 5195 1362 5252 ad
1379 5194 1575 5266 praescriptum

256 5259 325 5321 niun
340 5271 553 5344 proportionum,
579 5281 609 5330 nt
628 5287 682 5345 qno
700 5273 839 5344 pulchrior
862 5283 904 5333 eet
927 5275 1121 5348 unaquaelibet
1136 5289 1231 5333 mrum
1256 5283 1285 5333 et
1300 5291 1357 5347 qno
1373 5274 1575 5345 conmueutior,
