4242 6384
678 824 857 881 Harmouieis.
893 825 977 886 Liber
986 827 1036 883 111.
1054 828 1143 897 Caput
1155 826 1205 883 x1.
1553 830 1613 893 itt

273 1020 328 1077 aus,
349 1010 381 1063 ut
403 1009 513 1065 octava
533 1013 651 1082 propter
673 1004 857 1069 identitatem
876 1014 1144 1085 repraesanmretur
1166 1024 1185 1067 a
1206 1008 1301 1085 prima
1322 1004 1521 1085 cyrisiaco,
1544 1002 1615 1081 quid

273 1109 372 1165 quaeso
396 1090 545 1153 desiderat
566 1093 595 1150 in
617 1092 710 1154 literis
731 1112 772 1169 u,
799 1095 836 1173 d,
864 1112 895 1171 c,
926 1094 963 1169 d,
986 1113 1017 1171 e,
1037 1096 1070 1171 f,
1097 1115 1135 1174 p,
1161 1095 1223 1171 iam
1246 1092 1355 1153 dudum
1372 1096 1406 1153 in
1430 1092 1507 1156 hunc
1530 1108 1615 1151 usum

272 1178 408 1255 receptis?
770 1206 775 1214 ·
969 1234 972 1242 ,

348 1266 425 1325 Cum
452 1268 543 1343 igitur
568 1266 626 1327 hoc
648 1268 737 1329 modo
764 1270 826 1329 aiut
851 1275 939 1330 uatus
966 1285 1019 1328 sex
1040 1267 1175 1346 syllabae
1205 1276 1324 1347 propter
1356 1266 1500 1343 triplicem
1522 1272 1616 1327 taira-

272 1353 360 1413 chordi
389 1354 532 1432 formam,
561 1353 629 1415 inde
658 1364 730 1416 nata
759 1364 804 1415 est
831 1355 964 1415 doctrina
990 1358 1187 1417 mutationum
1223 1372 1275 1433 per
1307 1354 1417 1415 scalam
1445 1354 1617 1415 musicalem

272 1440 441 1513 modernam,
467 1459 545 1518 qnae
568 1442 701 1503 doctrina
721 1442 905 1503 solummodo
928 1446 1005 1503 circa
1027 1442 1158 1521 syllabas
1181 1443 1255 1521 has,
1284 1442 1375 1513 literis
1405 1436 1538 1520 superius
1563 1456 1616 1501 ex-

274 1529 382 1604 plicatis
403 1530 566 1607 aptandas,
599 1538 777 1610 occupatur,
800 1530 986 1607 ostenditque
1014 1532 1176 1609 superfluas
1198 1529 1329 1609 syllabam
1352 1528 1423 1603 Sol,
1451 1532 1484 1591 la
1513 1531 1618 1605 acqui-

272 1615 371 1691 pollere
394 1616 542 1677 interdum
564 1619 738 1695 primisset,
766 1636 814 1693 re,
847 1618 993 1678 interdum
1023 1616 1266 1691 succedentibus,
1298 1634 1347 1693 rc,
1376 1621 1434 1691 πεί,
1464 1624 1496 1677 nt
1522 1618 1615 1695 possit

271 1704 405 1763 interdum
428 1712 513 1765 extra
535 1706 665 1767 ordinem
687 1714 717 1765 et
737 1706 801 1765 aina
823 1708 1076 1783 mutatioae‘poat
1098 1706 1158 1779 sol,
1182 1706 1214 1765 lo
1237 1706 1334 1765 inierri
1354 1704 1372 1783 t
1393 1749 1401 1765 .

1202 1824 1227 1863 nt
1259 1833 1283 1865 rs
1315 1822 1346 1862 mi
1371 1822 1449 1876 tund

426 1895 453 1946 1.
498 1892 525 1947 2.
559 1893 586 1948 3.
628 1892 654 1947 4.
690 1895 715 1947 5.
751 1894 776 1947 6.
823 1894 849 1947 t.
897 1894 928 1946 6.·
1025 1902 1292 1949 Ξ·;.-““
1401 1938 1416 1945 -

419 1963 729 2103 limittit
748 1966 802 2103 3.,
816 1964 867 2103 ii:
891 1965 952 2087 tt..
971 1953 1468 2149 ῥέε-ἑξ-

344 2192 399 2251 Eat
423 2210 495 2253 vero
518 2202 547 2253 et
569 2192 629 2255 alia
651 2194 797 2273 quaedam
813 2191 963 2254 dissimilis
978 2198 1137 2259 similitudo
1159 2196 1418 2273 tetrachordorum,
1442 2194 1618 2256 tundamen-

273 2288 322 2337 tum
343 2281 569 2342 asaimllationis
593 2281 773 2343 diversarum
795 2280 1029 2362 modulationum
1051 2286 1127 2349 inim
1141 2303 1173 2346 se
1194 2287 1417 2359 concinentium,
1442 2301 1517 2361 quas
1532 2282 1618 2359 lngus

273 2378 295 2423 et
312 2366 488 2443 phantasias
510 2368 607 2431 solent
628 2370 787 2448 appellare.
831 2369 907 2429 Num
930 2374 956 2434 ai
978 2392 1078 2437 sumas
1102 2372 1287 2434 tetrachorda
1309 2375 1449 2447 contigua
1477 2370 1619 2446 nulloque

272 2455 418 2515 intervallo
441 2474 461 2515 a
482 2459 662 2518 seinvicem
686 2458 850 2537 disjuncta,
880 2458 923 2517 aie
944 2467 978 2519 ut
998 2470 1087 2522 tonus
1110 2462 1204 2537 major
1232 2462 1359 2537 supersit
1381 2460 1419 2520 ad
1442 2456 1619 2535 implendam

273 2549 398 2602 ceteram
421 2562 512 2622 supra
533 2544 693 2622 velinira,
724 2552 855 2606 occurret
886 2547 916 2601 in
940 2553 1026 2609 certis
1050 2547 1227 2627 quibusdam
1257 2554 1381 2609 octavae
1409 2546 1620 2625 systematibus

274 2663 463 2713 gc--2—-
719 2662 872 2693 --e-af
917 2639 1051 2713 utrinque
1074 2638 1163 2699 series
1187 2634 1290 2695 eadem
1315 2632 1536 2693 intervallorum
1558 2630 1620 2691 ele-

273 2710 677 2826 ’,ἱ-ῙΠῙ-Ξῖ,
693 2748 727 2791 a„
747 2699 873 2792 j&
916 2728 1106 2798 monterium,
1134 2724 1192 2783 hou
1217 2730 1261 2783 eat
1289 2723 1524 2795 semitoniorum,
1556 2718 1620 2779 die·

276 2810 383 2853 ”⁰—
407 2773 873 2891 Τ--α-’”“
917 2814 994 2870 sium
1016 2819 1046 2872 et
1067 2800 1252 2885 ler‘nmatnm;
1282 2816 1311 2870 et
1334 2810 1492 2869 assumitur
1513 2804 1552 2867 ad
1573 2805 1620 2865 al-

355 2879 479 2930 ΜΝ·
510 2882 607 2965 ‘venue
625 2916 765 2979 adpunctus,
918 2905 1011 2957 teram
1039 2906 1127 2957 tonna
1149 2898 1256 2974 major,
1289 2902 1322 2956 ut
1349 2912 1402 2973 pro
1427 2900 1533 2971 quarta
1554 2892 1620 2954 elfl-

356 2950 519 3069 aequant
716 3022 738 3061 :
919 2988 1012 3045 cietur
1026 2988 1138 3062 quinta,
1163 2992 1283 3061 quartae
1299 2984 1383 3045 elteri
1404 2979 1620 3059 quodammodo

348 3090 472 3157 purat·
503 3054 553 3146 ΚΤ·
572 3055 661 3106 ⁰²³⁰0'·
715 3082 739 3152 Ξ
918 3073 1039 3146 cimilia,
1071 3080 1101 3133 et
1127 3072 1273 3133 melodiae
1301 3071 1391 3145 duae,
1420 3068 1514 3131 altera
1541 3070 1619 3145 prior

715 3154 738 3169 ”
919 3167 1065 3238 tempore,
1096 3158 1283 3221 intervallum
1314 3158 1450 3234 diapente
1477 3158 1620 3233 superins,

920 3246 1012 3308 altera
1032 3248 1177 3325 posterior
1192 3256 1331 3325 tempore,
1353 3242 1540 3305 intervallum
1555 3242 1621 3303 dia-

917 3344 1052 3401 tessaron
1092 3334 1211 3396 interius
1248 3340 1434 3411 percurrunt,
1470 3332 1622 3409 ‚posterior

882 3428 887 3437 ’
919 3426 1047 3501 priorem
1075 3424 1247 3499 insequens,
1279 3426 1309 3483 at
1338 3438 1398 3497 qua
1426 3418 1510 3494 licet,
1543 3416 1622 3478 illius
1709 3446 1715 3461 ·

351 3508 561 3591 {Seniensium
708 3464 738 3600 {a
919 3519 1022 3587 typum
1045 3510 1129 3571 velut
1150 3510 1230 3569 illins
1253 3506 1370 3569 aemula
1385 3506 1532 3584 quamam
1554 3507 1623 3563 inri-

352 3582 555 3719 fffiffl'p'i'.
578 3620 666 3677 major.
714 3606 732 3645 ⁹
920 3606 996 3657 lant.

838 3942 979 4014 CAPUT
1006 3940 1059 4011 ΧΙ.

647 4088 693 4141 De
720 4095 951 4158 systematum
977 4084 1240 4154 competitione.

354 4264 417 4323 Etsi
440 4268 530 4325 unius
551 4266 678 4325 hominia
701 4284 761 4325 vox
783 4266 954 4345 plerumque
977 4268 1052 4325 inter
1074 4267 1162 4323 unius
1186 4268 1312 4323 octavae
1333 4270 1464 4341 systema
1491 4265 1622 4335 vertitur,

284 4346 395 4422 pluriam
418 4360 516 4412 tamen
539 4345 732 4413 melodiarum
754 4363 912 4413 concentus
931 4352 1021 4422 ¹docet
1043 4349 1165 4412 octavae
1188 4350 1284 4429 plures
1302 4352 1456 4427 contiguas
1479 4348 1622 4410 ordinare.

284 4434 390 4498 Veteres
420 4443 522 4517 igitur,
552 4458 739 4501 numeroram
767 4442 972 4515 affectionibus
995 4444 1094 4500 omnia
1116 4439 1301 4511 definientes,
1333 4436 1475 4517 diapason
1508 4436 1623 4516 epidla·

285 4533 355 4595 pentc
376 4530 505 4587 numeria
531 4531 561 4599 i,
586 4532 623 4601 2,
649 4532 667 4587 3
691 4535 821 4606 systema
843 4530 1003 4607 perlectum
1027 4528 1237 4604 definiverunt3
1259 4526 1345 4587 nobis
1367 4544 1456 4604 supra
1479 4528 1623 4587 sectiones

285 4608 454 4674 harmonicae
485 4615 619 4691 singulae
650 4615 768 4691 singula
796 4616 984 4677 reddiderunt
1012 4622 1187 4693 systemata,
1220 4630 1342 4691 quorum
1374 4622 1437 4674 erat
1464 4614 1622 4673 maximum

287 4695 654 4780 disdiapasoncpidiapente,
677 4705 805 4762 numeris
831 4708 862 4776 i,
888 4706 923 4773 5,
949 4705 984 4775 6,
1008 4706 1063 4761 etsi
1087 4704 1195 4762 nostris
1218 4702 1422 4779 componiatis,
1449 4710 1483 4761 ut
1504 4708 1623 4778 vocant,

287 4781 353 4843 limes
373 4789 472 4847 nullus
495 4800 540 4849 est
561 4792 689 4866 positus,
721 4790 791 4849 dum
814 4790 957 4849 melodias
980 4792 1167 4849 concinentes
1190 4786 1401 4865 multiplicant3
1432 4786 1510 4861 quod
1534 4790 1623 4846 etiam

288 4872 389 4933 Creator
412 4877 493 4935 Deua
515 4880 544 4933 in
569 4880 836 4956 contemperatione
858 4886 991 4937 motuum
1014 4876 1184 4938 coelestium
1208 4877 1341 4954 praeivit,
1364 4882 1523 4951 systemate
1544 4874 1622 4935 iacto

289 4972 439 5041 arreptam
463 4964 607 5041 diapason
637 4973 668 5025 et
695 4982 731 5025 eo
761 4964 897 5041 amplius.
943 4964 1144 5025 Veruntamen
1175 4966 1246 5041 quia
1266 4963 1316 5023 bic
1338 4965 1539 5039 componimus
1570 4981 1622 5041 sy-

290 5051 378 5123 stema,
399 5057 434 5109 ut
455 5068 557 5135 omncs¹
580 5054 697 5113 omniuo
722 5055 929 5114 consonantias
951 5052 1152 5130 speculemur,
1180 5050 1340 5129 periectas,
1363 5050 1561 5126 imperfectas,
1585 5050 1622 5109 ad

291 5128 422 5217 hocopus
444 5138 592 5198 sufiiciunt
614 5140 701 5199 nobis
724 5140 783 5199 duo
807 5138 950 5217 diapason
972 5141 1002 5199 in
1024 5158 1114 5201 uuum
1138 5140 1302 5216 composita
1325 5136 1520 5209 intervallum,
1543 5138 1622 5213 quod

275 5222 358 5283 'ctum
378 5225 564 5287 Ptolemaeus
586 5228 746 5305 perlectum
762 5232 891 5305 systema
905 5226 1076 5307 appellavit,
1100 5229 1128 5285 ln
1151 5228 1237 5299 hrruc,
1262 5224 1312 5301 qui
1328 5225 1467 5302 sequitur,
1492 5224 1621 5285 modum.
