4242 6384
536 804 601 864 aas
1052 761 1378 854 arausicana

537 989 592 1028 uon
612 975 724 1040 propter
742 969 879 1027 residuum
903 971 961 1038 ll„
979 970 1021 1026 vel
1041 971 1088 1038 ll„
1107 971 1155 1026 sed
1172 976 1286 1040 propter
1303 971 1337 1039 il,
1350 971 1514 1040 ςεοιιιοιιίιιο
1526 971 1697 1028 constitutas.
1723 973 1864 1040 unacum

536 1050 640 1108 eircqu
658 1050 685 1104 in
705 1052 737 1125 12
756 1049 856 1119 diviso,
875 1051 940 1117 quis
958 1064 1012 1104 uua
1030 1049 1111 1104 uncia
1128 1049 1292 1118 geometrice
1309 1051 1427 1106 mscissa
1445 1059 1496 1114 est,
1515 1049 1630 1106 erecan
1650 1059 1779 1108 mauram
1795 1056 1866 1122 sequi·

536 1137 582 1186 tur
600 1135 628 1184 et
644 1127 672 1182 in
690 1127 853 1190 harmonicis
872 1126 1255 1197 triadiapasoncpidiapeute,
1280 1127 1496 1196 nonobstante,
1521 1129 1595 1199 quod
1618 1129 1753 1186 residuum
1770 1135 1867 1200 minan

537 1211 568 1264 tt
590 1209 617 1260 ia
636 1205 800 1262 harmonicis
818 1222 879 1260 enm
898 1213 956 1260 toto
977 1207 1008 1262 12
1027 1206 1232 1260 consonantiam
1251 1204 1353 1265 nomm
1370 1205 1443 1262 iacit.
1479 1211 1569 1267 Causa
1584 1217 1640 1276 est,
1658 1211 1724 1278 quia
1739 1211 1778 1264 ris
1793 1227 1868 1280 asper·

536 1295 595 1352 tus,
620 1285 707 1340 etsia
724 1283 817 1338 circuli
836 1285 955 1338 arcubus
973 1292 1153 1350 monstratur,
1177 1281 1309 1352 redigitur
1330 1294 1421 1340 amen
1442 1285 1469 1340 iu
1492 1288 1609 1358 angulos
1633 1289 1668 1344 ad
1685 1298 1815 1358 connum,
1835 1295 1871 1348 nli

539 1361 682 1420 confluunt
698 1361 780 1430 radii3
796 1363 855 1430 jam
873 1379 936 1416 veru
956 1365 1077 1426 residua,
1097 1364 1199 1430 quippe
1217 1364 1320 1432 majora
1337 1366 1521 1435 semicirculo,
1540 1383 1596 1422 nou
1609 1367 1755 1422 meuumm
1765 1369 1867 1438 ungulos

539 1442 612 1514 quod
632 1441 700 1496 libro
719 1443 765 1498 IV.
784 1458 843 1512 cup.
863 1445 888 1498 ⁵.
907 1451 935 1496 et
954 1444 978 1498 6.
999 1443 1129 1498 omissam
1147 1441 1211 1494 binc
1228 1441 1333 1510 supple.

624 1521 685 1576 Non
704 1529 820 1588 possunt
845 1523 982 1576 axiomata
1006 1520 1051 1576 illa
1070 1520 1227 1576 harmonica
1245 1519 1279 1574 de
1296 1520 1510 1578 identisunantia
1531 1523 1661 1580 continue
1678 1523 1819 1593 duplarum
1837 1542 1872 1595 ap
1892 1586 1893 1593 ἵ

536 1601 632 1673 plicari
649 1599 763 1666 circulo,
784 1609 814 1652 ut
834 1600 993 1668 prohemus,
1012 1602 1095 1654 etism
1112 1599 1223 1654 residm
1239 1600 1336 1656 circuli
1349 1601 1447 1668 juvare
1459 1601 1612 1670 genituram
1628 1611 1802 1670 aspectuum,
1818 1604 1873 1658 ιὶιιιι
1892 1612 1893 1619 ’

536 1679 645 1736 residua
663 1678 781 1734 chordae
797 1679 896 1746 juvant
913 1679 1067 1746 genituram
1084 1679 1337 1736 consonantiarum:
1356 1681 1462 1748 quiesi
1481 1679 1584 1742 circulo
1602 1679 1800 1749 applicaremus
1816 1681 1873 1734 axio·

537 1767 609 1816 mata
627 1758 662 1812 de
680 1757 856 1826 quadruplis,
875 1757 1009 1811 interdum
1029 1773 1064 1812 ex
1082 1758 1186 1814 minore
1205 1759 1389 1826 proportionis
1407 1762 1524 1814 termino
1538 1759 1690 1816 faceremus
1707 1760 1838 1828 majorem,
1852 1774 1872 1812 ιι

536 1839 559 1894 si
577 1838 617 1892 sic
634 1835 817 1890 ratiocinaris:
845 1835 966 1892 sectione
990 1836 1084 1890 circuli
1106 1843 1199 1904 potest
1225 1836 1354 1892 cunstitui
1379 1839 1520 1908 proportio
1545 1837 1642 1908 tripla,
1664 1855 1714 1893 sen
1743 1839 1872 1907 1,ῑ;,ιὶιιιιιί
1892 1866 1893 1869 ι

536 1933 601 1984 ergo
621 1921 738 1983 possunt
757 1923 785 1968 et
802 1915 835 1982 il,
854 1919 882 1967 et
900 1916 947 1982 *κῃ
966 1914 1018 1968 hoc
1038 1930 1092 1968 uon
1111 1915 1193 1980 salet,
1210 1915 1275 1982 qnia
1289 1916 1350 1983 J'sm
1364 1919 1397 1985 ι’,
1416 1924 1549 1986 superant
1566 1917 1698 1973 mnium
1715 1925 1812 1982 totana,
1826 1934 1874 1972 con·

537 1996 668 2050 sinentem
693 1999 800 2046 tantum
823 1993 870 2061 Ἃ,
895 2001 923 2048 et
948 1993 1044 2060 incipis
1069 1991 1209 2061 duplicare
1233 2010 1325 2048 arcum
1349 1995 1459 2064 circuli,
1489 2010 1637 2050 numerans
1660 1995 1766 2064 aliqmd
1791 1997 1823 2052 de
1844 2013 1875 2063 eo,

540 2074 613 2142 quod
632 2081 676 2128 est
691 2071 753 2142 plus
771 2078 839 2128 toto.
877 2072 963 2140 igitur
981 2072 1051 2128 idem
1072 2081 1137 2126 suut
1154 2073 1181 2126 iu
1200 2071 1303 2126 circulo
1325 2088 1410 2128 cauea
1433 2074 1672 2132 demonstrationis
1690 2078 1737 2145 Ἃ,
1761 2077 1831 2146 qnod
1848 2080 1876 2140 ¹,

539 2153 603 2223 quia
621 2154 669 2221 il„
696 2151 798 2208 circulo
815 2151 843 2206 in
863 2167 893 2205 se
910 2151 1001 2219 ipsum
1018 2151 1166 2210 redeunte.
1187 2149 1361 2218 abjiciuntur.
1396 2153 1454 2208 Aut
1476 2152 1500 2206 si
1518 2167 1551 2206 ex
1570 2155 1605 2221 *Α
1622 2152 1720 2210 feceris
1739 2171 1823 2210 unam
1837 2154 1876 2207 air·

536 2233 628 2288 unlnm
651 2239 750 2298 totum,
770 2241 798 2286 et
821 2248 871 2300 pro
892 2233 925 2296 ll,
950 2229 1048 2299 prioris
1073 2227 1166 2287 ιίῐιιιΙί
1185 2228 1244 2296 jam
1267 2229 1562 2296 ³14posteriorisaelis
1586 2230 1702 2298 inferre,
1726 2250 1832 2288 rursum
1851 2234 1893 2284 'ni

536 2329 590 2368 nou
609 2313 744 2368 succedet.
782 2312 852 2367 Nam
875 2317 932 2366 tres
954 2309 1064 2378 quidem
1089 2316 1181 2375 partes
1205 2305 1296 2362 iacere
1313 2307 1429 2374 potuisti
1445 2309 1473 2362 in
1492 2308 1595 2366 circulo
1611 2325 1662 2378 per
1684 2311 1873 2381 inscriptionem

537 2388 677 2460 trianguli,
703 2390 755 2456 jam
775 2399 805 2444 ut
824 2397 944 2456 quatuor
962 2389 1042 2456 fiunt,
1066 2383 1266 2442 inscribendum
1285 2383 1357 2440 ieret
1376 2385 1602 2457 quadrangulum.
1637 2391 1662 2444 Δ
1679 2391 1811 2460 uianguli
1826 2409 1875 2444 rec·

536 2467 699 2528 inscribendi
719 2465 900 2536 possibilitate
924 2465 958 2520 sd
979 2461 1196 2533 quadrangulum
1217 2460 1285 2516 nihil
1310 2465 1434 2530 sequitur
1456 2464 1483 2518 vi
1505 2467 1586 2529 bajas
1608 2471 1772 2535 argumenti.
1806 2469 1875 2522 (laea

538 2553 620 2616 patur
638 2547 707 2602 enim
726 2545 874 2614 geometria
893 2543 1006 2600 seorsim
1024 2543 1096 2598 cirea
1114 2541 1216 2610 figuras
1233 2539 1400 2608 singularum
1419 2550 1569 2610 sectarum,
1592 2543 1838 2602 demonstrationes
1851 2562 1874 2600 a

522 2625 670 2693 'usqueque
689 2638 801 2678 numero
820 2622 981 2690 angulomm
1000 2627 1159 2686 exstruens,
1178 2628 1208 2671 ut
1225 2618 1294 2673 libro
1312 2636 1372 2676 meo
1390 2623 1412 2676 l.
1431 2622 1624 2678 demonstravi.
1654 2624 1743 2692 Igitm
1755 2626 1874 2680 axiomata

537 2701 570 2756 de
589 2701 670 2758 rectis
689 2700 883 2770 multiplicibus
902 2717 955 2754 raon
975 2708 1091 2769 possunt
1109 2700 1307 2754 accommodari
1324 2702 1414 2756 cursis
1433 2712 1462 2756 et
1483 2703 1594 2758 circulo.

624 2799 759 2869 Legitima
777 2799 860 2868 igitur
879 2805 906 2850 et
923 2797 1043 2852 causalis
1064 2798 1231 2865 cararparutiu
1250 2797 1466 2852 hannonicarum
1490 2799 1727 2854 consonantiarum
1751 2819 1814 2857 cnm
1830 2818 1893 2870 par·

538 2877 612 2932 tibus
629 2877 723 2932 eircall
742 2883 870 2946 aspectus
889 2877 1068 2930 formantibus
1086 2882 1130 2929 est
1148 2877 1213 2928 ista:
1241 2877 1354 2943 atquin
1372 2877 1506 2946 principia
1530 2877 1619 2932 solam
1635 2879 1837 2935 harmoniarum
1852 2897 1874 2931 a

535 2956 637 3012 circulo
662 2963 728 3011 ιιιιιι
749 2955 899 3023 iisdemque
924 2963 1021 3024 postea
1045 2955 1195 3008 miscentur
1218 2953 1272 3007 aliu
1296 2953 1389 3023 aliqua
1410 2955 1483 3010 intra
1507 2965 1588 3025 septa
1604 2956 1793 3024 homericos,
1817 2959 1876 3012 solae

537 3035 621 3104 igitur
637 3033 700 3089 illac
712 3036 884 3103 hermoniae,
903 3050 973 3102 qnae
992 3042 1056 3088 snat
1074 3035 1207 3102 diapason
1225 3047 1280 3084 uon
1297 3031 1428 3102 minores,
1447 3041 1640 3102 comparentur
1656 3037 1824 3104 aspectibus.
1847 3036 1876 3088 la

535 3113 663 3182 oppositu
688 3113 761 3167 venit
785 3114 931 3182 diapasoa,
964 3113 1110 3182 quincunci
1136 3112 1269 3178 diapason
1298 3125 1359 3162 caran
1387 3111 1563 3178 semiditono,
1594 3112 1729 3180 biquiatili
1761 3115 1876 3183 ffispmun

536 3207 598 3245 cum
617 3187 722 3252 ditono,
748 3191 898 3259 sesqnadro
915 3192 1050 3260 diapason
1069 3207 1130 3246 cunr
1149 3191 1331 3257 diatessaron,
1355 3190 1427 3244 tnnc
1446 3190 1578 3258 diapason
1594 3207 1657 3246 cum
1675 3193 1820 3261 diapente,
1842 3193 1877 3246 ni·

534 3267 615 3323 dacili
633 3267 765 3336 diapason
783 3285 843 3324 cum
861 3277 941 3324 sexta
959 3270 1040 3336 dura,
1060 3269 1195 3336 quadrato
1218 3267 1405 3338 disdiapason,
1434 3270 1542 3338 quintili
1565 3271 1742 3341 disdiapason
1768 3289 1827 3327 eum
1849 3273 1877 3323 di·

537 3351 623 3414 tono,
650 3345 741 3401 sextili
767 3345 1144 3416 disdiapason-epidiapente,
1180 3348 1256 3402 octili
1282 3348 1482 3418 trisdiupason,
1511 3349 1591 3404 desili
1617 3349 1805 3419 ιιίειίἰιιμεοιι
1831 3367 1876 3405 mu

538 3424 640 3492 ditono,
659 3425 805 3480 semisexto
824 3424 1007 3493 trisdispason
1026 3442 1087 3479 cum
1100 3426 1238 3494 diapente.
1263 3428 1318 3481 Tot
1331 3434 1395 3482 sunt
1406 3428 1478 3484 euim
1490 3436 1629 3497 aspectus,
1648 3445 1765 3496 quornm
1779 3429 1877 3483 elisum

536 3499 579 3556 vel
597 3500 707 3556 sudeus
725 3502 768 3556 vel
786 3501 882 3556 saltem
900 3503 928 3556 in
947 3504 1104 3572 suspicione
1121 3511 1176 3572 est,
1200 3519 1250 3558 neo
1275 3505 1346 3560 aliae
1363 3507 1467 3574 tigrane
1489 3507 1592 3562 cuculo
1610 3508 1762 3576 inscriptae
1779 3507 1876 3563 nubibc

536 3581 612 3636 ribus
638 3581 768 3636 scientiae
793 3582 1087 3650 demonstrationisque
1110 3583 1240 3650 gradibus
1264 3587 1430 3654 consistunt,
1456 3603 1538 3655 quam
1557 3586 1609 3640 hae
1632 3586 1723 3655 ipsae:
1751 3586 1876 3642 diametir

537 3656 619 3738 stella
635 3657 850 3729 dodecagooica,
870 3661 950 3716 sitella
962 3664 1154 3732 pentagonus,
1174 3661 1255 3717 stella
1273 3664 1446 3730 octogoaica,
1465 3665 1603 3733 trigonus,
1617 3663 1703 3720 stella
1714 3663 1876 3734 decagonis
1892 3682 1893 3731 ι

534 3745 708 3807 temones,
727 3747 911 3808 pentagonus,
931 3742 1105 3810 hexagonus,
1124 3743 1294 3811 decagonus,
1314 3741 1517 3812 dodecagonus,
1534 3742 1569 3796 de
1581 3743 1760 3812 qnihuesuat
1772 3744 1825 3798 mei
1836 3743 1871 3796 dn
1892 3744 1893 3811 l

534 3816 612 3885 primi
638 3815 710 3872 libri.
748 3817 912 3872 Harmoniae
941 3820 1049 3888 quidem
1079 3837 1113 3876 ex
1137 3837 1192 3875 una
1217 3829 1296 3890 parte
1319 3830 1468 3876 excurrunt
1495 3822 1604 3889 longius
1630 3822 1667 3876 ob
1692 3816 1893 3907 admixtioneul

532 3895 699 3968 axiomatnm
717 3895 849 3952 dictorum
868 3899 896 3952 in
913 3907 989 3954 recto
1007 3900 1179 3968 possibilium
1196 3909 1318 3969 {semper
1334 3906 1425 3954 umen
1436 3905 1567 3954 contenta
1579 3905 1643 3953 suat
1655 3900 1875 3968 proportionibus,
1892 3932 1893 3945 ι

533 3989 603 4043 quas
620 3972 687 4028 iacit
704 3974 821 4030 cuculus
833 3975 1045 4032 demonstrative
1063 3985 1155 4032 sectus
1172 3993 1233 4032 cam
1253 3978 1400 4045 segmentis
1419 3975 1555 4047 singulis),
1575 3993 1609 4031 er
1626 3977 1714 4032 altera
1731 3994 1799 4034 aero
1810 3987 1875 4047 puts
1892 3992 1893 4007 ¹

534 4053 645 4108 medem
663 4053 820 4109 harmoniae
838 4050 894 4111 suis
912 4059 1029 4126 propriis
1047 4058 1162 4125 legibus,
1186 4074 1222 4115 es
1236 4057 1332 4110 eadem
1354 4057 1520 4110 axiomatum
1533 4056 1652 4109 mixtura
1669 4054 1808 4111 derivatis.
1825 4067 1874 4111 sest

533 4132 722 4200 constringunt
739 4137 849 4190 amnas.
886 4135 955 4191 Nam
974 4137 1038 4206 quia
1055 4139 1084 4190 iu
1102 4137 1209 4192 illarum
1227 4135 1352 4204 genitura
1369 4136 1396 4188 in
1414 4132 1658 4189 ‹musidemtionem
1675 4136 1791 4190 veniunt
1806 4135 1873 4190 ιιιίιιι

534 4211 643 4266 residua
661 4212 823 4267 chordarum
843 4229 990 4285 eorumque
1012 4216 1208 4269 consonantiae
1226 4229 1287 4267 cnm
1305 4220 1365 4266 tota
1382 4220 1410 4266 et
1427 4228 1489 4266 cum
1507 4219 1661 4280 segmento.
1686 4213 1720 4266 iit
1734 4213 1829 4282 agitur,
1851 4219 1873 4264 ιιι

534 4304 568 4344 ex
587 4291 711 4346 omnibus
729 4291 845 4351 residuis
865 4299 948 4360 (quae
966 4302 1084 4362 possunt
1100 4293 1207 4348 infinito
1225 4307 1339 4346 numero
1362 4308 1397 4346 ex
1420 4291 1550 4346 continua
1570 4291 1720 4347 hisectioue
1741 4294 1835 4348 circuli
1855 4305 1874 4342 a

535 4367 762 4437 multiplicatione
779 4369 912 4439 diapason
930 4371 1073 4437 constituri)
1099 4370 1158 4425 sola
1181 4379 1286 4439 septem
1310 4378 1376 4440 apta
1399 4371 1582 4437 inueniuntur,
1607 4387 1678 4438 qous
1702 4373 1874 4428 humonican

533 4437 652 4502 chordae
673 4448 820 4516 sectionem
844 4456 872 4503 et
886 4451 1031 4519 cujusque
1056 4451 1142 4504 tutius
1160 4451 1334 4519 partiumque
1358 4449 1493 4520 triplicem
1515 4451 1722 4506 consonantiam
1739 4452 1873 4507 absolvant

519 4527 743 4596 'requeratioue
762 4529 874 4595 madum
893 4529 920 4582 in
939 4537 1034 4590 matu.
1052 4530 1106 4585 hoc
1123 4536 1168 4584 est
1184 4529 1328 4597 vestigium
1346 4529 1472 4584 conam
1490 4528 1627 4582 intervalli
1644 4538 1762 4596 ponuat:
1781 4529 1873 4584 satim

532 4605 592 4672 illa,
611 4619 681 4674 quae
699 4603 804 4661 iaciunt
821 4621 882 4661 cam
896 4613 953 4662 tota
965 4609 1167 4677 proportionem
1186 4608 1400 4676 sesquiquintum
1417 4615 1446 4661 et
1463 4607 1669 4663 consonantiam
1687 4608 1873 4667 semiditonum

533 4697 659 4753 quaeque
683 4683 900 4753 sesquiquartam
924 4693 952 4738 et
973 4685 1109 4754 ditonum,
1133 4685 1336 4755 sesquitertiam
1360 4693 1389 4739 et
1413 4684 1597 4751 diatessaron,
1626 4685 1831 4754 sesquialteram
1850 4695 1873 4738 et

534 4763 674 4832 diapente,
694 4765 976 4834 supertripartientem
994 4766 1102 4834 quintas
1127 4773 1155 4820 et
1177 4770 1282 4819 sextam
1305 4762 1428 4829 mollem,
1452 4761 1728 4831 superbipartientem
1744 4765 1836 4819 temus
1850 4771 1873 4813 ιι

533 4851 638 4898 sermm
663 4843 757 4898 dinam
781 4843 1000 4911 concordantias,
1025 4845 1143 4913 deniqne
1167 4843 1333 4911 subduplam
1355 4849 1383 4896 et
1407 4843 1552 4911 diapason;
1579 4841 1625 4896 hic
1646 4841 1719 4896 αιίιιι
1736 4839 1871 4896 semiserti

532 4929 660 4991 aspectus
678 4921 872 4988 efficacissimi,
890 4923 1028 4978 residuum
1047 4924 1173 4978 aandecim
1191 4921 1410 4978 duodecimamm
1428 4919 1511 4988 plane
1529 4919 1632 4976 exulat
1661 4922 1719 4976 Has
1735 4935 1798 4976 aero
1816 4918 1871 4973 reei-

535 5001 649 5058 daorum
667 5001 857 5070 proportiones
876 5001 911 5056 sd
930 5009 1018 5056 totum
1036 5003 1088 5056 etsi
1106 5016 1252 5071 possiumus
1270 5015 1339 5054 saue
1353 5000 1381 5053 in
1400 4999 1494 5069 circuli
1511 4999 1580 5053 secti
1597 4998 1722 5068 partibus
1738 4998 1871 5054 ostendas

533 5087 561 5134 et
587 5080 684 5148 cuique
707 5095 740 5133 ex
762 5081 911 5148 majoribus
936 5081 1122 5144 consonantiis
1144 5082 1202 5148 ium
1225 5081 1296 5134 inter
1319 5087 1447 5148 aspectus
1469 5077 1622 5134 distributis
1640 5094 1719 5134 suam
1735 5078 1870 5147 aaljnngera

533 5158 663 5212 minorem
681 5166 838 5228 cognatam,
858 5169 888 5214 nt
906 5159 1009 5214 babeat
1027 5159 1134 5218 sensilis
1150 5159 1233 5214 etiam
1250 5158 1455 5224 semiih'tonnm,
1474 5155 1597 5226 quintilia
1614 5157 1753 5224 ιιίιιιιιιιιιι,
1770 5155 1802 5211 de
1817 5150 1867 5221 qui·

533 5237 585 5298 aas
600 5245 677 5294 tacet
695 5237 882 5311 Ptolemaeus,
906 5240 1055 5310 quadratus
1075 5238 1258 5309 diatessaron,
1282 5237 1370 5294 smnus
1393 5237 1534 5309 diapante,
1558 5243 1590 5290 at
1607 5243 1637 5290 et
1652 5235 1797 5295 secuudum
1812 5231 1868 5286 Pto·
