4242 6384
531 778 596 838 ²90
923 774 966 827 De
984 771 1104 827 Motibus
1122 771 1296 827 Pirustarum
1317 771 1496 833 Harmonicis.
1540 778 1549 805 ‘

530 949 627 1010 vallis.
671 949 795 1012 Notahis
817 935 954 1027 amplius}
976 949 1172 1026 planetariarn
1195 949 1314 1010 Saturni
1337 959 1367 1010 et
1387 951 1476 1012 Jovis
1497 955 1639 1030 majorem
1658 957 1789 1018 excedere
1806 960 1856 1018 hrr-

529 1039 685 1110 monlcam,
709 1036 821 1096 seilicet
843 1036 975 1111 triplam,
1007 1040 1175 1113 quantitate
1195 1039 1255 1097 iera
1278 1045 1374 1112 tauta,
1406 1042 1517 1117 quanta
1539 1041 1585 1101 e'st
1608 1041 1730 1106 Veneris
1754 1052 1858 1122 propriu

530 1133 561 1185 ot
583 1124 754 1184 tantundem
783 1123 843 1182 lere
866 1123 968 1182 deesse
992 1127 1140 1183 communi
1168 1126 1270 1200 maJ'ori
1296 1126 1400 1185 Martis
1424 1137 1453 1186 et
1473 1129 1618 1204 Telluris,
1649 1138 1858 1208 cunrergeniun

530 1220 561 1272 et
583 1211 805 1287 dirergentium.
841 1211 975 1269 'Notabis
998 1215 1094 1284 tertio,
1118 1208 1177 1272 lere
1200 1216 1229 1268 iu
1252 1211 1453 1290 superioribus
1472 1233 1540 1276 esse
1561 1217 1728 1279 harmonias
1744 1220 1861 1280 stabilitas

529 1302 604 1358 inter
627 1306 855 1375 contengentes,
878 1307 910 1356 at
940 1301 969 1356 ιιι
1000 1300 1185 1358 inferioribus
1215 1303 1288 1358 inter
1309 1310 1406 1360 motus
1438 1301 1571 1377 ejusdem
1597 1306 1715 1382 plagae.
1759 1307 1826 1366 Nota
1842 1320 1886 1366 rt*

529 1395 644 1464 quarto,
667 1390 742 1446 ιιιιιι
763 1385 883 1444 Satumi
906 1392 934 1444 et
956 1386 1085 1444 Telluris
1110 1385 1242 1462 aphelios
1265 1403 1330 1448 esse
1345 1393 1476 1464 proxime
1491 1394 1622 1468 quinque
1638 1394 1793 1470 diapasenJ
1812 1413 1864 1454 nau

528 1493 597 1550 pars
627 1477 775 1534 tricesima
805 1472 936 1531 secunda
966 1473 1002 1532 de
1033 1475 1086 1532 δι’
1110 1477 1152 1531 3⁰
1184 1483 1228 1534 est
1263 1479 1291 1535 1¹
1315 1477 1395 1550 47’,’
1427 1493 1495 1536 eum
1527 1479 1662 1557 aphelius
1685 1483 1798 1542 Saturni
1823 1483 1864 1540 ha·

529 1563 600 1629 beat
620 1564 655 1620 1
678 1563 751 1620 diu.

615 1649 707 1708 Porro
729 1661 868 1722 magrrom
892 1643 1045 1704 diser-lmen
1071 1649 1191 1707 interest
1213 1649 1295 1707 inter
1316 1649 1478 1725 explicatas
1500 1653 1684 1728 singulorum
1707 1657 1886 1744 planetarum

527 1736 696 1797 harmonias
725 1744 754 1794 et
781 1734 856 1793 inter
881 1733 1060 1808 junctorum
1107 1735 1182 1794 Nam
1212 1736 1281 1794 illae
1306 1737 1423 1811 quidem
1446 1737 1549 1798 eedem
1578 1745 1720 1820 temporis
1743 1749 1886 1812 ιιιοιιιιιιιιι

528 1826 654 1883 existere
677 1840 736 1882 non
758 1829 896 1898 pessunt,
925 1819 981 1880 hae
1004 1838 1074 1882 vero
1099 1825 1218 1882 omniuo
1241 1833 1398 1900 possunt,¹
1405 1829 1476 1900 quis
1504 1827 1582 1886 idem
1607 1831 1748 1908 planeta,
1772 1849 1886 1890 versans:

527 1913 558 1967 iu
580 1928 636 1969 suo
660 1909 795 1986 unhelle,
825 1923 883 1966 nou
913 1908 1000 1969 simul
1028 1917 1127 1985 potest
1153 1919 1228 1970 esse
1247 1919 1277 1970 et
1303 1912 1332 1968 ιιι
1357 1915 1494 1989 opposito
1522 1915 1681 1992 perihelio,
1714 1927 1746 1976 at
1766 1919 1886 1976 duorun

527 1998 712 2074 planetarum
740 1996 844 2055 alter
835 2013 866 2052 ιιι
887 2011 942 2053 suo
965 1997 1097 2072 aphelio,
1127 1997 1238 2056 alter
1230 2015 1260 2056 rn
1284 2013 1338 2058 suo
1367 2000 1508 2076 perihelio
1532 2013 1657 2077 possunt
1688 2021 1755 2064 ease
1780 2006 1886 2064 roden

438 2156 441 2173 Ι
527 2087 667 2161 temporis
690 2090 847 2144 momento.
894 2081 1037 2159 Adeoque
1060 2101 1137 2160 quae
1160 2087 1310 2160 proportio
1340 2095 1385 2144 ιιι
1408 2096 1512 2146 cantus
1533 2091 1677 2166 simplicis
1708 2109 1763 2152 seu
1784 2109 1867 2150 mour

528 2171 610 2245 diae,
641 2191 730 2248 quam
761 2169 909 2229 choralem
930 2173 1076 2230 musicam
1100 2171 1224 2230 dicimus
1257 2179 1286 2231 ct
1306 2190 1386 2248 quoe
1407 2174 1475 2233 sola
1502 2179 1653 2236 veteribus
1682 2179 1743 2238 luit
1764 2185 1869 2255 cognita.

527 2259 707 2319 ad‘cantum
726 2259 857 2336 plurium
872 2275 988 2332 vocum,
1010 2258 1165 2334 figuratum
1183 2259 1301 2332 dictum,
1325 2263 1477 2320 inventum
1496 2267 1696 2338 proximorum
1714 2268 1868 2326 seculorum.

527 2347 631 2407 eadem
653 2356 698 2407 est
720 2344 1125 2424 proportioharmoniarum,
1157 2365 1232 2430 quas
1254 2347 1372 2422 singuli
1386 2348 1541 2424 designant
1564 2352 1723 2426 planetae,
1759 2354 1869 2414 adhar-

526 2439 641 2494 mouias
658 2436 837 2528 junctorum.
882 2433 988 2509 Itaque
1008 2434 1069 2510 iam
1093 2451 1179 2510 porro
1203 2451 1266 2510 cap.
1287 2439 1314 2492 5.
1338 2436 1412 2494 etii.
1440 2438 1548 2512 singuli
1572 2441 1886 2518 planetae-comparui

520 2517 636 2582 huntur
656 2540 722 2582 cum
744 2521 858 2580 musica
880 2521 990 2580 eborali
1014 2530 1145 2581 veterum
1169 2523 1291 2598 ejusque
1307 2525 1506 2598 proprietates
1535 2528 1564 2582 iu
1588 2525 1777 2602 planetarum
1798 2533 1869 2586 moti·
1885 2523 1886 2560 ³

526 2610 581 2669 bus
612 2609 814 2684 ostendentur3
846 2615 877 2667 ιι
903 2609 1050 2685 capitibus
1082 2609 1274 2684 sequentibus
1291 2609 1387 2683 juncti
1410 2611 1547 2688 planetae
1584 2629 1649 2672 eum
1672 2615 1801 2722 figurata
1821 2634 1869 2673 nro·
1885 2605 1886 2658 ἶ

526 2695 616 2758 derna
638 2700 750 2758 musica
771 2697 856 2774 paria
877 2696 973 2754 iacere
996 2691 1281 2800 demonstrbhunt'ur.

987 2996 991 3006 .
1102 2930 1245 3000 CAPUT
1273 2931 1310 3000 V,

524 3075 561 3128 Iu
579 3077 870 3144 proportionibus
886 3061 1034 3130 motuum
1053 3073 1329 3142 planetariorum
1347 3073 1592 3142 apparentium
1610 3077 1662 3143 lex
1676 3077 1870 3133 Solereluti

525 3163 779 3232 spectantibus)
803 3169 969 3237 cupresso
995 3177 1069 3216 csse
1094 3161 1174 3233 loca
1200 3161 1418 3230 systematis,
1447 3177 1506 3214 seu
1533 3163 1650 3244 elaces
1678 3165 1798 3220 scalae
1822 3181 1873 3218 nu·

834 3249 941 3315 sicae,
959 3253 991 3302 et
1009 3263 1134 3317 genera
1152 3253 1288 3320 cantus,
1308 3241 1381 3302 du'ri
1400 3255 1432 3301 et
1451 3247 1570 3304 mollis.

546 3409 551 3420 ·
591 3383 700 3469 ‘Quod
729 3393 818 3470 igitur
847 3395 922 3452 inter
950 3381 1006 3450 hos
1037 3391 1192 3451 duodecim
1224 3397 1368 3452 terminos·
1395 3409 1446 3452 seu
1477 3401 1573 3452 motus
1605 3394 1798 3468 planetarum
1826 3413 1873 3464 ser,

524 3479 624 3540 Solem
649 3483 944 3554 circumcurrentium,
967 3484 1082 3550 sursum
1106 3481 1241 3540 deorsum
1264 3491 1294 3539 ιι
1315 3495 1553 3555 quaquaversum
1576 3491 1660 3539 stent
1681 3486 1874 3560 proportiones

527 3567 729 3638 harmonicae,
755 3575 809 3626 aut
830 3568 939 3626 talibus
961 3569 1039 3625 intra
1054 3568 1221 3626 insensileur
1238 3579 1349 3644 partein
1363 3570 1497 3625 concinni
1511 3571 1621 3626 minimi
1635 3573 1801 3644 proximae,
1824 3587 1878 3648 prc-

523 3655 627 3713 hatum
649 3664 695 3714 est
715 3654 857 3714 hacteuus
881 3673 933 3733 per
954 3669 1091 3712 uumerus
1115 3655 1182 3713 hine
1206 3673 1241 3712 ex
1265 3657 1457 3728 astronomia,
1486 3654 1553 3714 inde
1576 3673 1614 3714 ex
1637 3656 1811 3718 harmonica
1831 3675 1876 3734 pe·

523 3743 605 3800 titos.
652 3741 906 3818 Quemadmodum
930 3759 1000 3801 vero
1024 3741 1098 3800 libro
1123 3742 1208 3801 tertio
1232 3745 1356 3818 primunr
1379 3742 1564 3801 harmonicus
1575 3746 1784 3818 proportiones
1804 3761 1877 3803 secr·

524 3832 580 3888 sim
602 3829 739 3906 singulas
758 3833 886 3889 eruimus
908 3831 1006 3904 eapite
1029 3832 1140 3906 primo,
1161 3825 1240 3887 {tunc
1269 3829 1386 3888 demum
1416 3830 1512 3904 eapite
1535 3829 1665 3889 secundo
1697 3849 1758 3892 eusv
1778 3847 1877 3892 omnes.

523 3925 671 3994 quotquot
693 3924 783 3990 erant,
808 3920 838 3974 in
860 3921 951 3974 unuin
975 3933 1128 3976 commune
1150 3924 1280 3992 systema
1303 3931 1355 3974 seu
1378 3917 1489 3974 scalam
1502 3920 1650 3976 musicam
1673 3923 1877 3998 compegimus,

523 4006 583 4062 imo
605 4007 705 4081 potius
729 4021 817 4063 unam
848 4021 947 4062 earnm
971 4003 1131 4081 diapason,
1149 4021 1250 4082 quae·
1268 4011 1381 4062 ceteras
1412 4011 1558 4078 potestate
1587 4005 1808 4082 complectitur,
1835 4021 1877 4081 prr

522 4091 591 4150 illas
614 4101 725 4152 ceteras
748 4095 778 4150 in
800 4093 908 4168 gradus
931 4109 985 4151 seu
1007 4091 1074 4150 loca
1089 4109 1143 4150 sua
1166 4092 1329 4163 divisimus,
1354 4093 1448 4166 eaque
1471 4107 1510 4162 re,
1539 4100 1572 4148 ut
1593 4091 1675 4150 suala
1696 4105 1793 4166 esset,
1817 4094 1877 4150 effr-

523 4179 631 4252 cimus,
664 4181 707 4238 sie
729 4197 808 4237 nunc
831 4195 969 4255 quoque,
1001 4179 1129 4238 inventis
1152 4178 1327 4252 banneriis,
1360 4193 1435 4252 quas
1459 4179 1540 4237 licus
1563 4181 1626 4255 ipse
1649 4182 1678 4236 iu
1700 4179 1815 4240 mundo
1838 4183 1876 4235 iu-

522 4269 702 4344 corpbravit,
727 4269 860 4341 sequitur
882 4274 916 4328 ut
938 4265 1110 4339 rideamus,
1133 4281 1202 4323 num
1225 4267 1268 4322 ita
1289 4265 1423 4341 singulae
1447 4272 1525 4324 stent
1546 4267 1683 4338 seorsim,
1715 4279 1751 4328 ut
1774 4267 1875 4324 urrllan

522 4369 589 4411 cum
612 4353 732 4429 reliquis
748 4357 953 4432 cognationem
976 4353 1114 4426 bhbeent,
1139 4353 1176 4410 en
1193 4369 1264 4410 vcro
1279 4367 1381 4411 omnes
1403 4354 1479 4412 inter
1493 4355 1735 4414 scvcousentiant.
1783 4354 1875 4428 Quan-

520 4457 609 4516 quam
625 4441 711 4500 iaeiie
728 4449 772 4499 est
795 4440 843 4505 vel
858 4443 922 4499 sine
937 4439 1069 4498 ulteriori
1084 4441 1277 4514 inquisitione
1287 4439 1473 4512 concludere,
1495 4441 1664 4499 harmonias
1679 4443 1756 4500 istas
1767 4457 1874 4500 surnrno

526 4527 651 4587 consilio
674 4527 718 4586 sic
732 4528 859 4586 invicem
881 4532 999 4602 aptatas
1021 4537 1096 4600 esse,
1120 4533 1152 4584 ut
1176 4529 1251 4584 intra
1273 4543 1362 4589 unam
1381 4525 1476 4598 ⁴relnti
1497 4541 1668 4604 compagem
1692 4545 1760 4588 sess
1784 4537 1875 4587 mutuo

449 4689 454 4696 .
519 4604 636 4688 lerant,¹
652 4631 707 4674 nec
729 4614 901 4672 una'aliam
923 4613 1031 4687 elidat3
1062 4615 1171 4690 quippe
1192 4631 1258 4672 curn
1281 4611 1450 4687 rideamus,
1477 4614 1513 4670 'iu
1538 4623 1597 4673 tam
1621 4615 1779 4691 multiplici
1803 4633 1875 4674 eorn-

520 4705 673 4778 paratione
695 4701 854 4780 eorundem
869 4702 1065 4760 tenninomm
1088 4703 1223 4776 nuspiam
1246 4717 1302 4759 non
1327 4717 1478 4760 occurrere
1493 4701 1668 4763 harmonias.
1716 4703 1782 4761 Nisi
1806 4705 1874 4761 enin

521 4798 622 4849 omues
645 4790 793 4849 omuibus
807 4797 926 4865 aptatae
949 4795 1048 4848 essent
1071 4781 1099 4845 ln
1123 4805 1211 4846 unam
1235 4789 1363 4858 scalam,
1387 4787 1473 4847 lueile
1497 4791 1559 4847 lieri
1576 4791 1728 4864 potuisset
1749 4785 1798 4871 (et
1820 4791 1875 4847 iac·

472 4901 478 4915 ¹
520 4882 582 4935 tum
613 4884 658 4936 est
679 4879 805 4953 passim,
834 4877 1010 4937 necessitate
1037 4876 1081 4934 sie
1110 4872 1265 4956 urgente),
1296 4883 1328 4933 ut
1356 4875 1454 4953 plures
1478 4875 1679 4936 dissonantiae
1710 4881 1873 4935 existerent.

521 4961 562 5024 Ut
583 4967 609 5023 si
631 4967 698 5040 quis
720 4965 796 5024 inter
818 4968 943 5044 primum
966 4969 996 5022 et
1017 4963 1192 5046 secundam·
1201 4963 1355 5022 terminum
1379 4964 1572 5022 constitueret
1592 4970 1708 5023 ιιιιιιιι
1727 4963 1872 5040 majorem,

519 5054 595 5110 inter
615 5051 777 5136 secundnm
800 5060 829 5111 et
850 5055 970 5111 tertium
992 5051 1107 5108 tertiam
1131 5050 1232 5109 itidem
1254 5050 1405 5124 maj0rem,
1433 5054 1511 5109 sine
1525 5059 1660 5127 respectu
1679 5053 1805 5143 prioris,
1828 5051 1870 5107 hie

519 5139 595 5198 inter
607 5129 732 5215 primum
747 5149 776 5198 et
791 5143 908 5199 tertium
924 5138 1090 5202 admitteret
1106 5136 1317 5196 dissonantiam
1332 5146 1362 5196 et
1376 5135 1582 5196 intervallum·
1573 5135 1779 5197 inconcinnum
1799 5133 1870 5216 ml„

608 5228 672 5302 Age
694 5243 765 5287 vero
787 5226 950 5301 rideamus,
972 5241 1012 5286 an
1035 5223 1147 5300 quod
1134 5243 1213 5300 Jam
1206 5224 1422 5285 ratiocinando
1437 5223 1627 5302 wingisus,
1650 5225 1682 5286 id
1701 5243 1733 5286 re
1747 5227 1814 5302 ipsa
1834 5225 1872 5281 sic
