4242 6384
833 802 971 874 Apologia.
1059 845 1061 856 Α
1515 811 1576 868 421
1632 872 1636 882 ,

324 977 368 1036 ee
385 979 576 1057 nnaryun
598 979 682 1038 vrrr.
736 979 830 1056 quem
859 980 907 1040 erc
937 981 1019 1055 rens,
1052 981 1376 1059 possessamque
1404 955 1495 1040 sisse
1523 981 1579 1040 erse

253 1068 309 1124 tenti
337 1066 453 1125 motus?
497 1067 571 1126 Nem
604 1084 658 1144 ega
688 1067 805 1144 quidem
835 1069 936 1144 procul
966 1087 984 1128 e
1012 1071 1071 1128 tuis
1102 1071 1208 1129 ictibus
1237 1073 1266 1127 in
1290 1070 1429 1146 angulum
1460 1087 1508 1128 ms
1530 1085 1578 1128 re-

254 1153 362 1226 condidi;
392 1151 423 1212 ai
449 1171 503 1212 noc
526 1171 645 1214 eausam
673 1156 726 1213 tibi
749 1163 844 1214 textos
867 1170 949 1214 meua
971 1157 1121 1234 praebuit,
1149 1164 1182 1214 ut
1204 1159 1253 1232 qui
1283 1165 1398 1232 praeter
1420 1159 1578 1232 ingenuam

252 1241 459 1360 ceo-lessionenpa
486 1248 519 1299 ut
548 1244 656 1301 scirem
684 1243 823 1316 lectores,
856 1259 932 1318 quae
962 1261 981 1302 e
1010 1243 1181 1346 meo'iibro
1208 1253 1309 1320 petere
1331 1250 1398 1302 'uon
1428 1243 1577 1315 deberent,

250 1325 568 1492 mhssh'dbehtuhysin
592 1415 648 1474 tx.
695 1415 732 1473 lit
754 1417 820 1490 quis
844 1423 946 1490 negat,
976 1424 1005 1475 te
1028 1418 1118 1475 etiem
1140 1418 1169 1490 in
1193 1416 1307 1476 theoria
1330 1422 1493 1488 versatum,
1523 1415 1576 1474 sed

250 1502 270 1556 iu
290 1501 362 1559 libris
386 1502 554 1578 prioribus?
598 1501 671 1576 Quis
694 1502 828 1562 dedecori
852 1504 904 1561 tibi
929 1519 993 1561 esse
1009 1507 1118 1584 prasio
1141 1503 1254 1580 garrit?
1299 1504 1417 1578 Dignus
1432 1501 1578 1578 equidem,
1603 1580 1607 1588 .

249 1589 409 1664 quiscunque
431 1589 668 1661 sit'endecuius,
696 1607 754 1648 uon
778 1597 829 1648 tue
851 1599 979 1663 tantum,
1008 1590 1060 1649 sed
1085 1598 1115 1651 et
1141 1609 1207 1650 mee
1229 1593 1321 1666 ipsius
1348 1594 1399 1648 ire
1445 1588 1522 1664 Quin
1546 1598 1576 1649 et

247 1691 330 1734 omnes
350 1675 466 1750 prudm
486 1677 679 1735 excellentiae
701 1679 756 1734 tibi
778 1675 934 1752 perlubens
957 1679 994 1736 ob
1018 1677 1094 1736 hauc
1115 1680 1218 1754 prurio
1241 1679 1368 1753 assigno.
1413 1675 1575 1752 Transiga·

246 1779 298 1819 runs
319 1769 345 1822 et
367 1770 478 1822 cetere:
509 1763 694 1840 Pythagoras
715 1763 888 1823 malleorum
911 1766 986 1824 ictus
1008 1764 1205 1823 consideravit
1234 1773 1302 1823 aute
1326 1781 1430 1822 causes
1451 1766 1577 1822 musices

245 1851 377 1918 iuventas,
408 1857 437 1908 et
461 1859 556 1908 tamen
580 1850 727 1910 Robertue
750 1850 837 1909 hodie
861 1850 950 1910 tradit
970 1852 1162 1910 instrumenta
1185 1867 1276 1925 nore,
1306 1849 1450 1928 Keplerus
1472 1859 1584 1909 causas

246 1936 439 2012 aPythagore
461 1936 554 1996 dictas
579 1937 626 1996 vei
651 1937 791 1996 convellit
813 1937 974 1996 rationibus
1000 1938 1044 1996 vei
1069 1939 1213 1998 emendat
1258 1938 1384 1997 Rursum
1413 1953 1471 1994 non
1494 1938 1576 1996 sotus

245 2022 378 2096 liebertus,
403 2026 549 2099 experitur
579 2043 682 2103 manu,
715 2041 773 2083 nou
797 2042 892 2084 meras
915 2025 1059 2101 Keplerus
1091 2027 1174 2085 ailert
1201 2024 1432 2102 speculationes,
1466 2020 1578 2083 orditur

246 2113 307 2167 enim
328 2118 357 2169 et
380 2111 443 2187 ipse
466 2129 484 2168 a
506 2115 676 2181 monueris,
709 2110 830 2170 adhibet
852 2113 980 2171 chordae
997 2114 1166 2186 plectrum,
1191 2130 1363 2186 campanae
1382 2112 1577 2186 marculum,·

244 2197 409 2256 rhedarum
432 2201 627 2273 proportione
648 2201 862 2257 consonantiae
884 2201 1037 2272 enucleat,
1061 2209 1192 2257 motuum
1217 2199 1389 2258 coelestium
1410 2201 1578 2274 proportio·

244 2301 282 2342 nes
303 2287 457 2359 examinat,
480 2287 632 2344 meliorem
657 2289 740 2343 mom
763 2303 825 2344 non
840 2288 965 2345 inuenit
1011 2285 1095 2345 Haec
1110 2290 1217 2358 omnia,
1242 2285 1378 2359 Roberta,
1400 2294 1468 2343 sunt
1482 2287 1577 2342 uniu-

244 2387 288 2444 qoe
309 2373 336 2428 in
360 2372 513 2447 coniessoq
537 2380 566 2430 et
588 2381 685 2454 tamen
709 2381 742 2430 ut
764 2371 799 2431 de
821 2375 934 2448 potiore
958 2383 1057 2432 verum
1079 2381 1110 2432 et
1132 2374 1188 2434 ieoc
1208 2383 1259 2445 est,
1283 2390 1330 2430 me
1351 2389 1405 2449 pro
1428 2388 1472 2444 eo,
1498 2371 1577 2447 quod

245 2461 290 2514 tuis
304 2461 502 2536 instrumentis
518 2459 592 2518 iiber
605 2477 690 2518 meus·
702 2469 807 2530 careat,
833 2449 1088 2518 consonantiarum
1103 2477 1208 2518 censes
1225 2463 1283 2518 mei
1300 2459 1575 2534 lectori'praestare.

314 2545 474 2622 Pergamus
502 2545 638 2605 ulterius:
675 2554 704 2605 et
733 2563 837 2604 causes
868 2563 978 2622 quaero
1006 2549 1261 2606 consonantiarum
1297 2556 1326 2606 et
1353 2547 1577 2604 mathematicas

242 2631 681 2706 demonstrationes,conciuu03
711 2633 759 2691 hic
789 2636 865 2692 enim
897 2651 967 2691 neus
997 2631 1056 2697 iliis
1078 2638 1184 2710 potior.
1231 2635 1406 2692 Demonstro
1439 2632 1576 2709 equidem

242 2719 262 2772 in
284 2720 444 2793 maseato,
477 2722 532 2777 nisi
557 2719 635 2795 quod
659 2737 746 2797 super
769 2721 884 2792 charta,
915 2721 967 2780 sed
991 2721 1108 2798 applico
1132 2721 1330 2781 demonstrate
1352 2722 1514 2792 concretis,
1544 2719 1575 2776 id

242 2813 277 2862 est
302 2808 444 2882 subjectis
472 2805 615 2884 physicis,
645 2809 772 2866 motibus
802 2807 914 2866 scilicet
943 2823 1106 2885 corporum.
1153 2810 1309 2874 littamcu
1339 2807 1488 2866 abstracta
1509 2823 1577 2864 mee

240 2900 294 2949 sont
315 2893 424 2953 similia
445 2893 503 2951 iilis
527 2897 685 2964 concretis,
717 2894 788 2952 nihii
813 2896 888 2952 euim
912 2899 1005 2970 magis
1028 2905 1072 2953 est
1101 2895 1151 2954 alii
1173 2896 1285 2965 simile,
1315 2911 1403 2970 quam
1426 2897 1577 2970 antitypue

240 2995 282 3037 sno
304 2987 386 3058 typo.
433 2981 577 3040 Convenit
601 2991 629 3040 et
659 2982 694 3040 de
718 2981 773 3040 irie.
818 2980 894 3038 iilud
919 2983 1013 3040 solum
1042 2991 1140 3040 menet
1168 2985 1325 3062 lucense:
1353 2981 1492 3058 physicos
1514 2983 1576 3038 siue

240 3066 365 3126 mathesis
397 3085 453 3144 ope
485 3085 635 3127 causarum
665 3071 709 3127 eis
739 3071 957 3144 inquisitionem
987 3070 1092 3129 iecisse
1120 3087 1173 3146 per
1206 3071 1351 3146 principie
1377 3070 1488 3144 priore;
1519 3083 1575 3142 ego

240 3153 261 3208 iu
287 3153 371 3214 undis
401 3157 590 3228 substantiis,
622 3157 685 3214 sine
714 3155 907 3214 accidentium
938 3157 1143 3230 intemuuciis,
1166 3159 1308 3232 negotiari
1332 3171 1407 3230 nego
1435 3154 1576 3231 possibile

240 3242 374 3317 cuiquam,
400 3245 474 3302 inter
497 3241 660 3301 accidentia
684 3259 753 3301 vero
775 3246 899 3317 primum
923 3235 1235 3318 genusquantitat‘um
1250 3261 1284 3302 ex
1304 3240 1460 3300 Aristotele
1477 3240 1575 3312 didici,

239 3326 337 3400 relique
361 3331 461 3388 omnia
483 3331 655 3405 posteriora.
702 3329 807 3404 Nepae,
834 3337 946 3388 veteres
970 3331 1008 3388 ab
1032 3339 1093 3388 arte
1116 3333 1146 3388 in
1170 3337 1259 3390 artem
1283 3330 1494 3399 transcurrisse,
1519 3345 1574 3402 ego

239 3413 393 3475 ePtatone
417 3416 514 3490 didici,
538 3419 668 3489 geminas
692 3433 756 3474 esse
779 3417 841 3500 allas
857 3421 1061 3488 astronomiae,
1087 3416 1276 3491 geometriam
1299 3427 1328 3474 et
1348 3415 1575 3488 arithmeticam

240 3505 361 3575 quemvis
385 3501 437 3562 iile
468 3503 503 3562 de
526 3503 682 3562 sensilibus
706 3511 790 3579 aqut,
820 3506 895 3562 istae
919 3501 955 3563 de
978 3505 1142 3564 abstractis.
1188 3503 1253 3578 Quo
1278 3505 1371 3578 magis
1400 3511 1479 3559 tuem
1503 3518 1575 3560 con-

238 3587 387 3648 dusiouem
411 3591 506 3663 miror,
530 3599 562 3648 nt
585 3607 660 3664 quae
684 3589 939 3648 contradictorium
963 3593 1188 3666 praemissarum
1204 3592 1356 3664 subsumit,
1379 3589 1597 3648 hannoniam.

238 3677 494 3736 anathematicis
514 3679 649 3753 hedipere
671 3685 700 3735 ei
720 3677 849 3753 physicis
870 3678 913 3735 ad
927 3693 1092 3736 causarum
1109 3682 1323 3750 inventionem,
1347 3675 1493 3734 addideris
1508 3691 1574 3734 rec·

238 3765 336 3822 tissime
360 3765 578 3841 metaphysicis.
622 3765 663 3822 tit
685 3763 768 3822 addis
792 3763 925 3839 quidem:
951 3767 994 3822 ais
1017 3765 1103 3837 euim,
1128 3773 1222 3823 ortum
1246 3763 1462 3823 intervallorum
1487 3779 1573 3837 speo-

237 3857 286 3908 tere
308 3854 406 3926 magis
428 3851 464 3910 ad
488 3852 593 3929 physin
617 3854 729 3910 ratione
752 3869 823 3910 suae
846 3859 968 3909 naturae
992 3850 1140 3930 occultes,
1173 3867 1260 3926 quam
1288 3851 1326 3908 ed
1356 3849 1517 3922 mathesin,
1548 3850 1572 3904 si

236 3937 368 3996 internum
393 3938 456 4013 ejus
479 3940 653 4016 principium
677 3940 875 4014 inspiciemus.
920 3937 1031 4014 Physin
1055 3938 1154 4013 procul
1180 3939 1270 3997 dubio
1293 3937 1380 4007 dicis,
1404 3953 1492 4009 quam
1516 3952 1572 4009 ego

235 4025 466 4102 metaphysicem.
511 4025 770 4101 Namsnbjungis,
794 4037 931 4083 arcanum
955 4027 1018 4100 ejus
1050 4027 1209 4084 consistere
1239 4027 1268 4080 iu
1290 4021 1451 4099 spiritualis
1473 4030 1571 4079 mate-

237 4113 286 4169 riae
308 4113 472 4186 divisione,
502 4113 585 4188 eujus
609 4111 720 4170 divisor
742 4115 779 4171 sit
801 4113 913 4182 anima,
948 4113 1185 4182 actuscenentis
1208 4111 1254 4170 vel
1276 4110 1429 4185 pulsantis.
1474 4107 1571 4166 Multo
1631 4115 1635 4120 '

237 4198 302 4256 uelo
326 4200 480 4260 commode
503 4203 554 4259 toa
576 4201 773 4276 interpretari,
796 4215 883 4273 qnam
915 4201 1098 4257 occasionem
1120 4198 1260 4274 arguendi
1283 4211 1431 4272 quaerere.
1477 4195 1572 4269 Igitur

237 4301 364 4344 arcanum
389 4286 521 4363 intelligo
544 4287 665 4344 iormanr
695 4296 724 4345 et
747 4288 901 4344 essentiam
925 4289 1198 4363 contemperationis
1230 4284 1415 4342 harmonicae
1445 4284 1474 4338 io
1496 4282 1571 4340 Ter-

237 4373 295 4432 rem'.
340 4363 377 4432 id
400 4371 481 4434 disco
511 4391 575 4432 esse
597 4375 788 4448 spiritualem
810 4375 987 4447 materiam3
1017 4389 1088 4432 saue
1111 4372 1276 4430 harmonias
1304 4379 1333 4430 et
1363 4385 1418 4444 ego
1441 4384 1571 4444 agnosco

238 4475 278 4516 cns
298 4463 433 4533 rationis,
456 4463 531 4520 ratio
553 4451 624 4519 vero
647 4460 797 4538 spirituale
820 4463 969 4537 quippiam
993 4467 1044 4518 est.
1089 4460 1161 4534 Ejus
1174 4458 1353 4517 dioinonem
1367 4455 1500 4532 intelligo
1515 4473 1571 4531 ego
1650 4454 1655 4462 '

235 4545 430 4606 discretionem
453 4549 530 4624 eJus,
563 4547 643 4622 quod
671 4557 715 4607 est
737 4547 953 4617 harmonicum,
983 4563 1080 4605 anon
1103 4547 1279 4604 harmonico,
1326 4544 1499 4602 Dieieorem
1527 4546 1572 4601 ais

238 4635 389 4693 animone?
438 4635 477 4693 iit
503 4637 567 4710 ipse
590 4634 669 4706 ,libro
699 4651 765 4692 meo
787 4633 839 4691 IV.
868 4636 949 4709 prius
978 4635 1104 4692 animem
1134 4633 1202 4692 inde
1234 4651 1253 4689 a
1283 4633 1328 4689 eui
1356 4634 1502 4690 creatione
1533 4629 1571 4687 ed

237 4723 392 4797 exemplum
417 4706 488 4794 liei,
523 4723 566 4779 sni
597 4721 764 4798 archetypi,
796 4721 872 4780 iecio
903 4728 1066 4798 compotem
1094 4721 1276 4780 formationis
1307 4734 1431 4776 arcense
1453 4717 1572 4775 hermo-

237 4808 323 4878 nieae,
351 4812 509 4884 impressas
532 4809 574 4866 ilii
598 4809 709 4867 scilicet
730 4809 813 4866 ideas
836 4808 1069 4886 harmoniarum,
1098 4824 1219 4883 querum
1243 4805 1438 4882 applicatione
1466 4804 1503 4863 ad
1527 4821 1570 4876 ea,

239 4911 305 4966 quae
326 4913 382 4971 per
403 4913 506 4955 sensns
529 4896 700 4963 offeruntur,
724 4897 920 4953 harmonicum
944 4911 961 4952 a
984 4909 1052 4951 uon·
1066 4895 1233 4953 harmonico
1255 4892 1443 4950 discernatur.
1488 4889 1571 4948 Hac·

237 4986 310 5040 tenus
331 4985 423 5058 igitur
445 4983 532 5040 iniere
556 4985 584 5039 in
608 4975 802 5054 conclusione,
828 4980 905 5056 qood
928 4983 956 5036 iu
980 4983 1147 5057 praemissis
1163 4986 1301 5056 uegetum
1313 4981 1392 5038 ibas.
1416 4993 1469 5036 uec
1483 4976 1570 5037 facilc

237 5073 267 5136 te,
288 5085 323 5127 ne
347 5087 384 5128 ex
407 5070 595 5144 sequentibus
618 5069 744 5145 quidem'
761 5066 1035 5127 contradictionibus
1059 5068 1197 5139 exsolvo,
1233 5069 1336 5124 uisite
1362 5081 1410 5123 me
1432 5063 1566 5138 adjuves.

238 5153 351 5216 iiixeras
377 5165 486 5216 omres
508 5158 547 5216 ah
570 5164 636 5215 arte
657 5161 690 5214 in
714 5164 811 5215 aman
832 5173 897 5215 seon
918 5155 1101 5229 alacerrime,
1123 5155 1314 5238 jemasseris,
1338 5153 1403 5212 iilos
1422 5158 1606 5237 naturam&
