4242 6384
529 743 594 804 ⁸60
1045 731 1196 790 rutenae
1213 732 1370 792 Hannonis.

529 927 609 970 omna
624 909 701 980 qnod
718 909 838 979 canitur,
863 907 892 962 in
910 913 1043 976 sumtum
1066 915 1110 964 est
1126 923 1198 964 anns
1222 916 1250 964 et
1268 909 1383 980 simplex
1401 918 1509 982 cantara,
1535 915 1677 972 semitonia
1699 923 1801 974 hntnn
1810 917 1859 980 dno,

529 1009 581 1050 nec
597 1008 631 1048 aa
648 990 795 1059 deinceps,
813 989 863 1048 sed
879 987 948 1044 locis
965 987 1049 1066 certis
1059 987 1214 1044 ‘distributa
1230 989 1426 1060 complectitur.

530 1108 534 1116 .
614 1070 689 1126 Nota
705 1068 739 1122 V.
774 1069 806 1122 In
824 1067 914 1124 animo
933 1065 1078 1120 amttam:
1099 1069 1124 1130 l)
1144 1067 1262 1122 essentia
1279 1068 1369 1132 alcimi,
1393 1071 1419 1136 2)
1438 1071 1560 1126 diversae
1578 1073 1638 1142 ejus
1655 1083 1760 1144 partes,
1778 1077 1864 1130 stlta,-

528 1149 648 1204 lemaens
671 1145 803 1217 appellat,
830 1161 880 1200 nos
904 1143 1050 1200 facultates
1070 1145 1192 1212 dicimus,
1211 1153 1239 1200 et
1262 1147 1408 1215 cujuslibet
1426 1148 1574 1206 facultatis
1587 1159 1679 1208 certae
1699 1157 1812 1226 specis,
1828 1172 1866 1208 ros

529 1227 693 1298 generaliter
710 1225 880 1296 appellamus
904 1223 1041 1294 potentias
1058 1223 1212 1288 naturales,
1242 1226 1267 1294 3)
1287 1225 1587 1298 emerentianam,
1614 1234 1832 1304 contemplativae
1849 1249 1867 1288 st

527 1308 698 1378 operativae,
725 1308 752 1374 i)
770 1303 963 1375 dispositiones
982 1310 1174 1372 temporaneae
1192 1318 1240 1362 seo
1259 1303 1382 1360 affectus.
1418 1305 1505 1373 Igitur
1527 1324 1586 1378 cap.
1603 1311 1630 1366 i.
1653 1313 1775 1369 mimam
1796 1315 1869 1384 ipsun

527 1387 696 1455 compararit
713 1383 887 1440 harmonicae
904 1381 1028 1436 facultati
1046 1382 1217 1459 generaliter,
1237 1401 1297 1454 cap.
1311 1387 1335 1440 5.
1354 1385 1500 1442 facultates
1519 1393 1716 1462 consonantiis,
1737 1401 1765 1448 rt
1781 1398 1869 1463 species

528 1481 579 1522 seu
596 1465 733 1533 potentias
752 1471 781 1518 et
797 1462 908 1518 babitus
925 1460 1008 1514 animi
1026 1460 1170 1529 speciebus
1189 1463 1428 1518 consonantiarum
1447 1466 1594 1522 earundem
1613 1469 1738 1534 dirersis
1757 1481 1784 1526 et
1800 1481 1871 1526 toton

529 1551 648 1614 systema
664 1544 826 1598 facultatum
843 1540 926 1594 animi
944 1541 996 1594 toti
1014 1539 1155 1608 systemati
1168 1543 1420 1612 consonantiarum,
1439 1559 1496 1612 cap.
1512 1545 1680 1607 trinutum
1695 1565 1797 1618 genera
1807 1568 1870 1618 gene

526 1623 602 1678 ribos
620 1631 731 1689 cantus3
759 1621 804 1674 bic
822 1635 887 1688 ergo
911 1633 970 1686 cap.
989 1619 1015 1672 7.
1033 1625 1173 1686 comparat
1196 1621 1285 1676 studia
1304 1620 1414 1690 publica
1440 1629 1468 1676 et
1488 1621 1602 1680 effectus
1626 1625 1796 1695 sing'rloram
1814 1631 1871 1680 tonis

526 1719 577 1758 aen
595 1701 690 1756 modis.
729 1697 946 1768 Comparationis
964 1701 1125 1764 argumenta
1142 1713 1212 1767 pene
1231 1699 1338 1766 singula
1355 1701 1382 1754 in
1401 1700 1514 1771 singolis
1532 1704 1743 1760 insuntvrerbia

616 1779 737 1834 Primum
756 1777 860 1832 eratin
879 1791 945 1830 voce
962 1782 1121 1842 camactos,
1148 1776 1263 1832 alterum
1286 1779 1314 1832 in
1331 1795 1398 1834 ,soce
1416 1783 1546 1850 motatio,
1573 1783 1680 1840 tertium
1699 1801 1778 1838 nunc
1801 1788 1871 1839 estu

527 1860 681 1915 identitate.
717 1855 865 1912 Intervalla
883 1854 1037 1922 systematis
1055 1861 1084 1908 et
1102 1854 1186 1909 series
1205 1871 1298 1911 eorum
1316 1865 1448 1915 consueta
1457 1871 1651 1928 comparantur
1664 1863 1809 1916 consuetis
1821 1872 1872 1918 tem
1893 1873 1894 1932 l

526 1953 626 2006 porum
643 1935 845 1993 conditionibus
869 1942 898 1989 et
914 1934 999 1993 ueluti
1016 1933 1244 1990 motibusrerum
1263 1937 1445 2004 publicarum:
1468 1943 1499 1993 ut
1517 1940 1590 2008 quod
1609 1943 1735 1996 Romana
1761 1941 1872 1994 bellicosa
1893 1955 1894 2010 l

526 2019 587 2081 fnit,
604 2017 772 2072 Venetorum
794 2013 965 2068 mercatoria.
1000 2014 1118 2068 Mutatio
1144 2023 1240 2070 cantus
1260 2016 1294 2072 de
1312 2023 1377 2071 tono
1395 2018 1423 2072 iu
1441 2025 1535 2074 tonum
1554 2029 1728 2086 comparatur
1746 2021 1873 2074 mutationi
1893 2019 1894 2086 l

527 2091 707 2167 reipublicae,
734 2103 763 2149 et
788 2111 850 2148 cnm
873 2092 922 2148 illa
943 2092 1026 2146 etiam
1048 2091 1200 2148 studiorum
1223 2094 1394 2163 publicorum
1419 2093 1452 2150 de
1471 2103 1544 2152 statu
1563 2095 1675 2168 pacifico
1702 2099 1733 2154 in
1754 2099 1894 2154 bellicuml

527 2176 593 2244 qnia
609 2191 666 2230 nou
683 2175 773 2230 minus
791 2174 886 2230 crebro
904 2172 972 2226 baec
990 2170 1105 2224 invicem
1123 2171 1273 2227 succedunt
1285 2172 1311 2226 in
1325 2174 1471 2244 republica,
1490 2194 1571 2246 quam
1582 2175 1627 2232 tila
1639 2178 1667 2232 in
1681 2187 1780 2234 cantu.
1810 2179 1873 2234 Iden·

525 2255 592 2310 titm
609 2269 674 2307 sero
691 2269 821 2321 generum
838 2261 935 2309 emtus
952 2252 981 2306 in
999 2250 1114 2306 dirersis
1132 2252 1203 2306 tonis
1222 2253 1388 2308 assimilatur
1408 2253 1546 2308 identitati
1570 2255 1706 2310 obtutum.
1750 2259 1803 2312 hist
1823 2274 1873 2310 sero

523 2331 631 2401 justitia
648 2331 675 2384 in
693 2346 775 2400 pace,
799 2336 888 2384 estet
906 2328 998 2398 aliqua
1019 2328 1046 2382 in
1066 2329 1154 2401 bello;
1179 2333 1227 2386 sed
1250 2333 1324 2390 uliud
1343 2334 1402 2402 ejus
1419 2333 1553 2402 objectum
1575 2341 1617 2388 est
1641 2335 1710 2403 illio,
1738 2336 1811 2390 aliud
1833 2337 1871 2394 luo,
1893 2357 1894 2414 p

526 2426 578 2465 nec
594 2409 745 2478 tdemejus
763 2407 923 2464 exercitium
936 2407 1072 2476 namque.
1108 2409 1139 2462 ln
1153 2427 1221 2480 pace
1233 2429 1311 2467 suum
1324 2414 1421 2482 cuique
1435 2413 1612 2481 tribuendum,
1632 2416 1715 2469 etism
1733 2415 1872 2484 peregrine.
1893 2449 1894 2474 ,

525 2490 554 2544 in
573 2488 646 2544 bello
664 2506 719 2543 non
737 2489 833 2544 tribuit
856 2503 935 2542 auum
953 2487 1072 2556 patriae,
1098 2489 1144 2556 qui
1166 2492 1253 2558 parcit
1278 2492 1364 2560 hosti,
1390 2501 1437 2548 aut
1461 2497 1508 2562 qui
1523 2494 1637 2564 rigidam
1663 2483 1894 2555 distributioneni

525 2586 617 2625 rarum
634 2570 706 2632 inter
724 2570 799 2626 circs
816 2570 898 2625 etiam
915 2569 955 2626 sic
973 2573 1065 2641 urget,
1091 2577 1122 2622 ut
1140 2585 1172 2624 ea
1190 2571 1295 2626 bellicis
1315 2573 1520 2628 necessitatibus
1545 2573 1742 2640 impedimento
1762 2577 1807 2630 sit.
1841 2575 1871 2625 lu

526 2649 606 2705 fortis
626 2665 688 2705 esse
704 2655 797 2719 potest
814 2649 912 2718 abonis
929 2651 957 2705 in
975 2669 1052 2722 pace,
1071 2651 1151 2706 fortis
1169 2651 1250 2706 etiam
1268 2651 1296 2704 in
1315 2650 1401 2718 bello,
1420 2661 1448 2706 at
1466 2651 1551 2706 minor
1568 2655 1700 2708 memoria
1718 2653 1871 2710 tomandus

524 2730 581 2786 silio
600 2730 805 2799 obscuriorque,
829 2728 875 2784 hic
898 2746 963 2786 vero
984 2733 1074 2799 major
1097 2739 1124 2786 et
1142 2731 1292 2786 necessitas
1316 2737 1344 2784 et
1367 2731 1454 2800 gloria
1469 2731 1553 2793 bttjus
1577 2732 1693 2790 eminas.
1733 2733 1806 2788 Tota
1823 2750 1870 2786 reru

524 2811 580 2866 ista
596 2810 808 2879 comparationis
824 2827 889 2881 pars
904 2811 1058 2866 rhetoricae
1077 2809 1180 2879 figurae
1198 2808 1292 2864 siruilis
1311 2817 1365 2878 est,
1384 2809 1603 2877 probabilitatem
1623 2813 1763 2880 sequitur,
1783 2827 1871 2882 geom

525 2890 624 2944 tricum
641 2889 709 2944 nibil
727 2890 807 2960 sapit,
826 2907 878 2946 nec
894 2906 980 2947 cansa
995 2889 1108 2946 alterius
1127 2887 1253 2944 similium
1273 2889 1427 2946 conductor
1442 2887 1469 2944 in
1483 2888 1578 2958 altero,
1598 2891 1670 2958 qood
1683 2893 1760 2946 hano
1775 2890 1871 2958 primam
1893 2901 1894 2916 ³

526 2968 624 3037 capitis
641 2978 747 3037 partem
765 2971 870 3026 attinet.
1352 3013 1356 3030 ,
1500 3009 1505 3016 ,

612 3048 688 3102 Nota
704 3050 750 3104 Vl.
787 3051 857 3106 Erat
880 3051 1014 3104 hactenus
1036 3049 1112 3104 nuda
1135 3046 1315 3117 comparatio;
1342 3061 1411 3104 nunc
1436 3051 1464 3099 et
1482 3061 1579 3102 causas
1598 3047 1710 3117 attingit
1736 3046 1871 3112 naturales,

527 3142 598 3198 quaa
616 3128 662 3183 alii
678 3135 747 3183 tono
768 3128 838 3183 alias
855 3129 983 3183 conciliat
1006 3125 1195 3197 proprietates.
1233 3124 1369 3180 Rarrlatim
1392 3125 1463 3178 euim
1487 3126 1585 3180 transit
1607 3127 1642 3182 ad
1669 3127 1789 3182 alterum
1805 3142 1870 3180 mem

500 3229 503 3234 ·
525 3206 612 3275 bmnr,
631 3207 667 3261 ad
685 3205 759 3275 quod
778 3207 833 3261 ista
850 3208 935 3274 magis
954 3211 1087 3276 spectant.
1124 3205 1225 3260 Modus
1244 3205 1314 3258 enim
1333 3199 1450 3259 muscus
1470 3219 1519 3270 per
1537 3204 1719 3272 seipsenon
1737 3215 1871 3270 estusque

526 3287 663 3342 excitatns
682 3300 771 3356 neqne
789 3293 924 3350 moestus,
943 3284 992 3339 sed
1010 3290 1042 3339 at
1058 3285 1136 3354 ipsae
1154 3301 1252 3340 vocum
1271 3284 1432 3348 Graecarum
1451 3283 1656 3338 terminationes
1674 3283 1817 3352 judicant,
1842 3281 1871 3334 sie
1893 3297 1894 3376 p

527 3365 626 3421 dicitnr
643 3365 679 3419 ab
697 3363 820 3418 efficacia
845 3379 895 3417 sua
912 3365 940 3418 in
958 3363 1062 3418 animis.
1100 3363 1215 3418 Videtur
1237 3369 1328 3426 autem
1344 3360 1517 3418 Ptolemaeus
1539 3363 1585 3418 hio
1608 3370 1689 3419 tonos
1714 3365 1778 3422 sols
1796 3362 1868 3416 alt-ito·
1893 3387 1894 3430 y

527 3444 593 3499 dine
610 3433 793 3511 distinguere,
810 3457 873 3495 cnm
890 3449 1005 3508 asserat,
1024 3441 1097 3497 idem
1115 3441 1201 3496 malos
1220 3441 1280 3494 cani
1300 3453 1379 3509 posse
1401 3439 1429 3492 ln
1448 3441 1561 3512 dirersis
1579 3443 1661 3498 tonis.
1699 3444 1793 3512 Atque
1804 3441 1869 3495 etism
1893 3437 1894 3500 1

526 3523 581 3578 sim
600 3521 735 3578 semitonii
753 3519 890 3588 differunt,
909 3527 936 3579 et
954 3521 1025 3576 sarie
1042 3520 1148 3590 reliqua
1166 3520 1357 3574 concinnorum
1376 3524 1404 3572 et
1420 3519 1532 3587 reliquis
1551 3521 1740 3590 rebus,.quae
1757 3529 1820 3576 suot
1835 3534 1868 3570 er·

526 3600 644 3669 plicatae
662 3615 721 3668 cap.
743 3599 782 3654 ts.
803 3599 864 3656 libri
881 3597 935 3656 mei
951 3600 1001 3654 lll.
1037 3601 1135 3669 ltaque
1151 3599 1294 3656 facultates
1318 3598 1388 3652 istac
1410 3597 1445 3652 ad
1472 3601 1619 3656 movendos
1643 3603 1750 3659 animos
1773 3617 1825 3656 non
1840 3596 1868 3649 ia·

526 3683 592 3732 sunt
607 3678 676 3747 ipsis
693 3681 799 3732 tantum
817 3686 931 3746 propter
948 3679 1119 3734 altitudinem
1137 3693 1231 3734 eoram
1249 3677 1274 3730 in
1292 3683 1439 3746 systemate
1457 3677 1588 3745 perfecto,
1608 3679 1656 3736 sed
1669 3680 1757 3736 multo
1769 3679 1869 3735 maxine

526 3763 640 3826 propter
656 3770 742 3824 genus
760 3765 789 3811 et
806 3758 927 3812 ordinem
945 3758 1044 3825 cuique
1062 3774 1142 3814 suum
1160 3759 1352 3814 cancianorum
1370 3755 1581 3813 intervallorum.

614 3837 689 3892 Nota
705 3839 764 3893 Vll.
800 3836 973 3892 Ptolemaeus
997 3837 1043 3893 lib.
1063 3839 1111 3892 Ill.
1137 3855 1195 3908 cap.
1216 3838 1255 3892 10.
1283 3836 1388 3892 domum
1409 3837 1475 3891 iacit
1499 3837 1641 3894 altitudine
1663 3840 1798 3908 medium,
1819 3836 1869 3891 inde

526 3932 622 3973 ramus
647 3926 730 3973 acuta
747 3918 900 3989 phrygium
924 3917 1044 3988 lydium,
1074 3919 1258 3974 acobssimum
1280 3915 1468 3987 mixolydium,
1495 3924 1522 3971 et
1545 3934 1640 3974 uersus
1667 3923 1773 3988 gratia:
1798 3919 1866 3986 hypo

527 3996 639 4068 lydium,
659 3996 887 4067 hypophrygium,
905 3996 1101 4066 hypodorium
1130 3996 1205 4065 quasi
1224 3995 1316 4054 dorius
1335 3995 1471 4050 obtineret
1489 3996 1591 4052 clarem
1606 4000 1637 4054 G
1648 4000 1676 4052 in
1695 4001 1782 4068 molli,
1801 3999 1866 4068 phry-

527 4077 588 4144 gina
612 4076 652 4142 A,
677 4074 768 4146 lydius
786 4075 829 4142 Η,
855 4074 1019 4145 mixolydius
1044 4076 1080 4141 0,
1106 4073 1268 4147 hypolydius
1293 4075 1412 4130 vicissim
1435 4073 1474 4140 F,
1503 4075 1708 4147 hypophrygius
1726 4079 1771 4146 E,
1797 4079 1864 4145 hypo-
1893 4079 1894 4134 l

526 4154 620 4215 dorius
636 4155 674 4208 D.
709 4156 768 4208 Hac
787 4154 896 4223 quidem
912 4155 942 4208 in
960 4155 1137 4224 dispositione
1156 4153 1246 4209 differt
1264 4153 1435 4208 Ptolemaeus
1454 4155 1489 4208 ab
1508 4155 1664 4210 auctoribus
1683 4159 1788 4211 ceteris.
1893 4203 1894 4234 ,

615 4233 800 4288 Communiter
824 4234 895 4288 enim
923 4234 957 4289 ab
976 4234 1132 4290 auctoribus
1151 4233 1322 4288 celebrantur
1346 4240 1402 4287 tres
1420 4230 1505 4286 veluti
1522 4232 1594 4287 modi
1619 4247 1667 4288 seu
1692 4235 1765 4288 toni:
1789 4231 1865 4286 dorius
1893 4257 1894 4262 κ

526 4312 616 4379 maris
634 4320 663 4367 et
679 4311 834 4376 modestus,
852 4313 982 4382 phrygius
999 4313 1090 4367 mollis
1108 4319 1135 4366 et
1154 4311 1299 4366 deliciosus
1326 4320 1353 4366 et
1378 4310 1563 4378 effeminatus,
1583 4311 1671 4382 lydius
1690 4312 1830 4368 bellicosus
1846 4317 1865 4360 et
1893 4341 1894 4384 ,

527 4389 675 4445 iracundus
693 4397 722 4443 et
738 4389 888 4458 masculus,
908 4391 982 4457 qnod
1000 4407 1051 4460 ego
1070 4398 1179 4446 secutus
1198 4407 1258 4448 sum
1277 4407 1336 4460 cap.
1359 4391 1398 4446 15.
1419 4389 1481 4446 libri
1499 4389 1551 4445 mci
1568 4391 1617 4446 111.
1653 4391 1770 4447 Nomina
1791 4401 1863 4444 trusa·
1893 4391 1894 4476 l

525 4475 590 4526 rent
610 4469 772 4540 agentibus
795 4485 900 4522 morum
923 4470 1109 4526 consimilium.
1144 4471 1232 4526 Dones
1256 4471 1328 4525 eninr
1350 4471 1479 4538 antiquae
1497 4469 1627 4524 Graeciae
1653 4471 1772 4540 populus
1793 4469 1862 4524 eraut.
1893 4479 1894 4486 ¹

525 4548 648 4616 magistri
666 4548 759 4618 optimi
771 4540 978 4602 ‘rerumrerum
996 4547 1264 4617 rerumpublicarum,
1284 4547 1491 4616 quarumsalus
1508 4545 1536 4600 in
1553 4549 1758 4603 conservatione
1776 4557 1862 4602 norun

527 4627 698 4697 antiquorum
724 4626 862 4699 consistit,
889 4625 1008 4696 Phrygia
1032 4626 1114 4684 Asiae
1136 4627 1217 4683 beata
1238 4627 1376 4698 provincia
1400 4625 1496 4681 molles
1519 4627 1650 4696 populos,
1679 4627 1765 4697 Lydia
1786 4630 1862 4683 conto

525 4705 671 4776 bellicosos
689 4705 831 4762 educabat

613 4805 688 4860 Nota
704 4805 778 4860 VIIL
813 4803 939 4859 Alterum
967 4809 995 4858 at
1017 4803 1193 4874 praecipuum
1219 4803 1315 4873 eapitis
1343 4801 1492 4858 membrum
1515 4803 1567 4857 buo
1589 4811 1644 4873 est,
1676 4805 1750 4874 quod
1770 4801 1859 4875 qmdea

526 4883 682 4950 generalius
699 4891 728 4939 et
744 4883 853 4953 plenius
870 4891 929 4938 erat
942 4883 1127 4952 tractandum;
1147 4883 1220 4952 qnod
1233 4889 1299 4952 puto
1313 4883 1497 4938 Ptolemaeum
1507 4883 1591 4939 fuisse
1603 4884 1746 4954 iacturum,
1764 4885 1785 4939 si
1797 4892 1857 4950 opus

526 4961 601 5030 qood
619 4969 725 5018 certum
742 4969 785 5018 est
802 4963 990 5032 imperfectum
1008 4963 1042 5021 ab
1060 4963 1121 5031 ipso
1139 4963 1277 5033 relictum,
1295 4970 1324 5018 et
1339 4963 1514 5032 perduxisset
1536 4963 1570 5018 ad
1591 4961 1768 5032 colophonem
1789 4969 1813 5016 et
1827 4971 1857 5010 re

527 5039 641 5094 vidisset
657 5040 783 5109 denique.
819 5042 889 5098 liam
907 5047 936 5096 et
952 5059 1007 5098 non
1025 5042 1101 5097 solae
1119 5050 1184 5098 sunt
1195 5043 1357 5100 mutationes
1376 5043 1525 5111 modorum,
1545 5043 1591 5112 qui
1604 5041 1717 5096 affectus
1728 5043 1854 5096 mimorum

527 5118 708 5187 mamfocne,
735 5129 763 5175 et
787 5121 840 5192 ipsi
860 5121 935 5177 modi
955 5122 1080 5192 pluribus
1104 5121 1191 5188 etiam
1205 5121 1418 5192 proprietatibus
1440 5137 1522 5192 quam
1546 5119 1670 5176 acumine
1694 5127 1723 5173 et
1747 5117 1855 5190 paviae

526 5196 598 5256 iuter
614 5212 646 5252 se
662 5198 798 5270 offerunt,
816 5207 844 5260 et
861 5215 961 5260 causae
978 5200 1096 5271 denique
1114 5206 1179 5258 sunt
1196 5199 1346 5256 audentius
1364 5199 1550 5272 explicandae,
1569 5215 1618 5256 cur
1633 5199 1687 5254 ista
1703 5197 1854 5270 possintne
