4242 6384
651 831 831 891 monica.
865 826 951 885 btbsr
965 824 1017 883 m.
1034 826 1126 895 capnt
1142 824 1180 887 ll.
1531 831 1592 891 143
1704 864 1709 878 .

241 1018 379 1087 najomm,
399 1028 482 1086 qnam
499 1019 530 1067 st
545 1010 633 1079 major
649 1007 736 1063 babet
751 1002 943 1061 sci-minorem
977 998 1058 1069 urst
1077 999 1149 1057 enlm
1170 1000 1198 1055 in
1214 998 1268 1055 isse
1284 999 1406 1055 neuma
1428 1000 1593 1071 promemus

244 1107 280 1154 est
295 1095 436 1168 proportio
453 1092 559 1163 melem,
576 1090 605 1145 id
623 1090 652 1145 in
669 1091 765 1141 nostra
782 1081 903 1138 sectione
920 1080 1027 1139 musica
1042 1087 1085 1136 est
1102 1078 1221 1150 qualitas
1234 1077 1337 1144 eadem,
1355 1092 1425 1148 quse
1443 1094 1593 1135 consonan-

242 1180 286 1246 tia,
303 1174 510 1241 concordantia,
529 1166 719 1239 congruentis,
742 1159 884 1216 harmonia
902 1157 1008 1228 (licitur.
1044 1159 1115 1215 care
1133 1167 1224 1215 amau
1242 1158 1425 1218 subsumseris
1442 1174 1592 1215 cousouan·

243 1258 298 1309 tiam
315 1252 409 1323 specie
427 1250 557 1317 eandem,
576 1248 649 1301 sicut
666 1242 722 1297 illic
739 1236 880 1309 proportio
899 1241 943 1291 eat
958 1236 1047 1291 unica
1338 1296 1344 1303 .
1456 1298 1459 1305 .

319 1334 437 1387 Veteres
455 1329 540 1399 hujus
559 1323 688 1381 sectionis
705 1336 762 1373 non
778 1316 958 1372 meminerunt
973 1314 1028 1370 hoc
1045 1318 1142 1383 sensu,
1167 1312 1232 1383 quia
1253 1327 1331 1368 veras
1354 1304 1592 1372 consonantiarum

246 1426 335 1466 ramas
354 1410 543 1476 nesciverunt3
561 1405 594 1460 tle
612 1404 733 1473 ipsorum
751 1412 815 1452 sero
835 1397 954 1451 sections
971 1393 1090 1449 chordae
1108 1408 1220 1462 agemus
1238 1393 1359 1449 inferius.

317 1485 488 1561 Proposi
499 1485 553 1541 tio
575 1478 634 1539 IX.
679 1474 778 1536 sectio
794 1470 920 1531 chordas
942 1473 970 1527 in
985 1477 1085 1547 partes
1101 1468 1174 1529 (luas
1189 1469 1329 1546 aequales
1350 1476 1397 1535 est
1414 1467 1592 1529 hermonien.

316 1572 386 1623 liam
409 1566 475 1637 qnia
496 1568 589 1635 partes
612 1557 741 1629 aequales
769 1568 864 1611 sonum
887 1555 972 1608 edum
995 1552 1112 1607 eundem
1140 1552 1169 1605 in
1197 1568 1252 1607 una
1276 1550 1367 1621 aliqua
1395 1551 1519 1606 tensione
1543 1566 1593 1621 per

248 1649 338 1702 arium
357 1648 384 1715 2,
402 1652 463 1700 tota
480 1660 545 1699 sero
565 1648 607 1697 est
619 1638 787 1709 singularum
804 1632 897 1703 dupla,
916 1634 1049 1685 consonat
1064 1629 1146 1699 igitur
1157 1628 1275 1703 identice
1394 1646 1593 1707 wr-

250 1744 291 1780 tan
316 1742 413 1780 earum
440 1715 630 1793 unaquaque,
647 1733 697 1789 per
722 1730 801 1787 prop.
823 1716 850 1768 i:
870 1718 932 1765 'tres
958 1710 1041 1779 igitur
1071 1707 1274 1779 consonantias,
1522 1694 1594 1737 -ἶ

252 1821 314 1872 parre
331 1819 386 1875 per
404 1803 591 1859 definitionem
608 1798 711 1855 chorda
729 1801 804 1850 secta
822 1796 864 1847 cat
881 1786 1082 1857 harmonicef)
1327 1764 1593 1831 —2523

1274 1940 1594 1953 ψ

949 1976 1273 1988 ——n—-—

1107 2002 1116 2035 l
1425 2003 1433 2039 Ι
1449 2008 1452 2027 l

316 2122 542 2203 Prop'ositio
563 2118 606 2185 X.
652 2116 752 2179 Sectio
776 2112 901 2174 chordae
925 2112 955 2169 in
978 2108 1052 2171 duas
1068 2118 1181 2189 partes,
1211 2112 1408 2191 proportionis
1433 2108 1490 2171 du·
1565 2108 1572 2142 ¹

248 2214 310 2289 pise,
341 2222 389 2274 est
410 2210 590 2273 harmonica.
1137 2245 1139 2253 .

280 2324 284 2332 ·
317 2298 417 2351 Partes
435 2294 508 2349 enim
525 2290 608 2359 buius
625 2282 810 2357 proportionis
834 2287 986 2335 consonant
1007 2279 1126 2335 identics
1143 2296 1193 2351 per
1211 2295 1288 2351 prop.
1308 2284 1333 2337 l.
1347 2293 1490 2342 z

248 2376 277 2428 lit
290 2376 351 2444 quia
367 2391 434 2445 pars
451 2374 539 2443 major
557 2377 600 2424 est
616 2365 701 2435 dupla
718 2361 844 2425 minoris,
868 2351 927 2413 tota
944 2357 1026 2427 igitur
1044 2366 1087 2413 est
1112 2357 1194 2429 tripla
1211 2359 1331 2415 minoris.
1347 2354 1490 2477 ᾗ

248 2455 289 2508 Est
303 2456 386 2523 igitur
402 2454 439 2509 sd
455 2454 604 2519 minorem,
628 2452 660 2500 ut
674 2440 795 2501 circulus
813 2439 849 2495 ad
866 2446 974 2507 partem
990 2438 1124 2507 uigonioo
1141 2438 1229 2495 intere
1246 2455 1333 2495 resso-
1389 2446 1391 2451 ’

248 2543 298 2597 um,
314 2544 342 2589 et
360 2550 521 2602 consonam,
545 2546 595 2599 per
613 2521 785 2583 corollarium
804 2520 928 2581 munaum
954 2532 987 2573 es
1006 2517 1052 2573 itis
1070 2516 1180 2586 prioris,
1202 2532 1289 2586 quare
1307 2525 1335 2573 et

249 2614 298 2679 ipss
313 2620 372 2669 tots
389 2612 463 2683 parti
480 2610 579 2665 minori
596 2608 788 2669 consona-est,
806 2604 856 2669 per
868 2614 912 2655 ιι.
924 2601 948 2655 b.
1026 2604 1125 2651 nsonat
1136 2596 1221 2666 igitur
1232 2598 1333 2667 atejus
1401 2652 1488 2661 *-

250 2692 347 2762 inplae,
372 2709 410 2748 sc.
428 2690 554 2756 residuo,
579 2703 630 2758 per
645 2696 757 2755 propos.
776 2681 802 2737 l.
838 2679 907 2735 Tros
924 2676 1009 2745 lpum
1029 2691 1081 2745 par
1097 2680 1167 2731 bano
1184 2677 1333 2731 santionem
1419 2675 1488 2733 -Ξ

251 2772 428 2827 comonantise
444 2769 661 2833 constituuntur,
680 2776 745 2829 ergo
763 2765 815 2815 eta
1015 2805 1019 2815 .
1265 2780 1267 2785 ·
1346 2738 1485 2789 ‘’3‘'

320 2880 537 2960 Propositio
560 2876 618 2935 XI.
664 2870 763 2932 Sestio
786 2864 914 2928 chordas
935 2866 965 2922 in
989 2863 1063 2924 (luas
1086 2870 1192 2941 partes,
1224 2866 1418 2943 proportionis
1441 2858 1488 2924 inss·
1564 2860 1572 2893 ¹

254 2977 285 3024 ter
303 2986 332 3027 se
354 2970 478 3046 triplae,
502 2971 554 3027 est·
569 2960 748 3023 harmonica.
1508 2966 1522 3001 a

322 3052 391 3105 Nam
409 3047 617 3120 quiapartes*1
638 3050 666 3098 et
683 3042 699 3098 3
718 3043 783 3094 sunl
801 3032 962 3113 atlinricem
980 3040 1012 3091 ut
1028 3048 1093 3102 pars
1106 3032 1201 3088 circuli
1213 3048 1333 3099 consona
1347 3048 1471 3093 :31
1566 3036 1570 3143 4

255 3127 383 3199 tltotum,
401 3129 593 3186 consonabunt
610 3133 638 3180 et
655 3124 732 3193 ipsae
750 3120 821 3173 inter
838 3131 881 3178 se.
904 3126 955 3185 per
973 3129 1016 3167 ax.
1036 3114 1060 3167 5.
1097 3112 1134 3166 Et
1153 3112 1216 3180 quia
1237 3115 1248 3167 1
1270 3112 1332 3166 etii
1440 3108 1471 3139 ¹·
1579 3144 1592 3179 ,

255 3207 341 3264 lauant
356 3210 382 3279 t,
400 3225 466 3279 pars
482 3211 494 3264 1
514 3224 577 3263 cum
594 3207 653 3259 toto
671 3200 688 3254 t
707 3194 867 3253 consonabit
885 3208 936 3263 per
953 3190 1088 3247 sniumei
1109 3196 1137 3244 et
1153 3204 1203 3259 per
1213 3206 1292 3263 prop.
1307 3191 1332 3253 3,
1385 3192 1471 3201 “-“”

324 3290 448 3359 Denique
472 3288 539 3359 quia
561 3282 699 3341 residuum
724 3280 740 3331 3
767 3274 899 3331 consonat
925 3285 986 3326 cum
1011 3275 1090 3338 parte
1115 3269 1143 3341 1,
1175 3268 1335 3323 consonabit

257 3369 398 3442 ptitrrrsonm
416 3368 476 3437 ejus
494 3363 648 3435 quadruplo
666 3362 692 3429 4,
710 3373 748 3413 sc.
767 3371 829 3411 cum
847 3360 907 3409 tota
918 3349 1029 3409 chorda
1066 3348 1156 3417 Quare
1171 3348 1259 3405 ethic
1276 3354 1333 3403 tres
1346 3334 1490 3507 ξ
1530 3292 1536 3571 Ι

257 3456 305 3502 sunt
319 3451 519 3504 consonantiae·
785 3514 789 3524 β
828 3481 832 3494 .
1456 3430 1490 3499 i:

1579 2583 1593 2617 1

325 3623 540 3704 Propositio
562 3616 637 3678 XII.
690 3614 789 3675 Sectio
820 3610 946 3672 chordae
975 3611 1009 3678 in,
1039 3606 1120 3681 (luas
1147 3614 1259 3685 partas,
1293 3612 1491 3687 proportionis
1550 3606 1554 3713 Ι
1583 3644 1592 3677 1

259 3714 316 3774 iuter
336 3734 367 3776 se
391 3708 588 3793 quadruplae,
612 3712 656 3765 est
679 3703 859 3763 harmonica.
1309 3736 1310 3741 η
1520 3756 1525 3767 ,

324 3800 394 3855 Nam
412 3797 478 3867 quia
493 3798 586 3864 partes
604 3794 669 3842 sunt
686 3786 716 3839 in
733 3781 886 3855 quadrupla
897 3795 987 3849 prop,
1006 3782 1158 3833 consonant
1170 3775 1252 3846 igitur
1264 3777 1335 3833 iuter
1348 3793 1491 3858 35&ss
1510 3820 1522 3856 ⁵

260 3880 415 3947 aeidentice,
444 3890 494 3947 per
510 3886 587 3943 prop.
606 3868 631 3935 3,
655 3872 682 3920 et
700 3854 797 3935 quia'1
822 3862 885 3936 etit
897 3858 1001 3914 iaciunt
1019 3858 1049 3924 b,
1075 3870 1139 3921 orgo
1157 3870 1221 3923 pars
1242 3858 1251 3911 l
1273 3852 1490 3976 cumilsstzt
1577 3892 1595 3924 ,,

260 3962 331 4015 aab
349 3960 492 4022 consonat,
509 3966 560 4021 per
576 3948 684 4003 axioma
701 3948 725 3999 1.
744 3950 773 3999 et
790 3940 963 3999 corollarium
986 3936 1097 3991 dictum.
1134 3934 1225 4001 Quare
1241 3938 1334 3991 totab
1384 3936 1490 3945 ...-

261 4046 370 4093 consonat
390 4034 473 4089 etiam
498 4044 560 4084 cum
581 4024 668 4095 partis
693 4025 706 4079 1
735 4019 888 4093 quadrupla
904 4018 936 4082 l,
961 4030 1011 4085 per
1035 4028 1076 4083 pr.
1095 4013 1120 4066 4.
1157 4010 1224 4071 Tres
1252 4009 1335 4081 igitar
1401 4044 1489 4055 ...-

263 4112 311 4169 imt
325 4111 526 4170 consonantiae.
562 4104 637 4175 Ergo
656 4109 707 4158 etc
975 4084 979 4095 ’
1346 4044 1490 4216 ξ
1520 4120 1524 4127 -

327 4258 543 4343 Propositio
567 4256 656 4319 XIII.
703 4254 801 4315 Sentio
834 4245 959 4313 chordae
987 4248 1018 4305 in
1045 4242 1119 4305 duas
1147 4250 1261 4319 partes,
1292 4238 1490 4323 proportionis
1530 4246 1555 4352 ‚l

263 4352 316 4413 iuter
336 4374 367 4415 sc
389 4348 582 4431 quintuplae,
606 4353 651 4407 est
671 4342 849 4403 harmonica

326 4438 394 4492 liam
413 4434 478 4505 quia
495 4448 559 4503 pars
578 4438 620 4485 est
640 4430 662 4495 l,
680 4423 820 4481 residuum
838 4423 868 4490 b,
886 4416 991 4473 habent
1007 4413 1090 4483 igitur
1107 4412 1318 4485 proportionem,
1341 4432 1423 4487 quam
1441 4419 1491 4477 εῖτ.
1533 4358 1538 4463 Ι

265 4514 320 4571 colna
335 4523 410 4570 totus
436 4514 472 4568 ad
489 4518 596 4581 partem
618 4512 827 4571 consonantem,
849 4514 900 4571 per
918 4513 961 4552 ax.
981 4497 1006 4551 l.
1032 4500 1061 4548 et
1085 4488 1256 4547 corollarium
1407 4532 1438 4565 ,-

266 4590 347 4650 listina
382 4594 475 4661 Quare
493 4597 521 4644 et
536 4590 614 4658 ipsae
632 4586 704 4640 inter
721 4598 751 4636 se
770 4592 906 4636 consonae
924 4581 1000 4644 sunt,
1025 4586 1076 4643 per
1094 4584 1138 4624 ax.
1157 4570 1192 4625 bs
1219 4568 1257 4624 Et
1295 4521 1438 4623 ssi:

266 4673 416 4743 trisparsi
442 4686 504 4725 cum
520 4666 632 4723 residuo
652 4667 667 4719 b
690 4661 758 4716 iacit
780 4661 912 4726 btotum,
935 4656 1018 4723 igitur
1041 4662 1100 4721 (par
1119 4666 1163 4707 ax.
1186 4654 1209 4707 t.
1228 4656 1257 4705 st
1334 4652 1439 4696 -Ἳ
1511 4674 1524 4710 ,

267 4754 420 4813 corollarium)
444 4762 509 4821 pars
526 4750 541 4803 1
561 4748 696 4802 consonat
717 4755 779 4795 cnm
800 4742 858 4795 toto
876 4737 902 4791 6.
937 4735 975 4789 Et
994 4732 1057 4803 quia
1081 4728 1255 4785 residuumi
1435 4772 1436 4779 ,
1548 4784 1550 4795 .

267 4832 336 4886 moi
353 4840 478 4901 quartam
501 4831 607 4896 partem
631 4821 666 4877 (le
683 4828 743 4875 toto
761 4814 862 4872 circulo
882 4815 898 4869 6
922 4810 1041 4883 (scilicet
1061 4806 1096 4865 ad
1122 4806 1153 4877 ll
1173 4804 1256 4875 hujus
1350 4830 1491 4872 -Ξ

267 4902 442 4977 liusionislut
459 4903 576 4962 circium
593 4908 670 4957 totus
688 4899 722 4953 10
739 4894 774 4951 ad
792 4899 897 4963 partem
920 4903 1068 4947 consonam
1086 4886 1118 4949 ³.
1145 4899 1195 4954 per
1212 4900 1255 4939 co·
1294 4833 1491 4965 Ξξςς

267 4983 390 5059 r⁰llsrinm,
417 4999 503 5059 quare
516 4989 559 5058 ⁸et
583 4976 757 5035 residuumb
784 4986 846 5027 cum
871 4978 931 5026 toto
959 4970 975 5024 6
1002 4960 1175 5031 consonabit,
1206 4956 1255 5034 per
1296 4923 1491 5025 -†-·‘÷3·
1533 4892 1537 4995 l

268 5077 323 5135 imp.
339 5072 362 5124 l.
394 5064 448 5122 Vel
466 5062 540 5133 quod
557 5058 653 5117 eodem
670 5053 754 5117 redit,
779 5048 843 5121 quia
860 5048 1000 5106 residuum
1018 5047 1034 5103 5
1053 5049 1096 5099 cst
1118 5041 1153 5096 ad
1170 5038 1253 5095 totius
1277 5038 1370 5095 circuli
1388 5038 1404 5095 6
1423 5036 1535 5108 duplum
1556 5034 1597 5103 12,

268 5148 362 5215 upm
384 5159 506 5203 consona
530 5140 566 5219 ad
592 5147 696 5202 totum,
722 5147 773 5203 per
795 5128 979 5193 corollarium,
1005 5136 1091 5205 quare
1114 5126 1142 5175 ot
1165 5114 1218 5173 boc
1238 5117 1412 5173 residuumb
1437 5112 1598 5172 consonabit

268 5238 451 5257 s-—--u——-¹-

303 5302 400 5358 'itione
412 5314 443 5347 ex
453 5302 541 5344 nudes
553 5300 634 5342 nostre
645 5295 732 5338 astat·
745 5286 905 5340 muoparon
919 5294 949 5327 aa
963 5280 1123 5333 montibus,
1137 5284 1207 5321 unns
1219 5280 1300 5330 raptos
1312 5274 1430 5317 bubona
1462 5290 1466 5305 ·
1580 5282 1583 5289 ·
