4242 6384
756 753 839 810 Liber
855 756 899 811 w.
921 758 1015 826 caput
1026 756 1076 815 Ill.
1528 756 1591 816 lli

249 944 373 989 sonoram
396 934 600 1008 proportiones
622 932 718 1009 iisque
740 942 846 995 nature
869 934 996 994 bominis
1018 934 1181 994 delectatur
1203 932 1364 1011 impensius
1387 930 1591 1015 exprimendis,

248 1017 275 1075 it
294 1016 372 1090 iude,
407 1022 479 1093 quia
500 1036 590 1080 sonos
613 1018 661 1080 rel
689 1025 816 1082 maxims
838 1025 1037 1100 inpotcatatc
1068 1022 1157 1082 babet
1186 1023 1320 1080 animans
1343 1022 1450 1090 omnis,
1483 1021 1592 1095 quippe

248 1107 313 1163 intra
338 1124 371 1165 re
401 1107 558 1179 formatos,
586 1110 625 1168 ab
653 1110 726 1184 ipsis
755 1109 931 1185 praecordiis
961 1114 1100 1182 emissos,
1132 1108 1170 1167 ad
1200 1124 1316 1167 ornnem
1344 1108 1450 1171 mentis
1479 1112 1591 1179 nutum,

248 1209 348 1250 omnem
371 1193 470 1253 cordis
491 1202 602 1255 motum
625 1198 846 1271 promtissimus,
871 1205 901 1256 et
923 1196 1003 1273 quod
1026 1200 1107 1275 prius
1131 1196 1250 1269 dictum,
1275 1196 1346 1271 quia
1367 1197 1592 1253 instrumentum
1687 1186 1698 1203 ⁸

248 1282 323 1337 etiam
344 1288 451 1341 nactus
474 1290 520 1341 est
541 1284 734 1359 aptissimum,¹
757 1288 857 1358 guttur
878 1287 909 1341 in
932 1284 1053 1359 longum
1076 1291 1251 1361 porrectum,
1274 1285 1366 1341 instar
1388 1280 1514 1340 chordae
1538 1298 1592 1339 seu

247 1369 331 1439 potius
359 1368 492 1444 listulas,
522 1388 583 1445 qua
604 1374 634 1429 in
658 1369 846 1447 longitndine
873 1372 1024 1431 rectilinea
1054 1387 1112 1430 vox
1135 1388 1250 1477 sursum
1273 1369 1408 1433 deorsum
1439 1376 1516 1427 errat
1539 1384 1593 1426 ax-

248 1453 427 1530 psditiaaime.
674 1503 677 1509 ,

319 1540 506 1619 Generaliter
530 1552 651 1605 autem
660 1545 691 1602 in
718 1547 854 1606 omnibns
884 1547 987 1617 rebus,
1017 1547 1048 1603 in
1071 1545 1178 1621 quibus
1201 1545 1351 1621 quantitas
1378 1551 1408 1601 et
1431 1539 1592 1601 secundum

246 1646 299 1687 um
324 1609 498 1689 humaniue
526 1634 628 1708 quaeri
651 1641 790 1713 possunt,
820 1636 919 1693 insunt
947 1634 1016 1693 illac
1046 1632 1139 1691 multo
1170 1632 1367 1691 evidentiores
1397 1646 1449 1707 per
1471 1634 1593 1701 motum,

246 1733 321 1789 quam
342 1720 410 1777 sine
432 1726 523 1777 motu.
567 1719 643 1779 Nam
672 1721 728 1779 etsi
755 1723 832 1780 inest
862 1724 893 1781 iu
924 1719 1118 1797 unaqualibet
1140 1718 1217 1779 linea
1239 1728 1318 1777 recte
1340 1717 1405 1791 ejus
1428 1714 1591 1789 dimidium,

246 1805 334 1875 ιιιιίι,
363 1816 488 1883 quarta,
521 1809 639 1881 quinte,
669 1815 754 1866 sexta
776 1824 935 1885 earumque
958 1807 1156 1884 multiplices,
1183 1808 1277 1887 latent
1306 1812 1404 1863 tamen
1434 1820 1487 1863 eae
1517 1803 1593 1861 iuter

246 1900 330 1965 partes
353 1891 447 1964 alias,
478 1896 531 1953 toti
561 1895 882 1968 incommensurabiles,
914 1899 942 1951 in
972 1912 1033 1957 nna
1061 1906 1091 1954 et
1113 1894 1215 1953 eadem
1239 1894 1409 1951 contusione
1439 1908 1504 1951 curn
1527 1898 1591 1949 tota

247 1981 279 2035 ric
303 1978 512 2059 absconditae,
542 1990 574 2040 nt
600 1984 626 2040 si
656 1983 783 2043 maxime
812 1984 941 2043 secunda
970 1982 1047 2041 linea
1077 1982 1210 2057 aequalis
1241 1981 1437 2057 aliquolaram
1465 1980 1593 2055 partirem

248 2064 320 2123 dirui
343 2074 406 2127 stet
431 2067 518 2143 juxta
540 2075 650 2139 totam,
677 2070 760 2129 verbi
788 2088 879 2129 causa
909 2071 990 2129 trabs
1011 2070 1241 2146 superliminaris
1271 2069 1357 2127 trium
1380 2064 1488 2143 pedum
1507 2066 1593 2140 juxta

249 2160 349 2226 postem
373 2156 511 2229 quinam,
543 2156 608 2231 ejus
631 2165 728 2216 tamen
751 2161 901 2235 proportio
922 2158 960 2216 ad
984 2166 1078 2217 totam
1101 2174 1158 2215 non
1182 2159 1224 2214 ita
1246 2155 1332 2214 laeile
1354 2156 1531 2223 innotescat,
1561 2168 1596 2211 ac

249 2243 384 2299 amotus
407 2241 515 2317 aliquis
538 2244 757 2320 comparabiles
774 2244 973 2320 longitudines
995 2246 1156 2317 discernat,
1181 2244 1341 2303 constituat
1363 2250 1393 2301 et
1414 2240 1594 2299 determinet

251 2325 335 2386 Caura
357 2327 436 2388 baec
458 2338 511 2402 cst,
532 2331 616 2406 quod
637 2332 688 2391 ubi
712 2336 863 2407 quantitas
885 2342 931 2392 est
953 2335 1016 2391 sine
1038 2340 1120 2391 motu
1143 2329 1302 2389 secundum
1326 2344 1404 2403 eam,
1424 2328 1464 2387 ibi
1488 2327 1594 2407 omnia,

251 2431 314 2487 qaae
341 2417 444 2474 insunt
476 2419 504 2473 in
535 2420 715 2495 quantitate,
746 2421 834 2478 simul
863 2428 931 2479 sunt
959 2420 1061 2479 eodem
1094 2427 1240 2495 tempore,
1271 2433 1373 2475 omnes
1401 2432 1441 2473 sc.
1466 2417 1591 2491 partium

251 2504 365 2561 omnium
398 2506 602 2580 proportiones
629 2506 667 2563 ad
697 2514 808 2579 totum3
838 2516 871 2565 at
901 2510 926 2565 si
956 2508 1107 2582 quantitas
1134 2496 1235 2581 aliqua
1266 2512 1347 2562 motu
1370 2501 1499 2577 quodam
1528 2518 1596 2579 per-

251 2592 384 2660 transitur,
409 2597 487 2649 tunc·
501 2589 546 2669 (ut
567 2600 613 2651 est
634 2600 731 2652 motus
753 2591 893 2670 essentia)
915 2612 993 2670 quae
1015 2595 1207 2669 pertransitus
1221 2599 1288 2649 aaut
1305 2592 1516 2667 proportiones,
1539 2605 1595 2648 eae
1650 2634 1657 2648 .

250 2692 295 2733 non
315 2688 385 2735 suut
408 2678 549 2755 amplius,
578 2698 656 2754 quae
686 2681 815 2739 nondum
842 2690 911 2741 sunt
934 2683 1142 2757 pertransitus,
1175 2678 1303 2737 nondum
1335 2678 1424 2737 etiam
1448 2684 1530 2747 sunt,
1563 2682 1594 2733 et

250 2778 298 2822 una
316 2767 443 2839 quaevis
465 2770 615 2843 proportio
636 2767 702 2827 sola
724 2776 782 2839 est,
806 2786 873 2827 oum
896 2778 993 2828 matus
1016 2770 1046 2824 iu
1069 2768 1133 2842 ejus
1157 2768 1282 2839 vestigia
1305 2766 1446 2841 pervenit.
1490 2762 1538 2821 lta
1562 2758 1596 2821 at

251 2855 422 2910 mcmssioae
446 2862 594 2924 motuum,
623 2864 654 2913 ut
678 2854 867 2915 enucleentur
892 2856 1095 2933 proportiones
1124 2854 1321 2911 harmonicae
1340 2852 1378 2910 ab
1402 2852 1594 2920 inconcinnis,

252 2946 275 2995 et
291 2946 420 2999 secretae
441 2957 460 2998 a
481 2944 609 3001 mixtura
630 2940 755 3013 illarum,
779 2942 872 3001 veluti
895 2961 985 3020 purae
1007 2944 1037 2999 in
1060 2940 1125 3001 luca
1148 2942 1362 2999 corratituantur
1391 2936 1487 3013 adque
1510 2954 1594 2996 ccm-

253 3024 474 3097 prebendendnm
496 3030 632 3089 sensibus
654 3031 885 3104 arpomigantur.
929 3030 1073 3103 Adeoque
1095 3046 1134 3087 ne.
1147 3044 1228 3089 mens
1248 3030 1312 3105 ipsa
1329 3024 1447 3101 quidem
1471 3027 1500 3081 in
1526 3023 1596 3083 data

253 3115 400 3182 quantitate
425 3118 628 3190 proportiones
650 3116 834 3177 barmonices
868 3119 931 3176 sine
954 3116 1082 3193 quadarn
1116 3124 1212 3175 motus
1240 3116 1366 3189 imagine
1395 3111 1534 3171 discernit
1556 3111 1594 3169 ab

254 3199 417 3259 inconcinnis
444 3202 579 3274 induitis,
609 3212 678 3263 ante
706 3212 736 3263 et
758 3214 825 3282 post
846 3207 1013 3278 stantibus,
1041 3203 1095 3263 sed
1125 3204 1307 3280 pertransitis
1329 3196 1426 3283 (verbi
1449 3216 1539 3259 causa
1561 3200 1590 3255 in

254 3282 360 3367 circulo)
382 3289 534 3348 subtensis
559 3290 697 3364 infinitis,
726 3294 755 3349 in
784 3292 927 3361 subtensa
956 3294 1059 3351 tertiae
1089 3300 1141 3351 ant
1172 3297 1294 3365 quartae
1321 3289 1411 3365 partis
1441 3286 1540 3345 circuli
1563 3296 1593 3343 et

254 3372 379 3433 similibus
403 3392 529 3451 operosa
558 3385 603 3436 est
625 3379 747 3455 ejusque
770 3378 1048 3439 demonstrationem
1079 3380 1204 3452 exquirit
1232 3384 1421 3453 praestatque
1450 3376 1592 3447 cogitatu,

255 3460 317 3531 quod
336 3471 470 3537 praestat
491 3481 596 3523 manus
619 3466 708 3525 ducta
729 3465 821 3541 linea,
850 3476 883 3525 nt
907 3480 972 3527 eam
994 3467 1051 3526 boc
1073 3474 1141 3525 actu
1170 3472 1302 3524 secernat
1332 3464 1370 3523 ab
1393 3460 1512 3521 infinitis
1535 3476 1594 3517 non

256 3550 372 3609 totitatis
403 3562 435 3609 et
455 3568 514 3609 non
538 3550 650 3624 ductis,
679 3561 711 3613 ut
734 3554 798 3628 eius
828 3540 1049 3629 congruentiam
1080 3562 1131 3611 aut
1154 3553 1399 3627 incongruitatem
1431 3549 1594 3607 seorsima

256 3637 340 3692 uteris
362 3654 445 3695 mens
467 3640 624 3700 intueatur.

324 3722 410 3782 Mens
440 3725 558 3800 quidem
587 3728 645 3785 ista
670 3734 782 3802 potest,
807 3730 877 3801 quia
904 3726 1057 3786 voluntate
1081 3728 1170 3784 utitur
1200 3740 1313 3799 auoque
1336 3724 1479 3781 arbitratu
1507 3720 1596 3779 saltet

257 3806 278 3862 in
296 3808 342 3869 illa
363 3815 559 3887 quantitatum
587 3813 700 3872 infinita
723 3814 881 3885 divisione,
911 3832 988 3891 quae
1017 3823 1081 3885 tota,
1111 3814 1199 3871 menti
1224 3810 1310 3869 simul
1339 3820 1458 3887 prae-sto
1489 3816 1535 3867 eat
1557 3806 1596 3867 ad

258 3897 440 3969 rogitandum,
470 3902 620 3960 tensiones
652 3917 723 3961 vero
752 3904 1014 3977 perceptionesqne
1044 3900 1121 3959 aliae
1150 3897 1316 3967 naturales,
1349 3903 1446 3957 motus
1469 3894 1596 3969 denique

259 3997 408 4057 torpomm,
439 4003 491 4061 per
513 4004 588 4062 qnos
610 3986 789 4063 adjuvantur
817 3974 1034 4063 perceptiones,
1063 4002 1120 4044 non
1149 3989 1191 4044 aie
1219 3988 1247 4042 in
1272 3986 1427 4042 animantis
1450 3989 1596 4058 potestate

259 4078 323 4141 sunt,
352 4082 402 4143 ut,
433 4075 459 4129 ai
481 4073 585 4133 infiniti
608 4077 673 4135 soni
705 4084 756 4134 aut
783 4077 917 4135 binorum
941 4074 1124 4150 planetarum
1155 4072 1285 4131 infinitae
1309 4070 1513 4145 angulationes
1546 4080 1597 4144 per

261 4160 457 4218 totuncirculi
481 4162 624 4221 ambiana
654 4163 741 4221 simul
772 4162 875 4223 eodem
898 4171 1029 4239 ternpore
1064 4164 1138 4219 inter
1161 4176 1192 4217 se
1216 4158 1355 4217 contusae
1379 4164 1492 4225 essent,
1522 4171 1595 4230 poe-

261 4244 303 4300 aiut
321 4263 351 4303 se
371 4246 537 4307 subducere
560 4268 577 4307 a
601 4248 754 4323 rejecticiis
776 4253 865 4325 inque
886 4250 967 4308 solos
988 4248 1139 4325 placentes
1162 4262 1227 4307 sese
1243 4248 1387 4321 recipere;
1411 4260 1485 4319 opas
1508 4244 1598 4317 igitur
1679 4316 1682 4332 .

263 4326 351 4391 habent
371 4342 463 4408 motu,
487 4353 546 4411 quo
569 4336 766 4397 intercedente
787 4340 894 4409 omnia,
916 4356 993 4413 quae
1016 4335 1190 4413 quantitatis
1214 4350 1304 4393 carisa
1327 4332 1475 4392 contusae
1489 4342 1596 4401 emeat,

263 4431 301 4486 ier
320 4429 450 4497 tempora
472 4423 858 4497 succedentiaerolvantur,
882 4424 1045 4499 utsingula
1059 4422 1127 4483 sola
1145 4422 1279 4481 sensibus
1302 4419 1444 4479 accident.
1485 4416 1598 4491 Quodsi
1638 4466 1641 4471 r

266 4504 324 4563 oculi
345 4508 438 4567 simile
468 4510 538 4583 quid
567 4513 658 4569 menti
680 4519 819 4587 possunt,
851 4520 884 4571 ut
915 4530 953 4573 ex
975 4512 1146 4571 confusione
1178 4508 1291 4567 infinita
1313 4524 1372 4567 nna
1401 4507 1598 4583 praesentium

267 4592 313 4648 aine
332 4604 410 4654 motu
440 4594 552 4671 eligant
580 4600 795 4673 praestantiora
822 4594 872 4678 (ut
902 4601 926 4657 si
949 4616 1088 4661 manuum
1117 4612 1187 4655 neae
1211 4596 1388 4666 ministerio,
1420 4612 1455 4652 ex
1479 4592 1598 4650 inlirritis

268 4678 344 4737 duali
364 4685 514 4743 subteusis
536 4686 728 4761 possibilibus
751 4684 862 4760 eligant
875 4684 1079 4761 delineentque
1095 4685 1267 4743 subtensam
1286 4684 1389 4747 tertiae
1405 4682 1490 4757 parti,
1519 4678 1598 4737 latua

268 4778 297 4822 tt.
314 4767 476 4852 uimgnli),
500 4770 530 4829 id
552 4775 647 4849 ipsum
670 4790 729 4831 non
752 4782 812 4833 tam
837 4772 923 4845 oculi,
948 4791 1036 4848 quam
1058 4788 1140 4831 mens
1165 4772 1303 4845 ipseper
1326 4766 1427 4828 oculos
1451 4764 1598 4827 censenda

270 4854 416 4931 reticuere,
440 4875 495 4917 nec
517 4859 574 4919 boc
595 4859 715 4935 plane
707 4862 805 4919 sinc
794 4872 889 4929 motu
914 4868 947 4919 nt
970 4860 1044 4929 diri,
1068 4874 1217 4917 manuum

335 4940 371 5002 Ut
392 4947 482 5020 igitur
505 4946 582 5006 banc
604 4946 841 5007 observationem
864 4947 1009 5022 prioribus
1030 4945 1229 5023 pronunciatis
1253 4941 1449 5017 applicemus,
1474 4945 1598 5017 oportet,

272 5023 289 5076 si
305 5042 342 5087 ιιι
362 5032 464 5107 aliqua
486 5036 646 5109 genuinum
668 5034 757 5096 debet
779 5051 845 5093 ease
867 5034 1032 5110 subjectum
1047 5032 1241 5135 proportionis
1264 5029 1459 5101 harmonicae,
1483 5034 1599 5105 oportet

274 5108 650 5196 inquinamentum,
680 5120 894 5197 longitudinem
910 5139 965 5181 ..sc
995 5123 1025 5178 in
1048 5119 1101 5179 illa
1122 5136 1152 5178 re
1176 5120 1271 5176 inesse
1300 5122 1329 5175 et
1358 5118 1443 5191 signe
1473 5132 1538 5175 esse
1560 5112 1599 5175 ad

274 5193 325 5259 bins
341 5208 446 5281 minus,
479 5206 680 5287 silongitndo
704 5206 913 5281 corcuculus,
946 5206 994 5268 vel
1017 5209 1109 5282 trina,
1137 5206 1162 5264 si
1185 5212 1266 5267 recta
1288 5203 1380 5277 linea,
1405 5218 1527 5282 quorum
1550 5202 1600 5324 vol
