4242 6384
478 811 519 874 84
570 882 571 886 Ἰ
918 806 961 862 De
978 805 1141 881 Figurtrum
1157 803 1378 878 Harmonictrum

390 1004 393 1013 ¹
480 985 553 1048 mibi
573 982 739 1049 faciendum
761 985 835 1059 se‘se,
860 989 897 1044 nt
914 985 998 1047 initio
1021 1001 1058 1046 ex
1079 985 1156 1046 libro
1177 983 1291 1051 decmro
1313 981 1444 1046 Euclidis
1466 981 1659 1044 exscriberem
1682 995 1737 1054 ee,
1763 993 1844 1054 quae

480 1073 519 1134 ad
542 1085 681 1152 praesens
704 1073 868 1132 institutum
887 1089 986 1133 meum
1014 1076 1185 1150 praecipue·
1201 1074 1345 1148 fecerent,
1373 1073 1477 1134 seriem
1505 1073 1594 1131 etiam
1620 1085 1725 1129 rerurn
1760 1065 1846 1124 illius

397 1193 402 1204 ·
482 1161 560 1236 libri,
584 1162 669 1222 certis
692 1157 868 1237 quibusdem
891 1160 1049 1238 interjectis
1072 1159 1275 1237 divisionibus,
1297 1162 1328 1219 in
1349 1159 1445 1221 lucem
1465 1159 1631 1238 proferrem,
1655 1171 1774 1216 causas
1798 1153 1848 1210 in-

484 1248 627 1324 dicarem,
660 1265 711 1309 cur
741 1245 885 1326 quaedam
917 1247 1094 1330 divisionum
1122 1249 1254 1312 membra
1273 1248 1313 1308 ab
1334 1247 1458 1309 Euclide
1479 1247 1587 1306 fuerint
1607 1247 1740 1305 omissa:
1775 1248 1850 1299 tnnc

482 1335 598 1397 demum
626 1334 662 1396 de
684 1335 785 1412 figuris
808 1335 880 1412 ipsis
902 1334 1049 1412 agendum
1071 1336 1134 1399 fuit
1178 1333 1237 1396 Ubi
1260 1350 1336 1412 quae
1357 1336 1474 1397 fuerunt
1501 1335 1540 1399 sb
1563 1331 1684 1394 Euclide
1711 1330 1849 1390 demon-

481 1431 574 1484 strata
596 1421 764 1496 clarissime,
788 1423 875 1482 iniis
898 1423 1023 1502 simplici
1036 1426 1271 1500 propositionum
1286 1422 1463 1500 allegatione
1475 1429 1628 1484 contentus
1650 1421 1710 1479 fati:
1736 1415 1848 1486 multa,

483 1529 558 1588 quae
580 1511 709 1570 suntab
732 1507 853 1570 Euclide
877 1509 1076 1571 demonstrata
1098 1514 1148 1571 ria
1174 1508 1250 1586 alia,
1278 1519 1397 1588 propter
1422 1510 1510 1570 finem
1539 1509 1612 1568 mihi
1641 1508 1850 1586 propositum,

483 1598 595 1659 scilicet
615 1605 733 1677 propter
755 1599 1002 1674 comparationem
1023 1598 1183 1676 figurarum
1204 1599 1352 1659 scibilium
1372 1605 1405 1658 et
1426 1596 1620 1676 inscibilinm,
1647 1595 1696 1655 bic
1722 1595 1852 1652 fuerunt

483 1684 649 1764 repetenda,
673 1685 721 1746 vel
743 1683 889 1761 disJuncta
911 1685 1125 1764 conjungenda,
1148 1686 1198 1748 rel
1220 1684 1292 1746 ordo
1314 1684 1481 1750 mutandus.
1518 1684 1748 1754 Definitionum,
1774 1694 1852 1760 pro-

484 1775 671 1852 positionum,
694 1771 907 1832 theorematum
930 1775 1035 1835 seriem
1058 1775 1196 1834 continuo
1218 1790 1419 1836 numerosum
1436 1773 1618 1851 complexus,
1639 1771 1726 1840 utin
1744 1767 1851 1842 Diop-

484 1862 564 1921 tricis
585 1859 651 1932 feci,
673 1859 1012 1938 propterallcgationum
1034 1860 1287 1937 commoditatem
1309 1864 1340 1920 iu
1363 1863 1436 1939 ipsis
1457 1863 1548 1921 etiam
1570 1858 1769 1922 lemmatibus
1786 1870 1851 1912 nou

485 1955 637 2024 accuretur
659 1946 702 2006 fni
723 1963 776 2007 nec
798 1949 919 2008 nimium
942 1948 978 2010 de
1001 1949 1157 2010 vocabulis
1172 1948 1331 2024 sollicitus,
1354 1951 1449 2028 magis
1472 1951 1502 2006 in
1524 1965 1571 2010 res
1593 1949 1675 2026 ipsas
1696 1947 1851 2013 intentus,

487 2037 596 2112 quippe
619 2035 670 2111 qul
691 2049 751 2094 non
769 2035 832 2111 jam
853 2037 883 2094 in
905 2035 1094 2114 pbilosophis
1114 2044 1308 2114 geometram,
1336 2035 1390 2098 sed
1419 2039 1450 2094 in
1472 2037 1529 2097 bac
1551 2035 1734 2112 geometriae
1760 2035 1852 2108 parte

489 2121 698 2200 philosophum
727 2139 822 2200 agam.
866 2123 965 2200 Atque
995 2127 1109 2184 utinam
1136 2123 1173 2184 de
1199 2125 1287 2200 rebps
1315 2126 1501 2201 geometricis
1533 2123 1630 2208 adbuc
1655 2119 1852 2201 popularius,

489 2207 646 2270 dummodo
670 2217 700 2270 ct
721 2208 826 2271 clarius
849 2219 885 2271 ct
903 2207 1090 2289 ‘palpabilius
1111 2210 1255 2274 disserere
1277 2213 1448 2290 potuissem.
1493 2210 1554 2272 Sed
1579 2226 1681 2290 spero,
1711 2208 1853 2267 lectores

488 2313 599 2372 aequos
621 2299 651 2354 in
673 2305 796 2376 ubsque
818 2315 859 2372 re,
883 2307 912 2358 et
934 2299 1014 2376 quod
1028 2301 1214 2377 geometrica
1227 2299 1408 2379 populariter
1428 2297 1522 2374 trado,
1545 2304 1575 2359 et
1597 2295 1676 2374 quod
1698 2294 1853 2354 materiae

492 2385 700 2446 obscuritatem
721 2385 864 2447 industria
877 2389 993 2446 uincere
1009 2389 1175 2464 nonpotni,
1197 2405 1294 2448 meam
1317 2403 1437 2466 operam
1460 2387 1530 2446 boni
1545 2385 1745 2445 consulturos.
1773 2379 1854 2455 Qui-

490 2473 547 2532 bus
571 2473 659 2532 etiam
681 2471 738 2532 boc
760 2473 797 2534 ad
820 2481 980 2533 extremum
1003 2473 1041 2534 do
1065 2473 1189 2549 consilii,
1210 2483 1244 2534 ut
1264 2477 1291 2534 ei
1312 2475 1582 2536 mathematicamm
1601 2475 1700 2532 teram
1722 2470 1853 2548 penites

493 2560 620 2636 imperiti
641 2560 757 2634 fuerint,
785 2563 962 2622 transmissis
987 2562 1222 2622 enarrationibus
1243 2565 1317 2644 meis
1348 2563 1427 2623 solas
1450 2562 1550 2639 legant
1577 2561 1806 2638 propositiones
1835 2571 1854 2610 a

492 2643 602 2708 XXX.
628 2663 728 2732 usque·
744 2645 782 2706 ad
803 2647 900 2724 finem,
923 2657 953 2709 et
975 2648 1032 2710 fide
1054 2651 1304 2728 propositionibus
1325 2649 1398 2728 ipsis
1420 2649 1554 2710 adbibita
1573 2650 1636 2708 sine
1659 2646 1855 2707 demonstra-

491 2736 581 2808 tione,
604 2742 727 2812 pergant
749 2735 787 2795 ad
808 2735 900 2797 libros
923 2727 1050 2810 ceteros,
1080 2740 1253 2816 praesertim
1274 2736 1313 2798 ad
1334 2737 1486 2812 ultimum
1513 2754 1551 2797 ne
1570 2734 1750 2796 difficultate
1767 2747 1854 2808 geo·

491 2823 676 2882 metricarum
706 2826 992 2900 argumentationum
1021 2825 1183 2886 absterriti.
1199 2826 1296 2886 fructu
1323 2842 1389 2886 sess
1415 2828 1531 2904 privent
1560 2823 1751 2907 harmonicae
1777 2834 1853 2879 con-

491 2908 692 2987 templationis
711 2909 938 2987 jucundissimo.
982 2910 1068 2974 Nunc
1087 2912 1128 2973 ad
1149 2931 1210 2975 rem
1232 2913 1407 2975 accedamus
1428 2931 1495 2974 cum
1516 2912 1592 2973 Dee.

1060 3232 1267 3247 tamn-.-

708 3494 759 3568 De
785 3493 989 3584 Figuratum
1015 3493 1241 3604 Regularium
1272 3473 1650 3578 demonstrationibus}

923 3699 949 3761 I.
975 3698 1179 3760 Definitio.
1229 3701 1325 3762 Plana
1352 3703 1447 3783 figure
1477 3704 1698 3786 regularis'illa
1730 3699 1849 3772 betur,

839 3803 915 3863 qnae
942 3789 1040 3850 omnia
1067 3789 1160 3848 latera
1189 3795 1219 3850 et
1246 3809 1346 3853 omnes
1376 3795 1517 3873 angulos,
1549 3802 1712 3861 extrorsum
1734 3804 1849 3861 vemt,

838 3873 976 3951 aequales
997 3874 1098 3935 babet.

740 3954 746 3989 ³
923 3956 959 4012 Ut
977 3956 1021 4012 bic
1035 3957 1152 4028 QPRO:
1180 3959 1267 4017 latera
1284 3961 1344 4032 ΟΡ,
1361 3964 1422 4030 PR,
1441 3964 1502 4036 ΒΟ,
1527 3963 1575 4034 OQ
1593 3971 1657 4021 sunt
1675 3961 1803 4033 aequalis
1821 3962 1849 4013 et

836 4034 928 4106 angor
947 4033 1036 4108 oen,
1050 4033 1138 4107 eae,
1155 4038 1246 4110 noo,
1264 4042 1334 4110 ooo
1352 4045 1491 4114 aequares.
1769 4072 1773 4079 ⁴
1812 4081 1818 4088 -

840 4147 843 4160 ·
920 4110 960 4172 Π.
982 4111 1182 4179 Definitio.
1226 4115 1335 4178 Earum
1355 4120 1502 4197 quaedam
1523 4125 1593 4181 sunt
1613 4117 1725 4196 primae
1747 4123 1779 4184 et.
1798 4131 1849 4173 Ν·

767 4192 770 4203 ’
833 4196 960 4273 dieales,
992 4217 1069 4277 quae
1098 4217 1169 4260 suos
1190 4203 1273 4278 ipsae
1295 4211 1433 4279 termines
1459 4225 1520 4268 non
1550 4205 1708 4279 excedunt,
1740 4203 1849 4282 quibus

497 4285 611 4362 proprie
635 4287 772 4344 convenit
794 4289 891 4364 posits
913 4285 1059 4347 definitio:
1083 4287 1233 4364 quaedem·
1250 4300 1319 4351 suut
1341 4303 1454 4371 auctae,
1478 4313 1625 4373 quassus
1644 4291 1851 4354 vduulatera

497 4367 650 4516 {lacedtunt
667 4372 856 4516 ιἓίἷιέῐίιιιιιιιίε
879 4373 1005 4460 alicujus
1031 4373 1168 4435 radicalis
1195 4371 1337 4441 lateribus
1358 4399 1418 4444 non
1433 4385 1579 4462 contiguis
1601 4381 1640 4443 ad
1656 4393 1848 4443 concursum:

528 4472 582 4516 cun
596 4471 666 4515 urs
738 4474 764 4518 e.

618 4555 667 4606 urg.
681 4555 702 4598 t.
810 4577 813 4586 ι
998 4561 1049 4612 lde·
1062 4559 1084 4604 t.
1312 4553 1349 4610 Ut
1359 4552 1404 4609 bic
1415 4553 1535 4609 abone
1547 4559 1591 4609 est
1610 4552 1759 4624 perfectum
1771 4555 1848 4624 quin·

1223 4633 1391 4713 anangulum
1408 4639 1504 4704 estque
1518 4632 1606 4702 figura
1616 4635 1711 4706 prims,
1728 4649 1784 4691 non
1801 4633 1846 4689 de·

1224 4707 1346 4767 siderans
1364 4712 1444 4768 aliem
1460 4712 1631 4784 perfectam,
1651 4730 1687 4770 ex
1710 4722 1764 4786 qua
1781 4729 1846 4772 con-

1224 4787 1375 4868 camunni
1392 4788 1508 4847 laterum
1524 4792 1698 4862 producatur.

1177 4865 1194 4914 1
1311 4870 1350 4926 At
1372 4869 1489 4928 rum
1518 4879 1562 4929 cst
1588 4873 1792 4945 quinquangula
1820 4876 1847 4928 et

1226 4944 1424 5016 figurandam,
1450 4951 1613 5008 continuatis
1631 4952 1760 5010 lateribus
1777 4951 1846 5016 binis

1227 5041 1284 5082 non
1307 5020 1458 5102 contiguis,
1482 5030 1557 5089 uerbi
1579 5047 1661 5112 cause
1677 5033 1725 5090 AB
1749 5038 1778 5089 et
1799 5026 1847 5088 Dc

1229 5108 1265 5162 ed
1281 5113 1442 5167 coneursum
1459 5109 1482 5168 1.
