4242 6384
743 790 826 848 Liber
841 788 891 848 ΙΙΙ.
911 789 999 862 Caput
1016 787 1091 848 vill.
1243 845 1246 855 ,
1531 797 1592 856 ast

232 965 411 1036 expressisse
429 964 522 1037 ‚magis
547 964 712 1034 emphatice,
741 978 803 1028 eum
829 965 879 1020 ait:
910 982 1038 1022 numeros
1057 966 1164 1023 animae
1181 966 1335 1022 mundanae
1360 932 1469 1034 penitae
1494 967 1595 1025 inditos

233 1063 348 1102 ramam
372 1047 504 1116 praebere
523 1053 551 1101 et
564 1045 692 1100 mundani
711 1053 801 1100 motus
820 1053 848 1100 et
865 1045 985 1100 musicae
1003 1045 1194 1101 continentiae.
1229 1045 1298 1099 Item
1322 1043 1388 1098 alibi
1404 1043 1474 1100 baec
1490 1045 1519 1098 in
1537 1061 1595 1100 cor·

233 1140 302 1192 pore
321 1124 419 1180 mnndi
437 1119 582 1184 intervalla
599 1138 663 1178 esse
686 1122 721 1177 ad
739 1123 886 1192 imaginem
905 1125 1087 1182 contextionis
1105 1125 1223 1194 animee3
1243 1123 1315 1192 qnod
1328 1130 1419 1177 tamen
1436 1124 1524 1192 magis
1535 1139 1594 1192 per·

232 1205 300 1258 tinet
319 1203 361 1258 ad
379 1219 438 1273 cap.
460 1203 501 1258 14.

319 1282 347 1336 N
351 1289 399 1336 ota
416 1283 464 1336 lX.
500 1281 593 1336 Etiam
617 1281 646 1335 in
664 1281 783 1341 secundo
808 1279 860 1334 hoo
879 1287 1037 1350 argumento
1061 1279 1212 1338 condensat
1229 1281 1384 1351 emphanee.
1419 1281 1489 1336 Nam
1507 1288 1535 1336 et
1552 1296 1595 1338 or·

232 1361 325 1414 dinata
352 1359 518 1428 regularitas
542 1359 669 1428 utrinqne
693 1359 846 1414 inculcetur
870 1361 971 1429 obiter,
1000 1370 1027 1416 et
1050 1360 1188 1416 circularis
1207 1361 1340 1416 connexio
1364 1359 1479 1429 prolixe.
1513 1358 1594 1429 Dicit,

232 1439 302 1491 sicut
321 1438 461 1492 motiones
480 1437 615 1494 coelestes
634 1437 785 1506 (zodiacum
803 1448 895 1496 eutem
913 1441 1060 1504 circulum,
1085 1441 1136 1494 sub
1155 1457 1211 1507 quo
1226 1439 1290 1494 illae
1307 1437 1446 1506 incedunt,
1464 1434 1593 1492 subintel·
1629 1462 1635 1474 ι

232 1515 335 1583 tellige)
356 1515 385 1569 in
404 1531 435 1572 ae
451 1515 527 1584 ipsas
545 1513 664 1569 reflexae
682 1517 744 1584 sint,
764 1517 803 1574 sic
815 1518 897 1572 etiam
911 1519 940 1574 in
950 1525 1097 1588 systemate
1108 1518 1232 1588 perfecto
1246 1533 1376 1574 sonorum
1388 1516 1510 1575 ordinem
1528 1531 1593 1586 quo

232 1593 380 1648 dammodo
399 1594 428 1650 in
446 1609 476 1649 ee
493 1593 583 1664 ipsum
600 1593 697 1664 redire,
716 1613 770 1650 non
788 1605 879 1652 umen
892 1597 1053 1653 omnimode.

318 1674 398 1728 Nota
415 1674 450 1728 X.
486 1675 556 1730 Nem
573 1673 691 1742 planeta.
705 1673 813 1742 quidem
838 1691 966 1731 emensus
992 1683 1079 1732 totum
1107 1675 1214 1734 zodiaci
1236 1676 1355 1744 spatium
1381 1675 1453 1730 redit
1475 1675 1504 1732 in
1527 1673 1594 1732 illud

232 1751 322 1820 ipsum
343 1760 488 1822 punctum,
507 1752 558 1807 sub
577 1768 631 1822 quo
650 1754 813 1810 constiterat
828 1753 914 1824 initio,
933 1757 961 1811 et
978 1755 1079 1824 inipso
1093 1753 1204 1809 zodiaeo
1222 1752 1327 1810 initium
1345 1761 1373 1808 et
1386 1753 1447 1809 tinia
1461 1760 1525 1809 sunt
1537 1753 1594 1807 uni·

232 1845 291 1882 cum
311 1837 342 1883 et
362 1829 445 1900 plane
463 1825 610 1887 identicum
629 1822 776 1902 punctum3
797 1841 826 1888 at
841 1834 870 1888 in
887 1833 962 1904 lyrae
980 1834 1055 1889 sonis
1074 1849 1163 1903 neque
1180 1833 1241 1888 loco
1263 1847 1352 1902 neque
1370 1840 1507 1903 potestate
1524 1833 1594 1888 idem

232 1909 313 1976 plane
336 1918 384 1966 est
401 1912 508 1966 initium
527 1928 589 1966 oum
607 1911 670 1966 fine.
707 1912 831 1968 chordae
848 1913 920 1968 enim
937 1912 1086 1983 parallelae
1105 1914 1178 1968 inter
1190 1928 1220 1966 se
1237 1917 1333 1967 tensae
1352 1919 1416 1966 sunt
1428 1913 1522 1968 ordine
1535 1927 1594 1974 suo,

233 2003 247 2040 a
263 1988 391 2044 sinistris
410 1989 445 2042 ad
464 1989 577 2046 dexans
596 1989 716 2046 velutin
734 1989 833 2045 lineam
850 1999 953 2046 rectam
966 1991 1140 2060 procedente,
1158 1990 1205 2045 ubi
1216 1989 1374 2061 longissime
1396 1989 1593 2045 distetioitium

236 2083 250 2118 a
267 2067 333 2123 fine.
375 2067 473 2123 Ordini
490 2068 622 2124 linearum
641 2077 793 2124 erectarum
810 2071 908 2126 tribuit
926 2069 1025 2124 lineam
1043 2069 1128 2126 veluti
1145 2075 1256 2136 rectam,
1279 2069 1343 2136 quia
1359 2068 1502 2124 intervalla
1519 2068 1594 2122 bina·

234 2161 289 2198 rum
308 2155 340 2200 et
359 2146 486 2222 binarum
504 2147 643 2204 dimetitur
660 2149 752 2219 abque
769 2157 857 2218 recta,
881 2165 977 2204 secans
995 2149 1056 2204 illas
1079 2145 1349 2216 perpendiculariter.
1384 2146 1490 2202 Eodem
1514 2145 1595 2202 modo

237 2233 260 2276 et
280 2227 393 2280 ratione
416 2228 575 2296 potestatis,
602 2229 710 2296 quando
736 2228 832 2298 incipit
857 2227 991 2297 plectrum
1014 2244 1030 2282 a
1054 2243 1122 2280 sono
1146 2224 1310 2296 gravissimo,
1329 2225 1480 2293 procedens
1499 2239 1593 2279 versus

237 2303 386 2374 candores,
405 2321 461 2360 non
479 2305 551 2360 redit
568 2305 613 2361 ille
633 2306 726 2361 ordine
745 2305 780 2360 ad
797 2305 942 2376 pristinum
960 2303 1158 2374 grarmaimum,
1176 2303 1226 2358 sed
1238 2302 1369 2384 continuo
1381 2301 1469 2357 tendit
1487 2303 1521 2358 ad
1534 2319 1595 2358 aeu-

238 2379 329 2449 tiores,
357 2389 388 2438 et
409 2383 437 2436 in
459 2382 514 2437 fine
541 2385 695 2452 systematis
717 2384 842 2452 ponente
867 2383 902 2439 ad
927 2385 1046 2438 omnium
1071 2383 1265 2438 scudasimum.
1307 2378 1386 2438 Hanc
1411 2381 1595 2438 diversitatem

238 2459 410 2532 musicalium
428 2479 445 2517 a
463 2463 628 2518 coelestibus
646 2464 749 2518 fatetur
766 2463 947 2533 Ptolemaeus,
975 2463 1028 2518 hoc
1047 2469 1137 2518 tamen
1155 2479 1210 2518 non
1229 2463 1357 2518 obstante
1378 2461 1460 2516 alium
1478 2460 1596 2532 aliquem

239 2547 395 2604 respectum
412 2539 564 2596 identitatis
581 2541 698 2610 invenit,
725 2557 805 2610 quem
823 2549 964 2612 comparat
982 2557 1044 2596 cum
1063 2540 1204 2596 identitate
1222 2539 1349 2611 principii
1373 2547 1402 2596 et
1419 2539 1481 2594 finis
1498 2539 1528 2597 in
1545 2541 1595 2595 cir·

241 2615 302 2670 enus
322 2625 352 2672 et
373 2617 538 2674 motionibus
557 2619 731 2676 coelestibus.

322 2696 401 2751 Nota
417 2693 467 2752 Xl.
504 2695 531 2752 Is
550 2713 614 2754 uero
632 2707 774 2768 respectus
796 2715 850 2772 non
870 2705 912 2752 est
927 2697 1014 2768 ipsius
1032 2712 1083 2766 per
1101 2712 1132 2752 se
1153 2697 1285 2754 acuminis
1309 2703 1336 2751 et
1354 2696 1496 2768 gravitatis
1515 2711 1594 2753 sono

241 2785 291 2824 mm
309 2775 377 2840 (etsi
396 2776 477 2830 etiam
495 2777 548 2832 hae
567 2784 631 2833 sunt
648 2777 818 2834 differentiae
836 2777 969 2846 quaedem
988 2774 1130 2846 generales
1147 2775 1309 2830 facultatum
1327 2775 1355 2828 in
1373 2775 1465 2843 sonis),
1476 2774 1537 2831 'sed
1554 2772 1598 2830 eal

241 2853 319 2917 primo
339 2855 512 2924 specialioris
536 2857 652 2928 alicujus
671 2875 799 2914 sonorum
817 2855 971 2924 insultetis,
999 2859 1131 2924 quaeest
1153 2868 1281 2908 sonorum
1304 2870 1338 2908 ex
1356 2854 1484 2922 opposito
1501 2851 1598 2907 identi-

243 2944 340 3000 corum,
368 2949 435 3002 seu,
460 2943 491 2989 ut
510 2937 596 2992 nostri
614 2937 712 2992 musici
728 2933 883 3004 appellant,
907 2933 1039 3002 diapason
1057 2931 1226 3004 iacientium,
1255 2929 1374 2987 seeundo
1393 2937 1437 2985 est
1453 2937 1596 3000 respectus

244 3007 314 3062 etiam
333 3021 449 3069 mutuae
468 3015 635 3078 habitudinis
654 3032 791 3084 sonorum,
810 3029 881 3083 quae
899 3013 1010 3082 propria
1029 3020 1072 3067 est
1088 3012 1142 3070 illis
1156 3011 1230 3066 souis
1244 3009 1397 3078 quindecim
1408 3007 1437 3062 in
1449 3015 1596 3077 systemate

246 3087 368 3148 perlecto.
407 3093 477 3148 Nam
497 3095 561 3162 quia
577 3095 752 3150 Ptolemaeus
771 3093 867 3148 statuit
882 3099 986 3161 septem
1000 3091 1105 3160 speeies
1118 3088 1260 3158 diapason,
1274 3087 1340 3169 ,illae
1352 3087 1380 3164 in
1393 3103 1447 3142 uno
1461 3095 1489 3142 et
1500 3085 1596 3142 eodem

246 3161 353 3234 simplici
373 3178 522 3242 systemate
540 3173 620 3228 unius
639 3172 771 3246 diapason
790 3189 845 3228 non
863 3177 981 3241 possunt
999 3167 1115 3238 ostendi,
1134 3168 1186 3222 nisi
1199 3167 1315 3222 subinde
1333 3165 1449 3222 chordas
1463 3167 1522 3234 ejus
1535 3175 1596 3224 octo

247 3241 341 3310 aliqua,
370 3247 452 3306 aliter
477 3257 559 3318 etque
581 3249 660 3308 aliter
677 3252 788 3322 tendam
811 3259 840 3308 at
864 3251 887 3308 si
911 3251 963 3306 duo
983 3250 1115 3324 diapason
1139 3255 1288 3316 systemata
1313 3263 1374 3300 cum
1393 3245 1501 3302 chordis
1520 3243 1596 3313 quin·

247 3320 322 3378 decim
341 3327 556 3400 conjungantur,
574 3329 618 3384 hie
633 3329 691 3398 jam
710 3347 804 3386 omnes
822 3332 928 3402 speeies
947 3331 1080 3400 diapason
1098 3327 1234 3395 designari
1246 3332 1371 3396 possunt.
1408 3323 1523 3380 vitaer
1535 3338 1596 3376 meo

247 3399 303 3455 libro
321 3403 372 3458 Ill.
400 3409 518 3474 cap.1o.
554 3409 629 3478 Ergo
648 3410 671 3462 si
689 3411 805 3464 maxime
825 3411 883 3478 jem
902 3409 1011 3463 tertium
1036 3407 1245 3476 aeljungeretur,
1268 3419 1324 3459 nou
1348 3401 1411 3458 iude
1435 3401 1597 3457 eliderentur

246 3495 320 3536 norae
337 3481 449 3552 aliquae
468 3485 573 3554 speeies
591 3486 678 3554 ipsius
700 3487 840 3558 diapason,
860 3487 908 3542 sed
927 3486 1039 3542 eaedem
1058 3500 1166 3554 rursus,
1185 3498 1255 3551 qnae
1273 3483 1376 3552 primae
1394 3486 1472 3535 eraut
1489 3479 1518 3534 in
1535 3495 1596 3548 per·

248 3559 308 3614 lecto
327 3569 487 3634 systemate,
506 3565 693 3621 tantummodo
713 3567 762 3620 sub
782 3565 948 3622 acutioribus
968 3565 1042 3619 sonis
1061 3560 1282 3632 comprehensae.
1318 3561 1355 3614 Et
1373 3561 1412 3612 sic
1431 3558 1537 3628 gemina
1553 3575 1597 3613 ra·

249 3640 310 3693 tione
329 3643 370 3712 lit,
392 3649 424 3696 ut
442 3643 523 3698 etiam
542 3645 570 3698 in
589 3651 736 3715 systemate
753 3645 876 3716 perlecto
895 3661 947 3699 vox
966 3645 994 3698 in
1007 3641 1137 3697 circulum
1151 3639 1348 3708 quodammodo
1360 3639 1462 3706 redeat,
1480 3635 1597 3706 primum

248 3719 339 3773 ratane
357 3737 456 3776 vocum
470 3722 646 3792 singularum,
665 3723 730 3792 quie
747 3732 891 3794 postquam
907 3723 962 3779 aG
980 3736 1073 3778 omnes
1087 3720 1221 3774 diversum
1239 3717 1304 3787 quid
1323 3716 1480 3784 sonuerunt,
1502 3721 1598 3769 oetam

250 3794 343 3852 demum
360 3799 471 3870 pidem
490 3799 690 3868 quodammodo
709 3813 788 3858 sonat
806 3821 867 3858 cunr
888 3803 926 3872 G,
950 3803 1095 3870 etiterum
1120 3797 1291 3866 quindecima
1304 3813 1340 3866 gg
1364 3793 1435 3848 idem
1454 3809 1516 3848 cum
1533 3811 1552 3864 g
1569 3799 1597 3846 et

250 3889 298 3927 cum
317 3877 352 3947 G,
374 3877 473 3932 deinde
491 3880 598 3935 ratione
616 3880 697 3935 seriei
714 3897 810 3936 vocum
829 3889 900 3949 octo,
919 3895 990 3948 quae
1009 3877 1105 3946 series,
1125 3875 1148 3930 si
1166 3875 1276 3929 altiores
1295 3871 1460 3928 adderentur
1477 3870 1596 3925 chordae

251 3957 379 4019 systemati
397 3957 532 4028 perlecto,
558 3959 653 4014 eadem
672 3959 787 4030 rediret;
813 3977 867 4030 quo
886 3957 994 4013 nomine
1012 3971 1106 4011 omnes
1125 3955 1231 4023 species
1250 3951 1381 4021 diapason
1398 3949 1433 4004 ab
1452 3949 1534 4003 unico
1552 3963 1596 4016 sy-

251 4041 350 4088 stemate
368 4033 494 4104 perfecto
513 4035 688 4092 determinari
715 4037 788 4092 etin
807 4037 873 4091 illud
898 4034 1047 4104 constringi
1069 4041 1143 4089 recte
1161 4033 1296 4092 dicuntur.
1331 4032 1370 4086 Et
1392 4037 1423 4084 ut
1445 4029 1474 4084 iu
1492 4025 1594 4081 cremo
1645 4048 1652 4071 r

252 4106 297 4160 sola
312 4113 449 4179 positione
468 4115 548 4170 datur
566 4115 744 4186 principium,
769 4133 824 4171 non
843 4117 924 4171 etiam
944 4121 1053 4180 natura,
1076 4115 1116 4169 sic
1134 4115 1215 4168 etiam
1237 4112 1265 4165 in
1283 4111 1337 4166 hoc
1361 4108 1485 4180 perfecto
1504 4113 1592 4174 syste-

252 4196 308 4242 mate
325 4207 377 4247 usn
396 4193 483 4261 venit,
507 4201 538 4249 ut
560 4196 631 4250 inter
655 4195 761 4250 infinita
786 4197 917 4265 diapason
942 4193 1136 4262 unaquaelibet
1157 4190 1264 4247 illarum
1288 4189 1451 4246 chordarum
1476 4195 1595 4256 systema

253 4265 347 4335 incipiat
363 4286 453 4339 neque
471 4287 505 4326 ea
522 4281 628 4342 septem
654 4275 713 4343 ejus
735 4277 842 4345 species
861 4275 994 4344 diapason
1014 4273 1092 4342 justa
1116 4272 1186 4327 serie
1204 4269 1321 4326 ordinet
1355 4267 1393 4322 Et
1416 4266 1545 4335 amplius,
1570 4264 1594 4319 ei

255 4339 339 4418 lubeat,
363 4351 470 4420 species
489 4351 537 4408 illa
556 4352 703 4422 diapason,
728 4370 798 4424 quae
817 4353 937 4409 tenditur
955 4351 989 4408 ab
1008 4343 1080 4406 A‘iu
1099 4368 1125 4420 o,
1143 4354 1236 4420 potest
1254 4347 1336 4401 etiam
1353 4345 1437 4414 incipi
1456 4347 1490 4400 ab
1510 4363 1541 4415 o,
1567 4353 1595 4399 et

256 4428 347 4483 extendi
369 4447 421 4500 per
438 4429 514 4486 locos
533 4433 628 4488 ordine
647 4434 826 4489 succedentes
849 4435 923 4490 ultra
942 4447 1096 4504 supremam
1114 4427 1243 4485 chordam
1259 4443 1309 4498 gp,
1335 4425 1463 4493 quodque
1487 4421 1595 4478 excedit

257 4509 309 4557 lcum
325 4524 377 4562 non
396 4517 560 4582 prorogetur
580 4519 700 4584 systema
717 4511 869 4581 perfectum
888 4527 976 4580 usque
994 4511 1021 4564 in
1041 4519 1086 4566 aa)
1104 4514 1197 4578 potest
1215 4507 1250 4561 ab
1268 4503 1349 4575 infra,
1365 4503 1458 4560 aGin
1471 4503 1498 4557 A
1516 4501 1593 4571 addi;

256 4579 294 4668 trit
314 4589 381 4643 enim
400 4589 494 4644 eedem
513 4593 620 4662 species
642 4597 781 4662 potestate
803 4591 1021 4658 intervallorum,
1050 4586 1162 4658 perinde
1186 4599 1219 4661 ac
1241 4583 1264 4639 ei
1289 4597 1417 4653 suprema
1433 4599 1451 4654 p
1468 4578 1512 4635 rel
1529 4579 1594 4634 dex-

257 4663 307 4716 tina
320 4685 352 4738 99
365 4668 463 4738 juncta
482 4679 556 4726 esset
573 4672 643 4728 imae
661 4670 705 4725 rel
723 4667 873 4725 sinistimae
893 4671 929 4732 G,
949 4677 979 4724 ut
993 4670 1051 4737 jam
1069 4665 1203 4734 sequitur.

325 4762 397 4838 Nota
411 4767 472 4825 XII.
509 4769 621 4824 Zodiaci
643 4767 806 4841 principium
829 4773 872 4824 est
894 4773 1025 4838 punctum
1048 4759 1248 4830 aequinoctiale
1270 4774 1383 4814 vernum
1409 4774 1459 4813 een
1484 4757 1591 4814 initium

260 4833 351 4914 lien,
375 4855 403 4904 ec
425 4847 479 4904 noe
503 4849 591 4904 nonis.
628 4849 666 4903 ae
691 4846 751 4914 eus
768 4843 830 4901 1000
854 4846 883 4902 nr
908 4846 983 4900 zona
996 4841 1218 4903 neruosusne
1240 4847 1283 4894 eo
1299 4838 1463 4908 principium
1484 4835 1593 4896 Librae.

262 4912 318 4974 llaec
333 4934 433 4994 puncta
450 4927 503 4982 etsi
526 4933 624 4988 natura
645 4934 768 4982 motuum
792 4931 938 4995 monstrat,
966 4931 995 4978 at
1012 4940 1066 4978 non
1088 4933 1139 4990 pro
1156 4919 1317 4978 necessariis
1331 4917 1436 4974 zodiaci
1453 4915 1594 4987 principiis

261 4997 364 5080 obtrudit,
382 5023 526 5077 possemus
544 5007 617 5062 enim
634 5007 708 5062 illam
726 5006 807 5060 etiam
826 4993 935 5060 alirinde
953 5003 1088 5072 incipere,
1112 5000 1212 5054 bonam
1226 4998 1362 5084 rationem
1380 4995 1477 5054 secuti.
1512 4993 1593 5050 Valet

263 5076 324 5138 initur
338 5085 387 5142 boc
403 5087 511 5144 initiam
529 5087 615 5156 thesi,
639 5087 679 5142 sic
696 5095 800 5154 tamem
825 5093 856 5142 ut
874 5083 943 5140 haec
960 5083 1059 5153 positio
1083 5075 1354 5148 eansasprobabiles
1379 5082 1513 5132 enatura
1535 5091 1592 5128 mu·

264 5157 341 5218 iaetu,
374 5167 403 5222 Si
421 5183 498 5236 ergo,
514 5166 620 5236 inquit,
643 5164 672 5220 in
690 5170 837 5234 systemate
854 5163 986 5233 perlecto.
997 5176 1071 5216 mese
1089 5155 1249 5228 aequalibus
1266 5153 1415 5210 intervallis
1433 5160 1539 5208 remota
1557 5153 1593 5210 eit

266 5241 285 5288 et
297 5252 310 5292 ⁸
323 5244 586 5310 mmanomomeno
605 5249 634 5300 et
650 5259 668 5300 a
684 5250 756 5314 nete,
775 5249 804 5298 et
820 5241 844 5298 si
862 5241 980 5298 cuculos
997 5239 1126 5296 zodiacus
1143 5236 1173 5292 in
1188 5235 1300 5306 longum
1312 5241 1452 5306 extensus,
1469 5232 1592 5290 sectione
