4242 6384
1577 786 1745 849 Liber
1776 792 1842 850 V.
1880 793 2057 864 Caput
2090 789 2135 848 1.
3078 797 3202 857 271

588 961 592 965 ’
684 967 983 1044 Quomodo
1029 967 1254 1044 figurae
1322 969 1536 1047 planae
1605 969 1903 1047 regulares
1966 979 2352 1048 congruerent
2424 969 2500 1030 ad
2569 968 2905 1030 formandas
2962 969 3204 1043 solidas,

528 1054 720 1114 dictum
760 1065 848 1115 est
889 1055 1042 1115 libro
1087 1056 1379 1134 secund03
1444 1054 1518 1117 de
1565 1061 1823 1135 quinque
1867 1059 2142 1117 nimirum
2185 1058 2390 1118 solidis
2434 1056 2608 1139 (inter
2653 1055 2912 1134 ceteras)
2972 1066 3209 1134 propter

525 1142 705 1219 planas
744 1145 823 1202 ibi
870 1143 1058 1203 locuti
1102 1161 1323 1204 sumus.
1417 1144 1710 1205 Numerus
1753 1153 1946 1205 tamen
2006 1145 2239 1205 illarum
2284 1147 2585 1222 quinarius
2641 1145 2723 1203 ibi
2771 1143 3205 1204 demonstratus

522 1230 613 1288 fuit
651 1229 1062 1307 additumque,
1127 1248 1228 1290 cur
1276 1231 1410 1292 illae
1457 1232 1788 1292 mundanae
1846 1250 1884 1291 a
1927 1230 2253 1293 Platonicis
2300 1233 2710 1292 denominatae
2772 1238 2832 1291 et
2877 1233 2971 1291 cui
3017 1248 3208 1307 quae-

520 1316 641 1375 libet
682 1317 971 1377 elemento
1035 1327 1330 1395 quamque
1378 1320 1468 1378 ob·
1502 1323 1919 1397 proprietatem
1984 1328 2324 1400 comparata
2368 1322 2460 1379 sit.
2553 1318 2694 1378 Jam
2741 1320 2802 1377 in
2848 1317 3024 1394 hujus
3070 1318 3205 1377 iibri

521 1404 784 1465 vestibulo
831 1422 1063 1465 rursum
1121 1404 1194 1464 de
1239 1406 1331 1466 his
1376 1407 1610 1484 figuris,
1673 1409 1749 1466 ob
1795 1424 1858 1465 se
1905 1408 2092 1486 ipsas,
2154 1425 2269 1466 non
2319 1409 2394 1467 ob
2441 1406 2687 1486 planas,
2733 1405 3029 1482 agendum
3075 1407 3202 1480 erit,

520 1502 773 1565 quantum
832 1492 1072 1568 quidem
1132 1493 1346 1553 sufficit
1401 1493 1478 1553 ad
1536 1494 1901 1554 harmoniam
1958 1495 2281 1570 coelorum,
2349 1502 2544 1555 cetera
2598 1496 2848 1571 reperiet
2904 1492 3087 1554 lector
3146 1495 3204 1551 in

519 1577 788 1653 Epitomes
835 1582 1248 1640 Asu-onomiae
1293 1589 1458 1659 parte
1503 1580 1693 1642 altera
1734 1581 1884 1641 libro
1933 1591 2163 1658 quarto.

656 1667 847 1742 Igitur
891 1684 966 1727 ex
1009 1667 1295 1746 Mysterio
1344 1669 1844 1746 Cosmographico
1902 1668 1998 1728 hic
2045 1671 2301 1730 breviter
2347 1667 2574 1727 inculco
2631 1667 2890 1727 ordinem
2937 1627 3197 1742 quinque

523 1751 800 1827 figurarum
845 1757 906 1812 in
952 1755 1202 1828 mundo,
1249 1773 1497 1830 quarum
1543 1766 1660 1816 tres
1707 1758 2045 1860 primariae,
2100 1754 2252 1822 duae
2299 1754 2700 1815 secundariae.
2795 1753 2998 1815 Cubus
3042 1756 3196 1814 enim

526 1836 595 1919 (1)
618 1843 871 1899 extimus
914 1852 973 1901 et
1015 1842 1449 1919 amplissimus,
1498 1846 1640 1919 quia
1684 1846 2066 1920 primigenius
2113 1851 2173 1903 et
2220 1846 2507 1902 rationem
2550 1841 2776 1901 habeus
2822 1844 3020 1913 totius,
3069 1843 3199 1918 ipsa

516 1930 880 2001 generationis
909 1946 1055 1990 suae
1084 1931 1291 1989 forma.
1381 1930 1659 2006 Sequitur
1689 1929 2035 1992 teoraedron
2064 1926 2196 2012 (2),
2247 1938 2530 2006 tanquam
2574 1944 2724 2006 pars
2763 1931 3022 1987 sectione
3070 1929 3207 1987 cubi

516 2019 830 2087 constituta,
875 2019 1153 2092 primaria
1196 2024 1392 2076 tamen
1439 2029 1499 2076 et
1541 2020 1688 2094 ipsa,
1734 2020 1955 2094 angulo
2015 2018 2209 2078 solido
2268 2019 2581 2090 trilineari,
2638 2025 2704 2075 ut
2748 2017 2954 2075 cubus.
3044 2015 3207 2081 Intra

515 2102 813 2162 tetraedron
849 2111 939 2162 est
966 2104 1381 2168 dodecaeuron
1411 2100 1540 2185 (3),
1632 2105 1836 2164 ultima
1866 2107 2292 2183 primariarum,
2340 2104 2548 2163 similis
2592 2103 2819 2164 scilicet
2847 2105 3207 2179 compositae

513 2207 562 2246 ex
600 2191 734 2249 cubi
779 2191 1065 2268 partibus,
1113 2191 1388 2251 ιοιιιιέἀιὶ
1434 2191 1742 2267 similibus,
1790 2192 1851 2251 id
1896 2201 1986 2252 est
2032 2211 2105 2252 ex
2149 2191 2457 2252 tetraedris
2503 2190 2940 2267 irregularibus,
2989 2191 3205 2266 quibus

513 2279 693 2349 tegitur
742 2281 930 2337 cubus
977 2280 1151 2338 intus.
1243 2278 1401 2337 Huic
1446 2281 1710 2339 succedit
1753 2280 2105 2341 icosaeuron
2152 2274 2260 2361 (4)
2327 2280 2402 2337 ob
2449 2276 2919 2350 similitudinem,
2991 2276 3202 2335 ultima

510 2364 976 2438 secundariarum,
1025 2364 1244 2440 angulo
1276 2364 1467 2424 solido
1497 2366 1857 2443 plurilineari
1888 2369 2197 2428 utentium.
2287 2366 2566 2429 Intimum
2608 2374 2699 2424 est
2729 2363 3048 2425 octoe'dron
3080 2359 3204 2446 (5),

510 2452 616 2508 cubi
642 2453 837 2512 simile
899 2461 957 2511 et
993 2456 1185 2528 prima
1230 2452 1417 2528 figura
1475 2455 1984 2528 secundariarum,
2056 2458 2150 2514 cui
2198 2452 2333 2513 ideo
2379 2453 2597 2528 primus
2655 2451 2822 2510 locus
2868 2453 3206 2511 interiorum

508 2536 755 2614 debetur,
824 2542 1043 2617 quippe
1089 2542 1437 2617 inscriptiie‚
1485 2543 1571 2600 uti
1619 2543 1772 2602 cubo
1818 2540 2286 2618 circumscriptili
2332 2543 2552 2618 primus
2597 2541 2969 2600 exteriorum.

1247 2694 1344 2744 rig.
1376 2692 1442 2734 37.

640 3659 690 3699 In
719 3656 862 3708 priori
877 3655 1018 3705 ligura
1033 3651 1104 3704 (N.
1123 3648 1192 3700 37)
1212 3654 1398 3701 apparet
1418 3651 1677 3692 tetraedron
1697 3652 1870 3703 Aona
1901 3655 2051 3697 latens
2073 3656 2119 3696 in
2138 3658 2271 3708 cubo,

520 3710 566 3748 nie
604 3715 647 3750 ut
674 3709 910 3760 quodlibet
936 3704 1151 3750 tetraedri
1178 3661 1376 3757 pinupum,
1405 3708 1457 3744 ut
1483 3703 1622 3755 ACD,
1653 3708 1837 3757 tegatur
1864 3707 1920 3748 ab
1948 3718 2037 3749 uno
2066 3710 2171 3750 cubi
2197 3722 2273 3751 an·

516 3763 597 3809 tulo
623 3763 799 3806 Acon.

2427 4036 2480 4076 In
2526 4035 2727 4076 secunda
2752 4035 2894 4085 figura
2920 4033 2995 4083 (N.
3027 4031 3093 4083 ³8)
3134 4044 3210 4083 ap-

2271 4090 2402 4138 paret
2436 4088 2577 4127 cubus
2607 4088 2762 4135 ΔΕΒ,
2806 4088 2955 4127 latens
2999 4087 3123 4126 intus
3165 4087 3213 4127 in

2270 4139 2579 4191 dodecaedro,
2637 4141 2704 4186 uic
2740 4141 2791 4180 ut
2836 4139 3068 4188 quodlibet
3110 4139 3214 4179 cubi

2268 4192 2474 4242 planum,
2518 4195 2569 4232 ut
2595 4191 2749 4239 ΔΕΒ,
2778 4193 2959 4242 tegatur
2984 4201 3012 4231 a
3039 4190 3213 4231 duobus

2268 4244 2536 4285 dodecaedrl
2588 4244 2768 4292 anguii-
2827 4253 2909 4284 sau
2961 4243 3211 4293 pont-euro

2266 4297 2497 4347 auom-3,
2528 4297 2645 4347 quod
2673 4300 2748 4338 eut
2765 4297 2928 4338 sectile
2955 4298 3001 4336 in
3028 4296 3119 4336 tria
3145 4298 3210 4337 te·

2266 4351 2447 4393 tmedra
2499 4350 2744 4390 dissimilia
2804 4360 2887 4409 per
2939 4347 3026 4389 duo
3077 4348 3214 4398 plana

2265 4403 2388 4444 DCA
2417 4405 2464 4443 et
2493 4403 2636 4443 ABD.

1955 4479 2054 4533 Pit.
2092 4481 2162 4526 40.
2759 4490 2856 4540 1³13.
2886 4488 2959 4533 ⁴1.

480 5151 608 5238 nme
630 5156 745 5198 vide·
782 5155 1026 5197 octoedron
1066 5156 1204 5195 inseri
1241 5160 1333 5198 tum
1374 5157 1488 5197 cubo
1526 5157 1620 5208 (dg.

480 5197 614 5255 Mi),
637 5208 874 5252 ieoniedron
899 5207 1177 5250 dodonem>
1224 5209 1300 5260 ng.
1327 5210 1431 5259 39..)
