4242 6384
777 783 862 844 Liber
877 782 927 844 IV.
946 788 1036 861 Caput
1050 784 1089 845 11.
1543 794 1607 860 ssi
1705 867 1709 879 1

256 975 297 1025 est
321 968 414 1043 inque
437 968 586 1043 mendene
608 970 759 1045 expressit,
789 975 822 1026 nt
841 984 930 1045 supra
954 966 1080 1043 dictum,
1103 975 1169 1041 ant,
1193 918 1271 1045 {aad
1295 966 1398 1031 eedsrn
1421 968 1511 1045 redit,
1534 969 1610 1052 alls·

254 1055 328 1131 gabe
353 1056 580 1131 cognationem,
605 1074 669 1132 cap.
698 1058 725 1115 1.
747 1062 872 1129 tactam,
896 1059 1058 1116 animarem
1080 1056 1199 1139 harum,
1223 1058 1312 1119 etiam
1335 1054 1503 1122 inferiorum
1512 1092 1524 1131 ,-
1540 1076 1609 1127 eum

253 1141 367 1215 cuceio,
390 1141 433 1201 ad
456 1159 544 1218 quem
580 1142 720 1203 velutad
742 1160 874 1203 normam
896 1143 1051 1219 legemque
1084 1134 1266 1219 dempesitsc
1287 1154 1316 1203 et
1333 1145 1531 1211 conformatae
1548 1148 1607 1206 siut

252 1246 374 1305 eumque
403 1232 469 1305 ipse
503 1228 612 1289 circulo
644 1230 767 1307 ejusque
800 1230 1084 1302 demonstrabilitatn
1104 1229 1215 1303 videqrn
1254 1232 1347 1299 ¹etiam
1382 1236 1602 1311 proportionum

252 1318 490 1376 homericarum
524 1317 592 1377 iude
621 1317 846 1396 dependentium
875 1319 1030 1379 induerint
1058 1317 1184 1389 ‚Valde
1202 1319 1293 1390 ‚onim
1328 1319 1501 1379 confirmant
1529 1320 1606 1383 hanc

251 1403 472 1481 philosophiam
494 1418 717 1481 gersesseum
739 1404 907 1479 rideamus,
930 1406 1128 1477 characterem
1150 1406 1345 1477 confluentiae
1366 1406 1514 1471 redieram
1538 1426 1609 1468 cea

252 1493 365 1551 iestinm
397 1490 437 1551 ad
465 1490 543 1552 idem
573 1502 731 1571 puuctum,
751 1491 843 1553 relat
869 1511 905 1553 ex
927 1494 1036 1555 circulo
1054 1496 1222 1567 ,eommuniq
1242 1495 1378 1569 =imprimi
1407 1497 1437 1553 in
1461 1499 1637 1573 nascentis⁸

251 1582 397 1654 animum3
422 1578 459 1639 de
482 1596 542 1655 que
564 1580 639 1641 inira
661 1598 726 1659 cap.
752 1584 780 1641 i.
802 1581 897 1657 plura
1033 1640 1039 1649 ,
1213 1624 1216 1633 .
1574 1627 1577 1635 ‚

331 1666 431 1725 Perre
453 1666 708 1745 media„quibus
730 1677 852 1727 utuntur
881 1670 956 1728 isiae
977 1666 1134 1739 facultates
1157 1659 1273 1738 anianae
1305 1667 1455 1737 inferiores
1478 1669 1516 1729 ad
1539 1688 1608 1750 per-

253 1754 406 1829 cipiendas
429 1754 597 1816 harmonias
620 1764 804 1815 externorum
812 1800 821 1830 ,
843 1764 912 1825 sent
934 1754 1055 1829 eadem,
1079 1755 1186 1831 quihus
1210 1764 1240 1825 et
1261 1760 1382 1813 externa
1402 1758 1469 1832 ipsa
1492 1757 1609 1833 objecta
1670 1828 1674 1837 ἱ
1712 1788 1715 1795 r

253 1843 409 1901 introrsum
433 1844 586 1920 recipiunt
630 1842 662 1901 Si
685 1842 806 1903 sensilia
826 1850 904 1916 sanc
924 1844 1063 1917 sensibus
1084 1845 1174 1903 etiam
1189 1844 1396 1919 percipiuntur,
1419 1842 1608 1907 lamltstibus

253 1945 290 1985 sc
312 1932 436 1989 animae
459 1946 564 1992 sensns
585 1931 825 2004 intermeantibus,
856 1948 933 2006 quas
962 1939 992 1991 et
1015 1932 1080 2007 ipsa
1106 1946 1165 1987 uon
1188 1931 1285 1989 miuus
1315 1946 1402 2005 quam
1425 1934 1556 2007 superior
1578 1934 1607 2005 in

255 2020 473 2093 comparatione
495 2026 650 2081 versantur
667 2035 768 2099 'rerum
791 2026 952 2090 certarum,
981 2017 1034 2085 sed
1056 2016 1087 2075 id
1109 2019 1265 2091 instinctu.
1288 2034 1346 2075 non
1371 2017 1513 2081 discursu.
1558 2018 1608 2083 Sis

254 2105 314 2161 seui
335 2104 446 2165 audite
470 2107 556 2181 eique
578 2106 727 2181 praelecta
755 2115 901 2183 potestate
924 2112 1120 2165 consonantes
1150 2104 1354 2172 discernuntur
1376 2123 1402 2178 ¹a
1429 2104 1609 2167 dissenenti-

254 2190 311 2258 bes,
334 2194 382 2251 sic
404 2195 611 2270 proportiones
634 2193 879 2253 architectonicae
903 2193 996 2253 oculis
1018 2194 1217 2271 percipiuntur
1240 2200 1270 2251 et
1284 2190 1423 2254 facultate
1446 2192 1507 2268 ills,
1531 2186 1608 2272 quas

255 2280 324 2335 risui
356 2286 405 2342 est
431 2280 596 2359 praelecta,
628 2280 767 2358 pulchrae
795 2289 829 2341 et
856 2297 1004 2357 congruae
1036 2280 1074 2339 ab
1102 2280 1268 2355 incongruis
1297 2278 1509 2342 discernuntur.
1555 2282 1607 2346 sie

255 2376 346 2425 autem
370 2384 422 2427 res
442 2370 542 2445 ipsae,
565 2369 596 2425 in
618 2369 725 2443 quibus
748 2375 793 2429 est
813 2368 985 2439 harmonica
1007 2369 1092 2436 ratio,
1123 2366 1246 2427 sensiles
1268 2382 1326 2423 nen
1350 2376 1436 2441 sunt,
1458 2368 1511 2427 sed
1533 2369 1607 2433 terte
1724 2436 1726 2441 ,

256 2450 311 2511 alia
330 2453 478 2515 facultate
498 2455 721 2533 perceptibiles,
753 2454 910 2523 eademst
930 2457 1012 2531 ipsae
1034 2456 1239 2531 proportiones
1268 2470 1364 2515 rerum
1386 2457 1415 2513 in
1438 2458 1538 2519 anima
1559 2474 1607 2527 rs-

254 2536 361 2615 lncent,
395 2545 441 2601 uti
471 2550 672 2623 comparatum
700 2550 745 2619 est
772 2560 840 2618 pean
854 2542 1106 2624 ,proportionibus
1134 2541 1282 2601 radiorum
1311 2541 1494 2619 sideralium,
1530 2562 1607 2621 quus

257 2628 397 2700 quomedo
420 2629 460 2701 ab
481 2636 580 2692 anima
602 2629 986 2710 subleuaripqeipiaeprr,
1004 2621 1080 2690 inira
1102 2632 1244 2705 eapite-i.
1267 2627 1470 2707 disquiremus.
1523 2690 1525 2695 .

332 2716 389 2775 Est
410 2724 511 2792 tamen
534 2718 641 2778 obtusa
663 2726 694 2777 et
715 2719 841 2788 obseura
862 2712 935 2782 haec
958 2718 1173 2780 harmoniarum
1192 2719 1339 2795 perceptio
1362 2719 1392 2774 in
1413 2718 1603 2783 facultatibus

258 2802 363 2863 animae
386 2805 574 2876 inferioribus
597 2813 627 2865 et
648 2804 866 2881 quedammodo
888 2805 1047 2864 materialis
1070 2812 1100 2863 et
1121 2804 1176 2863 snb
1197 2803 1275 2863 nube
1297 2806 1383 2881 quusi
1406 2806 1602 2881 ignerantiseq

259 2903 304 2947 nec
326 2892 406 2949 enim
429 2894 527 2950 sciunt
548 2910 579 2951 se
601 2895 833 2970 percipera„ut
854 2910 920 2953 cum
950 2891 1084 2951 videntes
1112 2891 1224 2967 aliquid
1255 2907 1314 2949 neu
1348 2900 1445 2951 umen
1469 2894 1606 2956 animad-

260 2978 408 3053 vertimus,
439 2978 548 3039 nesid
570 2980 680 3041 ridere.
724 2978 814 3041 Tales
841 2989 910 3041 suut
938 2978 1101 3039 metus-illi
1131 2986 1160 3037 et
1182 2994 1322 3057 pareres,
1354 2978 1502 3043 aSteicis
1526 2980 1606 3041 cele-

259 3060 331 3140 brati,
355 3062 509 3125 naturales
531 3068 595 3127 sine
618 3067 741 3135 consilio
757 3075 930 3145 praeterque
947 3066 1140 3140 veluntatem,
1163 3066 1230 3124 talis
1245 3069 1333 3127 etiam
1348 3066 1468 3133 allectus
1485 3067 1544 3151 edii
1560 3069 1607 3131 vel

260 3153 354 3209 ameris
369 3154 524 3227 naturalis,
536 3156 613 3228 mire
629 3156 796 3231 cumprimis
811 3156 939 3231 ingenie,
961 3156 1012 3230 qui
1025 3154 1221 3213 membrorum
1236 3170 1404 3213 cemmensu
1421 3159 1565 3233 venisque
1578 3165 1609 3218 et
1652 3172 1654 3181 ⁴

262 3241 473 3313 bunnamenti
496 3239 690 3316 ‹pralimtibus
713 3243 875 3307 benitatem
898 3242 947 3301 vel
968 3240 1188 3301 similitudinem
1211 3242 1370 3317 aestimans
1393 3242 1508 3303 animae
1530 3243 1608 3305 alte·

261 3324 310 3382 rius
336 3344 404 3387 eum
428 3340 495 3401 sua,
525 3328 645 3391 mirifice
673 3333 703 3387 in
732 3329 815 3390 illam
844 3328 1017 3392 exardescit.
1064 3330 1153 3389 Amat
1174 3330 1263 3404 igitur
1292 3330 1414 3395 insanus
1436 3330 1608 3395 adolescens

263 3410 401 3495 puellam,
424 3433 478 3492 uec
500 3419 556 3475 scit
577 3434 641 3489 cur,
673 3426 727 3477 aut
747 3416 818 3492 quid
841 3421 870 3477 in
894 3435 930 3477 ea
951 3418 1139 3493 potissimum
1163 3424 1255 3489 amet,
1281 3415 1360 3493 quod
1384 3419 1409 3476 ei
1432 3434 1491 3477 nou
1514 3421 1609 3494 pessit

263 3510 404 3571 praestare
428 3506 552 3579 quaeris
575 3505 666 3566 ebria
687 3505 842 3577 meretrix,
861 3506 887 3563 si
910 3500 1085 3569 inhonestus¹
1105 3519 1204 3577 amer,
1228 3512 1283 3561 aut
1303 3520 1496 3581 quaecunque
1519 3506 1608 3567 nahi-

265 3582 294 3641 lis
313 3591 431 3667 puella,
460 3592 486 3649 si
510 3588 668 3665 legitimus.
714 3592 755 3649 At
776 3591 1044 3673 physiognomicus.
1061 3592 1270 3669 superueniens
1298 3592 1411 3650 invenit
1433 3593 1462 3651 iu
1485 3601 1608 3670 unaque
1695 3658 1696 3661 Ἴ

267 3686 381 3743 persona
404 3678 626 3759 similitudinem
647 3677 776 3754 aliquam
799 3681 929 3755 merum,
951 3680 1043 3761 quisi
1060 3680 1170 3751 vitiosi,
1192 3676 1460 3755 litigiisperpetnis
1482 3682 1522 3739 in*
1535 3698 1609 3767 cen·

265 3756 336 3833 jugie
364 3766 510 3843 praebent
537 3768 739 3842 occasionem,
771 3768 796 3826 si
825 3766 911 3839 beni,
940 3764 1146 3841 tranquillitati
1174 3768 1264 3825 vitae.
1309 3764 1452 3842 Adeoque
1479 3767 1538 3827 hec
1560 3784 1608 3827 re-

267 3842 388 3912 iersndns
412 3859 459 3913 est
481 3854 635 3912 universus
657 3855 812 3915 instinctus
833 3849 1103 3931 physiegiremicus,
1126 3854 1336 3927 qui,quamvis
1359 3862 1458 3913 mutus
1480 3863 1510 3914 et
1532 3871 1609 3930 quo·

269 3928 412 3997 dammodo
434 3940 538 4020 brutus
561 3942 693 4016 (minime
717 3958 799 4005 rere,
812 3951 873 4001 arte
897 3948 1097 4019 comparatus,
1128 3940 1181 3999 etsi
1205 3956 1256 4015 per
1279 3957 1344 3999 earn
1369 3940 1462 4013 excoli
1485 3942 1608 4018 petest),

268 4032 349 4082 rerum
371 4032 471 4086 tamen
495 4026 687 4097 humanarum
711 4032 853 4105 interpres
882 4035 912 4087 et
932 4026 1109 4088 arbiter-est
1131 4028 1243 4085 unicus.
1288 4026 1416 4088 Tantum
1440 4030 1516 4087 euim
1539 4030 1608 4104 qui-

267 4102 327 4167 libet
346 4116 549 4192 prosperitatis
572 4108 760 4195 (naturaliter
781 4110 946 4196 loquendo)
979 4116 1105 4185 obtinet,
1138 4123 1279 4189 quantum
1306 4114 1369 4189 ejus
1392 4112 1498 4194 iacies,
1526 4132 1608 4175 cem-

270 4206 372 4260 ueusus
404 4203 549 4281 corperis,
588 4206 720 4262 incessus
750 4213 906 4279 metusque
939 4202 1135 4262 membrorum
1168 4199 1277 4258 arridet
1305 4209 1405 4260 rerum*
1428 4204 1608 4277 petientibus
1658 4276 1660 4279 Ι

270 4294 456 4365 quantumque
478 4291 515 4348 iis
537 4292 653 4367 irrepit,
685 4290 767 4350 nulle
791 4292 878 4350 etiam
906 4306 995 4367 super
1017 4306 1053 4349 ea
1075 4305 1106 4347 rs
1134 4288 1257 4348 consilio
1280 4290 1357 4361 usis,
1387 4287 1479 4349 veluti
1502 4288 1607 4364 latens,

271 4374 295 4424 it
315 4391 399 4453 saepe
423 4383 575 4451 testentur,
599 4396 631 4456 se
654 4396 753 4437 amare
777 4378 824 4438 rel
847 4377 945 4442 edisse
968 4378 1150 4458 quempiam,
1178 4377 1340 4435 nescientes
1364 4376 1401 4434 oh
1426 4394 1513 4453 quam
1536 4394 1609 4437 cau-

271 4467 327 4515 lam·
369 4462 452 4522 'l'alis
474 4466 595 4540 inquam
627 4474 672 4524 est
694 4468 724 4523 iu
747 4470 863 4525 animae
885 4464 1074 4533 facultatibus
1097 4463 1280 4521 inferioribus
1308 4480 1412 4522 sensus
1440 4464 1609 4541 propertio·

273 4550 326 4633 itur
345 4552 407 4610 sius
430 4568 527 4611 sensu.
574 4550 659 4612 Adeo
682 4570 778 4629 neque
801 4552 985 4630 distinguunt
1007 4552 1225 4638 proportionem
1256 4568 1275 4609 a
1302 4552 1432 4610 terminis
1459 4570 1511 4613 seu
1535 4552 1609 4611 sub-

270 4638 331 4693 Jsete
351 4654 405 4695 sue
427 4636 472 4718 (ut
496 4651 561 4697 cum
584 4640 688 4699 andita
706 4640 839 4717 jucunda
861 4639 1009 4700 cantilena
1029 4646 1146 4715 praeter
1168 4654 1257 4697 senes
1283 4639 1364 4715 ipses
1387 4638 1459 4698 nihil
1483 4638 1518 4698 de
1535 4642 1608 4698 arti·

274 4708 323 4775 irie
341 4724 404 4800 ipso
427 4724 605 4806 cogitamus)
631 4744 688 4787 nec
707 4727 795 4804 plane
818 4727 1002 4803 distinguunt
1023 4728 1099 4785 inter
1121 4742 1153 4784 ae
1176 4726 1513 4801 diversas'harmenias3
1539 4732 1609 4785 tan·

275 4802 320 4890 ihu
338 4826 363 4869 u.
386 4812 552 4888 quodsiut,
564 4814 822 4891 ¹ssrrimadrertuut,
846 4815 918 4891 quid
933 4814 982 4873 vel
997 4830 1086 4889 quam
1104 4814 1203 4873 variae
1218 4814 1285 4883 sint,
1309 4816 1452 4891 nesciunt.
1491 4812 1607 4894 Quippe

276 4894 339 4954 lisa
356 4901 444 4958 etiam
467 4900 553 4961 ideae
576 4902 808 4975 hermeniarum,
836 4919 911 4979 quas
933 4902 991 4961 hae
1014 4900 1165 4959 inlerieres
1188 4902 1304 4971 animae
1330 4900 1486 4963 facultates
1508 4916 1608 4961 secem

276 4962 361 5037 habent
382 4984 482 5057 intes,
496 5005 555 5047 nen
575 4988 666 5067 plane
688 5008 777 5067 purae
793 4992 866 5068 ipsis
880 4998 949 5053 seut
964 4989 1129 5059 instinctas,
1153 4988 1204 5045 sed
1226 5004 1293 5046 eum
1316 4986 1475 5047 involucris
1497 4989 1630 5067 speciei,

279 5059 420 5143 Bublittero,
451 5072 520 5147 ejus
540 5092 582 5135 sc.
613 5092 691 5153 quae
714 5076 1029 5153 cujusque-laenitate
1052 5076 1090 5135 sit
1113 5074 1271 5149 objectum.
1315 5074 1460 5151 Nimirum
1482 5076 1607 5147 incultas

278 5146 369 5214 tudites
390 5155 435 5238 (et
461 5162 595 5239 exemplo
624 5182 763 5229 seuerum
793 5164 1034 5227 concordantium
1064 5171 1179 5223 utamur
1209 5162 1275 5223 lece
1305 5161 1459 5243 omniurn),
1492 5164 1607 5241 corpori

315 5256 525 5319 brademere.
581 5298 585 5306 .
629 5276 633 5281 ’
1412 5267 1451 5329 15
