4242 6384
858 767 1011 839 speum.
1109 792 1111 795 -
1269 719 1275 730 ’
1546 763 1608 822 tar

270 943 344 1006 alias
365 951 500 1023 spuerent
521 948 677 1022 mataritae
698 953 730 1006 at
751 936 1171 1024 membrumuomp‘aration'a,
1194 959 1255 1021 quo
1267 940 1306 1002 de
1326 939 1544 1015 nuueagimen
1567 942 1613 998 est

267 1031 301 1090 de
326 1043 392 1092 ortu
414 1033 630 1094 harmoniarum
657 1035 688 1094 iu
716 1036 832 1112 speeie3
862 1033 1010 1094 uiuidum
1037 1033 1088 1094 ille
1110 1047 1183 1107 ego,
1213 1031 1265 1106 qui
1286 1029 1361 1090 alies
1382 1034 1498 1088 vetares
1525 1024 1613 1084 toties

266 1121 374 1192 imitor,
397 1137 475 1182 nuno
497 1121 616 1181 eusdem
638 1137 753 1199 respuo,
775 1139 870 1182 rerum
892 1129 1026 1180 naturam
1048 1119 1191 1190 consulu„
1226 1115 1314 1178 Nulla
1335 1115 1384 1174 hie
1412 1115 1613 1185 mammonam

263 1223 406 1266 mearum
427 1207 647 1268 mammaea..
966 1283 969 1290 ι

352 1292 454 1354 lllaois
475 1301 509 1354 tu
536 1295 657 1354 Bouillis·
678 1291 886 1371 Guidonisque
906 1296 1068 1353 summutas
1093 1295 1177 1370 requei
1198 1308 1292 1368 quam
1321 1305 1422 1359 meam
1459 1288 1513 1364 qui
1538 1300 1614 1344 vm

263 1377 391 1440 edentia
412 1382 517 1440 multis
537 1381 682 1458 praeatus
696 1384 746 1440 ,iis
765 1397 833 1440 aum
856 1381 1101 1457 postponendus?
1144 1379 1368 1438 Exoumtiouem
1393 1375 1502 1446 lrabes,
1534 1387 1612 1448 qua·

265 1474 352 1528 tenus
374 1468 577 1544 speculatione
611 1471 728 1544 insuper
749 1467 851 1535 habite
873 1467 968 1529 tendis
990 1467 1029 1528 sd
1051 1469 1170 1545 praxin3
1196 1462 1365 1543 lruja'smodi
1386 1463 1463 1524 euim
1485 1461 1614 1520 mutanti

262 1563 329 1612 sunt
354 1557 529 1615 auctoritate
551 1555 689 1632 famaque
711 1557 893 1634 scriptorum.
937 1553 1015 1614 iiiut
1043 1573 1149 1616 musas
1169 1552 1347 1614 examinasti
1376 1550 1507 1627 legitime
1528 1544 1613 1606 nulla

262 1639 396 1701 srrlfioere
418 1649 515 1718 potest
537 1643 703 1714 auotoritas,
726 1645 896 1718 praesertim
917 1645 944 1704 si
957 1643 1072 1703 ¹letmosi
1094 1643 1250 1718 scriptores
1272 1642 1301 1698 in
1324 1655 1420 1698 errore
1434 1636 1535 1710 aliquo
1558 1631 1613 1692 de·

261 1726 490 1801 prehendentem.
537 1729 582 1788 An
605 1737 638 1790 tu
668 1735 843 1806 quemquam
866 1731 1016 1790 existimat
1038 1748 1075 1791 so
1098 1736 1274 1808 proveetum
1295 1727 1419 1786 seientia
1446 1719 1611 1796 multiplici,

263 1823 292 1872 ut
322 1817 351 1872 in
383 1815 465 1874 nulle
487 1833 518 1876 re
541 1815 638 1876 errst‘l
683 1816 729 1874 An
752 1817 950 1895 impossibile,
980 1825 1013 1876 ut
1034 1817 1114 1893 quo'd
1143 1815 1192 1875 rel
1215 1812 1390 1874 Aristoteles
1417 1811 1466 1872 ael
1488 1808 1612 1869 tiermes

261 1911 327 1958 tuus
351 1904 397 1960 sie
419 1905 536 1973 enavit,
558 1901 588 1962 id
611 1901 712 1964 videat
734 1903 941 1980 discipulorum
964 1904 1065 1964 uuus?
1109 1902 1225 1978 Quibus
1245 1902 1369 1978 positis,
1396 1914 1454 1957 non
1476 1894 1613 1976 equidem

262 1989 412 2048 eiecerint
434 1997 550 2050 eentum
571 1989 665 2049 millia
688 2007 820 2051 veromm
845 1981 1032 2068 dogmatum,
1058 1993 1088 2050 in
1110 1990 1252 2067 sapientis
1275 1989 1374 2046 auimo
1397 1988 1612 2062 impressorum,

263 2083 293 2133 ut
316 2091 399 2135 error
420 2093 496 2136 uuus
518 2079 710 2153 interspersus
732 2093 790 2138 nou
812 2082 851 2137 sit
870 2095 958 2138 error.
1445 2120 1448 2129 ,

347 2162 385 2222 ss·
401 2161 559 2240 Krplamsq
582 2165 686 2240 inquis,
710 2173 844 2226 oeta-um
855 2156 1101 2242 profunditatem
1114 2166 1149 2223 in
1161 2171 1280 2224 natura
1292 2149 1491 2232 maiam
1514 2163 1613 2216 miro*

261 2251 402 2309 numiam
422 2265 513 2311 suam
533 2251 663 2328 Ῑιιὶισιιι,
686 2252 882 2313 harmoniam
903 2255 1125 2328 imupiuarium
1146 2252 1340 2312 adamae.
1385 2248 1426 2306 llt
1447 2246 1520 2318 irae,
1549 2242 1613 2302 Ro-

262 2336 356 2407 berte,
395 2353 452 2394 non
484 2347 530 2396 est
560 2337 696 2400 relutere.
738 2338 823 2414 llego
853 2341 1026 2399 seutentiam
1059 2355 1126 2398 meo
1158 2337 1335 2398 uenditiouis
1367 2335 1482 2412 potitae
1514 2347 1612 2391 mu·
1719 2412 1723 2420 ,

263 2422 465 2499 Pythagoram
489 2425 566 2484 enim
590 2434 619 2484 et
635 2424 790 2486 Boiitlrium
806 2427 884 2492 airus
897 2425 1015 2501 quidem
1036 2427 1234 2486 usuouomiou
1254 2432 1286 2485 st
1306 2423 1476 2483 harmonion
1497 2420 1561 2477 siue
1582 2424 1613 2477 te

263 2511 421 2586 interprete
451 2510 596 2587 intellige.
639 2513 679 2570 At
709 2524 759 2571 tuo
789 2529 876 2572 sensu
907 2514 1031 2574 tortasse
1060 2529 1160 2573 verum
1183 2520 1242 2587 set,
1273 2513 1299 2570 si
1324 2511 1429 2587 permis
1458 2505 1517 2565 illis
1543 2513 1612 2562 tuse

263 2599 486 2672 imaginationis
518 2601 676 2658 instructus
704 2616 815 2674 essem,
846 2600 970 2668 tortasse
1000 2599 1211 2662 transvolutum
1241 2615 1262 2658 a
1282 2600 1356 2658 meis
1384 2591 1613 2658 consationibus
1722 2608 1724 2617 ·

263 2682 298 2741 ad
322 2693 452 2762 veteres,
474 2687 545 2759 quin
568 2687 627 2744 imo
651 2685 699 2746 rel
722 2703 787 2746 oum
809 2686 935 2746 Platone
958 2689 1136 2760 intonatum,

560 2766 716 2850 Ἥφαιστε,
740 2770 859 2850 upuuuli'
885 2769 960 2836 eide·
982 2777 1141 2853 Kaulqpop
1160 2794 1222 2834 aaa
1244 2767 1361 2851 χιιτιζιι.

270 2857 371 2914 Vas-iia
396 2873 558 2931 corporum
580 2861 751 2919 maismniiia
771 2864 986 2922 commutis
1006 2861 1142 2920 diuersas
1161 2862 1319 2936 moeream
1339 2872 1435 2934 sapum
1456 2854 1517 2914 tuit
1538 2854 1613 2910 titii·

263 2960 328 3000 eam
357 2944 471 3009 muudi
495 2945 693 3008 harmoniam
718 2950 894 3024 proeraari3
926 2949 1057 3008 stiulrs
1083 2946 1385 3025 pag.·15.lin.29:
1415 2941 1612 3007 hamtoniam

264 3031 439 3090 naturalem
466 3048 524 3092 erae
551 3035 630 3092 iuter
659 3035 790 3094 amona
809 3035 969 3096 terravelut
990 3043 1019 3094 et
1036 3038 1193 3111 pupione·
1216 3033 1290 3094 ome
1310 3032 1467 3109 dispositus
1488 3029 1613 3086 sume

264 3117 443 3176 mundanae
465 3135 535 3178 arm
557 3121 621 3192 ejus
641 3120 812 3180 mittentia
835 3123 1005 3199 mmeriqli3
1036 3122 1126 3186 haue.
1149 3125 1285 3197 iuquam,
1312 3137 1381 3197 pars
1404 3124 1449 3177 est
1471 3113 1612 3174 orationis

264 3213 337 3276 tuae,
361 3221 433 3280 pars
455 3207 725 3282 aequivocationis,
750 3207 814 3282 jam
835 3225 924 3283 supra
946 3217 1051 3270 metae.
1097 3209 1171 3268 llilri
1201 3208 1393 3268 consonantia
1421 3205 1451 3260 lu
1473 3215 1612 3260 sonorum

265 3292 405 3350 mixtione
429 3300 489 3364 est,
520 3309 596 3368 qnos
622 3293 700 3354 elieit
723 3309 883 3372 corporum,
899 3295 1067 3372 conflictum
1098 3296 1286 3356 harmoniam
1307 3293 1509 3372 proportiones
1538 3288 1613 3345 inter

265 3380 445 3450 quantitates
458 3389 550 3453 sunt,
576 3389 709 3452 motuum
732 3383 917 3456 praesertim,
949 3399 1007 3442 nun
1037 3386 1112 3444 inter
1133 3385 1198 3459 ipsa
1220 3397 1359 3460 corpora,
1392 3394 1447 3438 nso
1468 3377 1543 3436 inier
1563 3390 1612 3454 rq-

265 3465 433 3530 sistontiae.¹
470 3466 630 3550 Loquimur
651 3468 793 3534 arbitratu
815 3471 940 3544 quisque
963 3485 1026 3543 suu,
1051 3487 1106 3532 use
1127 3471 1184 3530 hoe
1205 3468 1381 3532 diverticulo
1395 3461 1611 3526 adeoufliotum

266 3553 390 3613 invitem
413 3553 577 3620 obviamus.

348 3637 384 3698 Si
405 3639 608 3700 emedanaure
630 3649 684 3713 eet,
707 3640 837 3700 relellere
855 3657 949 3700 uuum
971 3643 1001 3698 in
1025 3642 1349 3703 harmoniaiserrorem
1370 3637 1416 3720 (ut
1437 3637 1474 3698 de
1496 3635 1611 3695 duobus

267 3725 338 3782 tonis
361 3725 524 3801 majoribus
547 3744 662 3804 semper
684 3729 863 3806 seinvicem
887 3730 1108 3803 insequentibus
1129 3737 1159 3790 et
1180 3727 1312 3810 similia),
1342 3744 1411 3803 ape,
1434 3723 1473 3784 ad
1495 3731 1525 3784 te
1547 3728 1611 3781 esto

266 3814 452 3884 provocatio,
484 3821 516 3874 tu
538 3815 638 3890 revide
660 3824 740 3888 aute,
763 3831 844 3876 meas
866 3818 994 3876 rationes
1016 3817 1134 3888 relelle',
1165 3833 1242 3892 poue
1265 3825 1295 3877 et
1317 3810 1448 3892 ipsorum
1469 3809 1561 3872 verbs
1583 3814 1613 3867 et

266 3905 341 3956 tumn
368 3900 455 3974 juxta
485 3901 638 3962 verberum
670 3902 952 3976 interpretationum
984 3901 1030 3962 die
1058 3904 1110 3964 nbi
1138 3921 1194 3978 ego
1221 3921 1268 3964 me
1290 3905 1386 3979 ipsum
1413 3895 1612 3975 mumdum,

266 3984 414 4046 mamaea
435 3989 560 4063 aliqum,
590 4003 724 4048 aemesam
744 3989 896 4048 meliora?
938 3987 1005 4048 Heu
1036 3992 1167 4050 enimsi
1191 3999 1221 4049 ot
1242 3990 1350 4050 dixeris
1378 3995 1409 4048 st
1430 3985 1612 4045 demonstra·

267 4075 353 4144 veris,
378 4088 437 4130 non
459 4092 507 4134 me
530 4083 641 4144 tantum
663 4074 716 4134 sed
738 4081 768 4134 et
790 4075 932 4136 lentorem
956 4076 1087 4152 jurabis.
1131 4077 1209 4136 Nihil
1239 4079 1305 4154 agis
1334 4071 1499 4148 colligendo
1520 4068 1612 4140 lotos,

268 4159 313 4215 ubi
336 4161 494 4236 scriptores
516 4162 622 4234 relatu,
657 4164 714 4222 nisi
736 4163 825 4222 stiam
848 4171 876 4222 tu
901 4161 1057 4234 delendae,
1088 4181 1164 4240 quae
1190 4171 1347 4242 mapulas
1377 4161 1455 4220 male
1477 4157 1611 4218 refutare.

269 4243 337 4306 llioo
361 4263 419 4322 ego
441 4257 575 4308 auctores
607 4252 687 4327 ipsos
709 4248 779 4308 mihi
803 4265 1010 4324 concessuros,
1042 4253 1067 4310 si
1090 4260 1260 4328 praesentes
1289 4249 1396 4310 adsint
1440 4247 1613 4323 importuna

268 4331 319 4390 loe
341 4333 408 4394 loeo
441 4343 485 4394 ert
506 4344 558 4395 tue
581 4338 626 4396 vis
648 4335 833 4412 eloquentiae
856 4335 907 4396 iol.
934 4339 990 4410 15,
1020 4353 1078 4398 non
1101 4341 1131 4398 ia
1153 4356 1201 4400 me
1229 4338 1327 4400 solum
1349 4335 1474 4406 directa,
1504 4329 1557 4392 sed
1582 4331 1611 4387 iu

271 4418 332 4478 ilius
355 4423 438 4497 ipsos
461 4424 550 4482 etiam
574 4423 679 4482 vibrari
703 4431 812 4500 potest,
835 4441 910 4498 quos
933 4424 1024 4484 tuead
1047 4427 1176 4503 speeiem
1197 4439 1385 4503 propugnas,
1402 4419 1559 4499 praecipue
1581 4417 1611 4474 iu

271 4506 467 4580 Aristotelem,
497 4511 546 4585 qui
578 4509 727 4570 dimidiam
757 4519 869 4586 partem
897 4514 993 4592 operis
1020 4515 1067 4572 sui
1095 4515 1241 4574 eonsumit
1269 4509 1430 4579 refutandis
1452 4505 1611 4568 veteribus.

270 4590 298 4648 lu
317 4593 513 4668 jactabundus
540 4597 583 4655 sie
605 4597 753 4657 inveharis
775 4606 828 4656 aut
849 4599 878 4656 in
902 4602 1010 4670 vietus,
1033 4617 1093 4660 uon
1115 4599 1311 4660 iu-luetautes
1333 4606 1364 4658 et
1384 4601 1560 4673 pugnantes·

353 4679 478 4758 Qualem
502 4691 530 4742 te
553 4701 622 4742 vero
646 4691 839 4768 oomeptorenq
862 4685 990 4746 invidiae
1013 4694 1161 4763 praestus,
1189 4685 1257 4746 dum
1280 4687 1396 4765 quoties
1411 4700 1467 4760 ego
1491 4680 1612 4741 verbum

274 4763 304 4840 qe
326 4771 397 4828 meis
420 4771 562 4830 institutis
585 4769 758 4830 discriminis
781 4769 927 4832 iudicandi
950 4789 1046 4834 eausa
1065 4774 1193 4851 prolato,
1223 4775 1361 4834 continuo
1384 4781 1415 4830 tu
1438 4768 1509 4830 milri
1530 4765 1612 4844 puil-

272 4857 369 4914 uutiae
385 4849 614 4932 jrreiantmsqu'e
636 4857 739 4934 alapas
760 4855 920 4935 impingis?
950 4859 1030 4919 ,Non
1054 4877 1154 4920 rerem
1176 4863 1205 4918 in
1221 4859 1433 4938 paeane,opsri
1447 4873 1513 4916 meu
1534 4871 1612 4931 pan·

272 4941 374 5014 gendo,
402 4942 457 5002 sed
481 4945 509 5000 in
533 4943 708 5020 explicando
731 4961 831 5024 saepo,
853 4962 941 5021 quem
969 4946 1059 5006 habui
1082 4949 1282 5026 propositum,
1311 4955 1344 5007 nt
1365 4951 1509 5023 appareat
1529 4937 1611 5000 alind

274 5025 319 5084 aba
340 5037 369 5090 ta
391 5033 573 5105 quaesitum,
603 5031 684 5092 aliud
714 5049 816 5107 amoq
845 5049 914 5108 unm
944 5035 998 5095 eim
1021 5044 1189 5107 assecutus,
1220 5033 1337 5095 leuioris
1368 5041 1431 5093 esto
1455 5029 1611 5108 judicium,

274 5119 435 5184 praesertim
457 5117 508 5176 ubi
531 5134 669 5178 sensuras
688 5127 757 5178 tuae
779 5120 937 5196 quaejam
959 5129 1129 5196 saquuutm,
1151 5139 1291 5198 meusque
1311 5121 1496 5182 detensiones
1509 5124 1611 5177 contra

274 5215 301 5260 se
321 5203 443 5264 inuitem
467 5206 605 5282 potnerit.
639 5202 693 5266 ΔΙιι
714 5205 800 5281 libra
823 5207 930 5284 inquis,
951 5211 1054 5284 primo
1074 5209 1154 5270 amit
1173 5209 1216 5271 ud
1237 5227 1341 5272 worn
1359 5206 1471 5269 mmai
1484 5205 1611 5266 tanne·
