4242 6384
533 807 596 870 452
1002 800 1169 876 Appendicir
1185 803 1412 861 Harmonicorum

532 983 682 1062 principiis
703 997 813 1040 mmm
836 990 865 1040 et
887 981 1024 1042 icmiuam
1046 984 1176 1044 unitates
1198 984 1271 1044 lacis
1286 983 1408 1060 physice
1423 980 1575 1058 aequales,
1596 983 1766 1040 societatem
1778 997 1860 1038 eornm

533 1074 697 1130 unisonum.
742 1068 815 1128 Mihi
840 1087 903 1128 mas
926 1079 970 1128 cst
992 1079 1025 1128 nt
1048 1070 1187 1144 binarius,
1210 1073 1318 1130 lomina
1341 1079 1372 1128 nt
1395 1072 1502 1140 unitas,
1524 1071 1638 1128 ratione
1659 1067 1777 1144 quidem
1796 1084 1861 1125 cou-

533 1160 693 1236 putationis
717 1173 782 1216 cnm
805 1155 1020 1218 concordantiis
1042 1161 1172 1220 musicis.
1217 1158 1278 1230 Tu,
1301 1162 1327 1216 si
1351 1157 1449 1235 iubet,
1479 1167 1560 1216 verte
1582 1155 1730 1222 ordinem,
1757 1157 1793 1212 sit
1811 1173 1862 1210 mar

534 1249 640 1320 unitas,
664 1245 771 1304 semina
794 1245 931 1314 binarius,
956 1253 1111 1322 propterea
1134 1249 1204 1320 qnia
1227 1245 1326 1304 tardos
1348 1263 1437 1302 sorios
1459 1246 1599 1302 materiae
1622 1259 1784 1320 comparas,
1805 1242 1865 1300 tardi

534 1335 613 1393 enim
635 1333 701 1394 soni
724 1331 884 1406 maioribus
907 1333 1121 1406 quantitatibus
1143 1332 1318 1402 familiares,
1343 1341 1376 1389 ut
1398 1335 1520 1390 insteria
1543 1331 1678 1402 icaunae.

619 1419 770 1496 Hactenus
794 1421 895 1493 itaqua
917 1417 1061 1477 collusum
1084 1420 1170 1478 nohis
1193 1433 1238 1478 est
1259 1418 1424 1494 analogiis,
1457 1427 1490 1478 at
1506 1419 1622 1492 jamin
1646 1416 1766 1476 diversa
1786 1413 1867 1472 disce·

534 1506 640 1580 dimus,
663 1507 731 1564 dum
755 1513 784 1564 tu
809 1523 907 1580 negas,
930 1508 995 1564 sine
1016 1508 1168 1581 analogiis
1188 1507 1266 1564 inea
1285 1509 1442 1582 perueniri
1462 1523 1546 1582 porse
1574 1505 1622 1564 oei
1642 1503 1686 1562 od
1708 1504 1870 1560 hormarum

533 1602 678 1654 scurnum
701 1592 747 1650 nel
768 1591 810 1650 ad
830 1599 968 1652 motuum
992 1593 1160 1652 metentium
1182 1597 1343 1668 mysteri03
1366 1595 1420 1664 sis,
1443 1594 1593 1652 rumsuris
1603 1598 1791 1666 potestatum
1811 1597 1870 1646 tua·

533 1699 607 1741 rum
637 1681 829 1742 wadunmia
859 1679 1049 1753 harmonias,
1080 1685 1223 1756 nigrario
1254 1690 1388 1740 natsrrae
1414 1687 1442 1738 et
1462 1679 1574 1738 mundi
1594 1687 1697 1736 motus
1718 1677 1802 1747 eliai;
1828 1679 1870 1737 air.

533 1769 613 1828 none
634 1785 693 1826 esse
714 1766 884 1826 daritim
907 1767 1018 1840 rotam,
1040 1769 1106 1824 siue
1127 1787 1190 1842 qua
1212 1769 1302 1827 nulla
1324 1785 1486 1838 meritura,
1507 1770 1667 1842 proportio
1691 1771 1747 1824 etc
1770 1765 1871 1836 acquiri

531 1859 646 1932 possit‚·
676 1856 738 1926 ais,
766 1855 830 1912 sine
852 1853 905 1912 hoc
927 1857 1094 1930 sapientiae
1117 1855 1305 1912 Hermeticne
1332 1855 1411 1914 dono
1434 1857 1587 1912 neminem
1615 1854 1762 1911 erumnae
1790 1857 1870 1906 aruo

533 1945 656 2002 nomia
676 1943 810 2017 peritum
831 1939 867 1998 de
888 1940 1021 1998 siderum
1043 1946 1104 1998 situ
1126 1950 1155 1999 et
1176 1941 1304 2000 mouhur
1325 1950 1403 2000 recte
1424 1941 1566 2012 judicare
1595 1957 1700 2014 prosse3
1734 1940 1794 2006 ais,
1823 1939 1871 1990 tior

538 2030 584 2088 tir
605 2031 752 2088 neminem
774 2029 809 2084 in
829 2030 986 2086 scientiam
1009 2028 1147 2102 aliquam
1170 2046 1207 2087 ee
1220 2030 1280 2087 illio
1297 2029 1314 2086 7
1328 2029 1505 2087 tiheratihur
1521 2034 1598 2086 recte
1610 2034 1777 2103 penetrare
1790 2041 1871 2098 paor:

535 2133 629 2176 mam
653 2116 782 2172 vicissim
806 2115 1012 2176 astronomiam
1035 2115 1170 2191 appellas
1192 2118 1405 2192 imaginariam.
1450 2115 1513 2190 ugo
1535 2113 1629 2172 muita
1655 2111 1782 2188 quidem
1803 2110 1872 2164 rideo

535 2205 673 2282 promitti,
697 2200 796 2260 malim
820 2209 915 2260 tomen
939 2200 1016 2260 clarc
1033 2201 1259 2262 demonstrandi.
1304 2201 1380 2262 Num
1396 2203 1576 2260 astronomia
1590 2208 1703 2272 nostra,
1729 2200 1870 2258 hominum.

536 2300 678 2366 quantum
701 2305 756 2364 ego
779 2289 849 2358 scio,
874 2289 992 2353 minime
1015 2287 1248 2351 Hermeticornm
1270 2286 1308 2367 (si
1322 2289 1492 2366 Tychonem
1511 2278 1653 2365 excipias)
1674 2291 1708 2344 in
1731 2284 1871 2364 propatulo

536 2387 594 2449 est,
625 2379 688 2452 ipsc
710 2392 764 2451 pro
785 2393 817 2434 sc
840 2373 976 2450 loquitur.
1021 2374 1087 2434 Non
1111 2376 1244 2452 expedit,
1276 2376 1425 2436 studiosos
1448 2377 1591 2434 honarum
1612 2376 1742 2447 artium,
1769 2371 1869 2430 durius

536 2482 587 2544 por
610 2469 787 2524 contemtum
809 2465 987 2521 astronomia
1010 2461 1134 2537 vulgari,
1158 2466 1216 2522 tuis
1238 2463 1350 2522 inhiare
1372 2465 1625 2540 promissionibus,
1650 2479 1709 2520 nec
1732 2468 1870 2536 postquam

537 2573 556 2612 a
578 2569 624 2610 mc
646 2567 724 2610 nova
747 2547 885 2608 methodo
908 2559 976 2608 sunt
998 2551 1026 2606 in
1051 2549 1145 2608 lucem
1167 2550 1301 2627 prolatae
1329 2568 1436 2610 causas
1464 2550 1699 2622 harmoniarum,
1727 2545 1869 2622 quidquam

537 2649 569 2698 tn
591 2638 791 2698 admirationis
821 2636 982 2696 coricitahis
1006 2638 1091 2712 qnasi
1122 2639 1325 2714 mysteriomm
1357 2637 1606 2708 harmonicorum,
1623 2653 1719 2711 ‚quae
1750 2650 1834 2711 penes
1851 2645 1870 2686 n

535 2743 659 2805 proruas,
682 2725 739 2782 uisi
762 2723 832 2799 quid
857 2739 956 2782 sorum
980 2727 1068 2782 etism
1091 2725 1208 2799 publice
1230 2726 1370 2800 proleras.
1416 2725 1485 2800 Ipse
1505 2723 1636 2793 Procius,
1658 2720 1822 2780 dambliclri
1841 2720 1871 2772 tui

536 2813 707 2882 admirator,
731 2810 901 2879 Platonicae
924 2809 1128 2888 philosophiae
1151 2815 1288 2885 antistes,
1311 2811 1504 2888 philosophus
1527 2811 1732 2880 admirabilis,
1761 2810 1810 2882 qni
1829 2823 1870 2862 aa·

539 2917 634 2960 meros
657 2897 869 2974 Pythagoricos
903 2913 960 2956 nou
991 2907 1105 2956 tamum
1134 2915 1188 2973 per
1218 2909 1339 2958 naturae
1369 2909 1466 2976 partes
1495 2916 1597 2958 omues
1625 2896 1806 2964 introduxit,
1833 2889 1872 2947 rel

539 2990 629 3046 etiam
660 3002 752 3062 usqne
780 2983 817 3042 ad
841 2982 1021 3060 theologiam
1050 2987 1143 3060 ipsam
1167 2988 1278 3058 evexit,
1308 2985 1372 3058 iric,
1403 2988 1537 3062 iuquam,
1567 2986 1782 3043 astronomiam
1803 2981 1869 3047 haur,

538 3091 626 3150 quam
650 3081 682 3130 tu
707 3071 778 3130 diois
802 3073 1017 3146 imaginariam,
1048 3087 1106 3130 non
1136 3072 1278 3148 neglexit,
1308 3073 1360 3132 sed
1391 3072 1544 3149 diligenter
1572 3089 1637 3131 eam
1665 3070 1789 3130 tradidit
1815 3068 1870 3124 libro

538 3159 773 3237 Hypotyposcou
796 3159 1064 3217 Astrouomicarnm
1088 3161 1205 3234 scripto.

627 3243 678 3304 Ad
703 3244 893 3330 Analysin
916 3243 1006 3304 XIX.
1051 3243 1110 3304 Hic
1132 3249 1358 3306 inconstantiam
1382 3247 1452 3306 mihi
1475 3247 1579 3308 timuis
1609 3255 1639 3304 et
1661 3258 1791 3304 errorem
1812 3242 1870 3298 ciro

540 3343 620 3392 tuam
644 3334 844 3392 intentionem.
893 3331 991 3396 Vincis
1012 3339 1139 3406 utroque
1162 3335 1296 3407 crimine,
1327 3352 1395 3392 nam
1417 3333 1466 3392 hic
1488 3332 1606 3408 quidem
1629 3349 1708 3390 error
1741 3329 1817 3387 illam
1837 3327 1870 3379 iu-

539 3420 734 3479 constantiam
765 3427 795 3478 et
818 3420 928 3495 peperit
943 3473 946 3482 ,
959 3427 989 3478 et
1012 3429 1140 3478 excusat.
1184 3420 1281 3479 Errori
1310 3437 1379 3480 vero
1405 3437 1525 3484 causam
1555 3428 1617 3478 tute
1648 3418 1768 3476 dedisti.
1811 3413 1868 3470 Nan

538 3507 592 3566 tihi
622 3505 762 3567 familiare
791 3507 922 3580 sapient
951 3505 1049 3580 loqui,
1081 3515 1113 3564 st
1139 3523 1209 3580 ego,
1236 3510 1262 3566 si
1294 3525 1329 3568 er
1357 3507 1456 3566 stultis
1486 3506 1530 3566 vel
1553 3506 1764 3582 ignorantibus
1793 3503 1869 3558 leuen

538 3595 693 3669 sapientes,
717 3599 778 3650 tum
801 3591 917 3651 demum
941 3609 986 3650 mc
1009 3593 1176 3668 scriptionis
1198 3611 1317 3653 munere
1339 3597 1428 3672 probe
1450 3594 1581 3652 iunctum
1603 3595 1753 3662 existimo.
1797 3587 1869 3660 Igitur

538 3679 707 3758 pyramidas
729 3687 809 3752 tuas,
843 3677 1023 3754 diagramma
1050 3681 1302 3754 mathematicum,
1335 3689 1475 3757 qnantum
1504 3679 1543 3740 ad
1565 3680 1659 3738 lineas
1687 3688 1720 3737 st
1742 3689 1869 3735 numeros

538 3767 752 3845 contemplatus
775 3765 887 3826 lucram
910 3766 1003 3826 oculis
1026 3767 1256 3842 mathematicis,
1288 3777 1368 3826 ratus
1390 3776 1419 3827 te
1448 3769 1594 3842 ignoranti
1616 3766 1687 3824 mihi
1718 3773 1867 3841 aperturum

538 3854 652 3930 aliquid
675 3871 847 3914 mosnornm
870 3851 958 3930 idque
980 3870 1031 3929 per
1054 3870 1147 3930 genus
1168 3855 1323 3923 scribendi,
1336 3857 1528 3915 communiter
1541 3863 1644 3913 notum
1659 3855 1792 3928 utrique;
1813 3848 1868 3903 haec

538 3945 617 4002 enim
641 3949 686 4002 ost
707 3941 872 4014 methodus,
897 3959 957 4016 qua
978 3939 1052 4000 alter
1073 3941 1157 4000 altori
1181 3941 1336 4018 siguificat
1382 3943 1473 4017 Atqui
1496 3941 1583 4000 valde
1612 3957 1660 3998 me
1682 3957 1752 3999 mea
1774 3933 1866 4006 decepit

536 4031 651 4106 opinio;
682 4046 772 4105 negas
794 4019 922 4088 momen
951 4027 1005 4088 hac
1025 4027 1196 4107 pyramidis
1222 4037 1294 4088 tuae
1322 4029 1553 4088 matiternaticae
1578 4028 1702 4101 diuque
1730 4021 1866 4084 soliditatit

534 4135 604 4176 cum
633 4119 770 4182 numeria
801 4117 1027 4190 inquisitionem
1060 4114 1102 4172 od
1118 4133 1195 4182 ¹rem
1218 4119 1385 4190 pertinere,
1416 4117 1475 4186 ais,
1507 4123 1534 4173 te
1558 4114 1738 4188 produxisse
1765 4107 1863 4186 quiden

533 4205 668 4282 figuram
690 4205 914 4279 geometricam,
945 4212 976 4260 at
999 4219 1064 4260 non
1084 4201 1165 4274 ideo,
1189 4209 1225 4261 ut
1251 4206 1392 4276 protinus
1412 4202 1455 4260 ad
1475 4202 1723 4260 mathematicam
1742 4195 1863 4275 pyrami·

535 4291 581 4350 tiis
609 4292 853 4350 numerationem
883 4291 1027 4348 transiret
1056 4290 1163 4362 lector,·
1194 4298 1224 4348 et
1251 4307 1288 4348 uo
1317 4307 1376 4348 uon
1406 4291 1516 4364 optime
1549 4290 1780 4365 perciperemus,
1809 4274 1863 4355 quid

536 4377 644 4450 vehes,
674 4379 787 4454 pergis,
818 4393 882 4436 non
910 4393 944 4436 ec
966 4378 1073 4434 animo
1093 4375 1295 4434 introduxisse
1314 4376 1506 4454 pyramidem
1529 4377 1743 4451 geometricam
1771 4375 1802 4428 in
1820 4367 1864 4422 ruo

536 4463 851 4536 demonstrationibus,
877 4469 934 4520 aut
955 4470 991 4521 ut
1012 4464 1078 4532 ejus
1099 4465 1246 4521 materiae
1267 4461 1412 4541 (intelligo
1421 4462 1584 4522 'soliditatis
1599 4458 1776 4536 abstractae)
1797 4455 1864 4512 idea·

424 4593 428 4608 .
534 4555 651 4612 litatem
672 4549 939 4622 consideraremus,
962 4555 1019 4607 aut
1038 4549 1197 4610 soliditatis
1216 4557 1318 4625 parter
1339 4549 1381 4610 ad
1402 4553 1532 4608 inuicem
1546 4562 1800 4624 comparamur,
1820 4542 1862 4596 out

535 4637 758 4714 loupitudinem
781 4639 975 4710 metiremur;
1003 4634 1080 4693 adeo
1105 4637 1153 4692 vix
1184 4636 1314 4711 tibiipsi
1342 4637 1487 4696 anniano
1517 4634 1702 4712 explicando.
1747 4633 1821 4705 linge
1838 4630 1861 4680 vl

537 4725 584 4784 vei
608 4723 725 4784 modom
748 4724 825 4784 clara
848 4723 929 4799 loqui
953 4723 1066 4798 incipis,
1089 4722 1328 4799 necquidquam
1349 4725 1565 4800 aenigmatibus
1588 4721 1727 4794 involvis,
1750 4714 1858 4785 intelligo

537 4811 585 4872 sci
607 4809 739 4883 taudem,
771 4819 800 4870 to
827 4809 927 4886 liguris
954 4811 997 4868 uti
1028 4815 1059 4890 pt
1089 4811 1226 4884 picturis,
1255 4827 1321 4868 cum
1350 4810 1564 4882 matlrematicis
1591 4809 1703 4885 ligurus
1730 4810 1785 4866 sint
1809 4802 1859 4858 1⁰⁶⁰

537 4898 789 4974 diagrammatom.
835 4897 985 4972 intelligo,
1009 4898 1139 4971 picturas
1161 4904 1228 4954 tuas
1251 4899 1325 4956 inter
1347 4915 1379 4958 se
1401 4897 1525 4956 multum
1547 4896 1679 4970 differrc3
1706 4912 1780 4971 quas
1799 4887 1857 4948 enim

536 4984 576 5044 od
597 4993 727 5062 systema
747 4987 891 5044 musicum
914 4985 1073 5062 pertinent,
1101 5000 1152 5040 eas
1176 4991 1208 5042 ut
1231 4982 1443 5062 diagrammata
1466 4984 1673 5044 mathematica
1699 4978 1856 5042 consilum

541 5071 689 5146 dehemus,
713 5089 789 5148 quac
811 5071 849 5132 ad
872 5071 1004 5149 physica,
1028 5086 1087 5127 non
1110 5069 1260 5130 debemus.
1307 5071 1383 5132 Vera
1403 5081 1435 5130 tn
1459 5075 1516 5130 iata
1537 5071 1653 5149 analysi
1668 5069 1710 5130 X.
1733 5062 1855 5146 propositt

538 5157 703 5225 discrimina
733 5175 810 5218 nunc
839 5159 959 5219 crlrihes
988 5156 1081 5217 oculis
1104 5137 1320 5233 conspicienda.
1364 5159 1465 5218 Pauca
1495 5166 1592 5218 nmen
1622 5157 1748 5216 subsunt
1767 5154 1854 5232 prum

538 5247 663 5324 vestigia
691 5263 800 5308 noras:
835 5245 967 5330 quondum
997 5244 1084 5304 didici
1105 5243 1267 5326 ¹conciliare
1297 5263 1374 5322 qnae
1409 5253 1571 5323 sequnntur
1608 5261 1675 5305 cum
1703 5235 1852 5322 praemissit

531 5346 543 5372 x
1728 5370 1729 5373 ,
