4242 6384
517 768 582 831 844
1036 767 1186 824 Ptolemaei
1204 765 1358 824 Harmonia.

516 942 545 998 in
564 943 722 1012 praedicato
749 941 855 1012 speeies
879 942 1093 1000 mathematicas.
1130 943 1273 1000 Conclusio
1292 939 1411 1010 denique
1435 948 1479 997 est
1495 939 1697 1012 quodammodo
1722 941 1777 996 loco
1792 941 1857 996 haii-

517 1022 599 1076 tualis
618 1023 792 1092 operationis.
829 1023 927 1078 Adhuc
946 1024 1077 1094 amplius:
1101 1023 1240 1078 theorema
1269 1029 1310 1076 est
1330 1020 1493 1090 speculatio,
1521 1021 1661 1092 problema
1684 1029 1726 1079 est
1747 1026 1859 1091 ops-rnna

519 1115 602 1154 causa
620 1115 686 1154 suae
704 1099 944 1156 demonstrationis
973 1117 1007 1156 err
1025 1102 1224 1156 theorematum
1248 1099 1524 1158 demonstrationibus
1544 1102 1678 1168 derivata,
1706 1117 1785 1154 caum
1807 1117 1861 1153 rem

518 1179 658 1248 praecepti
685 1179 713 1232 in
731 1179 784 1232 hac
808 1192 858 1236 sua
886 1177 1118 1236 demonstratione
1145 1170 1312 1244 confirmata,
1342 1179 1454 1250 ejusque
1474 1195 1539 1234 usus
1559 1187 1601 1233 est
1619 1180 1708 1234 instar
1732 1177 1863 1231 habituali

520 1257 649 1310 exercitii.
686 1257 729 1310 lta
750 1257 893 1326 multiplex
921 1266 964 1310 est
987 1259 1175 1326 symbolisatin
1199 1261 1263 1326 ista,
1293 1261 1315 1312 si
1335 1259 1482 1312 secundum
1507 1257 1593 1326 magis
1621 1267 1648 1313 et
1672 1259 1762 1311 minus
1786 1259 1865 1311 omnia

518 1337 720 1390 consideremus
746 1351 807 1388 cnm
832 1336 998 1390 Ptolemaeo.
1035 1337 1090 1392 Sed
1115 1337 1196 1412 plena
1222 1335 1345 1391 trifariae
1373 1335 1553 1390 distinctionis
1578 1333 1640 1390 idea
1667 1343 1709 1390 est
1735 1335 1763 1388 ln
1786 1336 1865 1392 hisce:

519 1414 684 1468 astronomia
701 1415 777 1482 ipsa,
806 1429 876 1484 qnae
895 1429 991 1468 causas
1011 1415 1099 1484 aperit
1119 1415 1352 1484 apparentiarum,
1377 1423 1419 1468 est
1438 1411 1647 1482 speculationis,
1675 1411 1795 1468 calculus
1812 1433 1867 1470 rere

518 1501 641 1548 moturum
660 1493 819 1548 coelestium
838 1493 872 1547 ad
891 1501 1015 1562 tempora
1033 1495 1109 1548 cert'a
1137 1495 1177 1547 rel
1196 1494 1328 1548 revolutio
1352 1493 1486 1561 sphaerae
1509 1492 1730 1564 theoriarumque
1756 1505 1796 1550 est
1814 1509 1867 1562 ope

518 1573 631 1626 radonis
649 1573 820 1641 manuariae3
838 1572 956 1646 dqnique
974 1573 1076 1639 agnitio
1096 1581 1289 1642 tempestatum
1309 1571 1372 1625 anni
1391 1587 1424 1624 ex
1444 1569 1562 1624 siderum
1583 1579 1645 1625 ortu
1663 1582 1691 1627 et
1710 1591 1807 1630 occasu
1821 1589 1869 1625 un·
1892 1635 1893 1640 ἵ

460 1641 472 1658 ’
519 1651 707 1722 tationnmqne
733 1651 804 1704 aeris
832 1657 883 1704 etc.
908 1657 982 1720 (pars
1010 1651 1201 1721 agriculturae)
1231 1661 1259 1704 et
1282 1651 1420 1706 distinctio
1440 1647 1581 1718 plagarum
1609 1663 1643 1702 ex
1670 1661 1785 1720 aspectu
1811 1651 1868 1704 corii

519 1731 596 1798 (pars
622 1731 690 1783 artis
713 1730 878 1786 continuet..
895 1738 959 1784 sunt
984 1723 1055 1784 iuter
1080 1729 1196 1786 habitus.
1235 1729 1370 1798 Quorsum
1389 1727 1491 1782 referas
1516 1727 1597 1780 etiam
1624 1727 1784 1784 instinctum
1803 1728 1869 1782 ilina

519 1809 685 1870 naturalem,
710 1805 875 1877 agnoscendi
895 1807 1127 1876 configurationes
1145 1811 1214 1864 citra
1232 1809 1396 1876 discursum,
1425 1805 1459 1860 de
1478 1818 1531 1874 quo
1550 1804 1637 1858 multa
1661 1805 1731 1861 libro
1750 1807 1797 1860 Π.
1817 1807 1869 1860 diri.

520 1891 560 1944 sic
579 1887 660 1942 etiam
679 1887 836 1939 instinctum
855 1885 882 1938 ln
903 1882 975 1955 Sele,
994 1887 1160 1960 agnoscendi
1178 1887 1333 1942 harmonias
1352 1884 1487 1940 coelestes
1507 1925 1513 1952 ,
1533 1883 1567 1938 de
1586 1869 1704 1951 quo'lib.
1719 1885 1750 1938 V.
1764 1901 1824 1953 cap.
1841 1889 1848 1937 t
1867 1932 1870 1940 .

520 1967 558 2022 Et
575 1966 602 2020 in
620 1965 763 2019 harmonia
781 1963 901 2018 intentio
920 1979 1074 2032 causarum,
1093 1981 1127 2019 ex
1146 1966 1244 2036 quihus
1264 1972 1329 2019 sunt
1348 1963 1513 2030 harmoniae,
1532 1961 1651 2030 pertinet
1668 1963 1702 2016 sd
1717 1963 1870 2032 speculatio

520 2059 582 2098 uem
601 2058 768 2112 expressam,
786 2041 989 2096 harmoniarum
1007 2044 1035 2096 in
1048 2043 1159 2098 nucibus
1178 2051 1206 2098 et
1224 2041 1334 2098 chordis
1352 2058 1401 2112 per
1413 2041 1560 2096 sectionem
1578 2040 1695 2096 chordae
1713 2044 1871 2096 monnicam
1893 2047 1894 2108 ξ

519 2122 639 2192 pertinet
658 2120 693 2173 ad
712 2120 897 2188 operationem
914 2121 1094 2188 manuariam,
1121 2129 1150 2174 at
1168 2120 1315 2176 modulatio
1335 2129 1445 2186 cautus,
1474 2137 1522 2174 seu
1541 2135 1620 2188 uoce,
1640 2135 1689 2174 seu
1707 2137 1805 2186 mann,
1833 2137 1874 2172 sen

520 2199 616 2268 lingue
633 2205 662 2252 et
678 2198 865 2252 instrumentis
883 2198 1053 2257 sonantibus.
1075 2207 1117 2254 est
1135 2199 1170 2254 ad
1189 2200 1298 2256 habitus
1318 2198 1469 2254 referenda.
1507 2199 1642 2268 Quorsum
1661 2199 1741 2252 etiam
1763 2198 1873 2252 referen-

521 2277 573 2332 dus
591 2277 736 2331 instinctus
762 2275 810 2329 ille
827 2275 958 2332 naturalis
986 2278 1014 2331 iu
1031 2277 1201 2344 hominibus,
1229 2279 1393 2350 agnoscendi
1422 2285 1449 2334 et
1474 2275 1608 2348 probandi
1634 2277 1793 2332 harmonias
1814 2275 1894 2330 cirrsl

521 2354 603 2410 fflam
621 2353 802 2424 ffiseipiinam.
1498 2353 1504 2364 '

1073 2487 1215 2613 cneus
1243 2534 1330 2613 rus)
1517 2513 1522 2518 ’

610 2696 697 2774 Quod
719 2700 766 2759 vis
787 2697 974 2762 harmonicas
997 2703 1274 2780 contemperationis
1299 2685 1433 2762 omnihus
1456 2693 1543 2762 robus
1566 2704 1652 2774 insit,
1677 2719 1803 2778 quarum
1829 2663 1895 2759 ιιι-1

522 2821 606 2872 turae
628 2812 741 2872 altioris
763 2813 950 2890 perfecuonis
980 2814 1073 2890 mdo
1097 2818 1278 2888 consistunt,
1311 2825 1338 2874 et
1366 2815 1445 2892 quod
1476 2815 1506 2874 itl
1528 2817 1655 2874 manime
1685 2817 1873 2892 appareatis

521 2925 658 2986 humanis
682 2928 788 2984 animis
811 2929 899 3002 inque
922 2926 1100 2988 coelestibus
1123 2925 1357 2988 revolutionibus
1371 2923 1414 3006 Ἧι

611 3037 698 3113 Quod
721 3041 810 3115 igitur
837 3039 911 3098 baec
934 3040 1105 3100 harmonica
1135 3040 1260 3101 facultas
1282 3043 1396 3116 species
1419 3039 1564 3118 quaedam
1595 3043 1634 3097 sit
1656 3057 1765 3099 causae
1789 3043 1876 3097 rario-

523 3127 658 3198 cinantis,
681 3143 801 3186 amsans
825 3129 903 3185 circa
925 3130 1224 3187 commemorationes
1247 3139 1394 3200 mortium,
1423 3137 1452 3186 et
1475 3127 1554 3203 quod
1578 3129 1714 3200 scientia,
1739 3130 1768 3184 ln
1792 3127 1876 3202 hujus

523 3212 672 3273 facultatis
702 3215 964 3290 conmmpiatione
983 3225 1142 3290 occupata,
1174 3216 1286 3292 species
1317 3219 1355 3272 sit
1380 3215 1616 3284 mathematicas,
1652 3215 1774 3273 versans
1804 3218 1876 3272 cirea

525 3303 731 3379 proportiones
759 3299 987 3360 differentiarum
1019 3299 1194 3362 audibilium
1226 3301 1406 3378 tendensque
1438 3305 1466 3358 in
1498 3301 1641 3361 culturare
1671 3305 1768 3374 vitae,
1805 3319 1876 3378 quae

523 3387 602 3448 solet
623 3388 748 3446 existere
775 3405 810 3446 ex
834 3388 1097 3465 contemplatione,
1127 3392 1152 3446 si
1183 3391 1272 3448 etiarn
1304 3389 1426 3448 accedat
1454 3391 1578 3448 imitatio
1602 3405 1719 3462 eorum,
1749 3391 1803 3464 qui
1828 3389 1876 3446 suh

524 3472 680 3550 disciplina
704 3491 804 3533 eornm
827 3485 896 3534 sunt
917 3477 1083 3550 constituti,
1116 3475 1145 3534 id
1168 3493 1219 3554 per
1239 3475 1301 3552 jarn
1325 3476 1433 3536 dictum
1456 3481 1498 3534 sic
1522 3475 1727 3535 arlrrrnbratnm
1750 3485 1825 3536 este.

613 3561 827 3637 Explicandnrn
850 3579 919 3622 vero
944 3573 973 3623 et
996 3563 1184 3622 adurentem
1207 3563 1406 3626 revocandum
1429 3564 1633 3640 estamplius,
1657 3563 1737 3640 quod
1761 3579 1876 3622 necesse

525 3649 637 3724 ubique
659 3651 706 3720 sit,
730 3647 899 3708 facultatem
924 3658 1024 3712 tantae
1047 3653 1254 3726 praestantiae,
1279 3652 1354 3710 sicut
1377 3663 1406 3710 et
1423 3661 1534 3710 ceteras
1551 3645 1689 3732 (rationis
1707 3645 1876 3728 facultates]

526 3737 662 3796 omnibns
686 3737 774 3796 etiarn
798 3736 864 3795 eliis
889 3742 984 3798 inesse
1007 3738 1110 3811 rebus,
1142 3755 1218 3814 quae
1240 3739 1415 3814 principium
1438 3749 1535 3797 motus
1558 3739 1669 3798 habent
1691 3740 1720 3794 in
1744 3755 1776 3796 se
1801 3741 1877 3812 ipsis,

526 3825 556 3882 iu
581 3833 724 3900 quantum
753 3824 782 3882 id
806 3829 930 3899 quaevis
959 3825 1062 3898 habet,
1094 3827 1225 3904 inprimis
1257 3843 1325 3884 vero
1354 3835 1384 3884 et
1413 3826 1581 3902 plenissime
1610 3828 1696 3884 rebus
1720 3827 1772 3895 iis,
1806 3841 1878 3899 quae

525 3912 706 3988 perfectioris
729 3921 759 3971 et
780 3912 977 3972 rationalioris
1000 3922 1123 3972 naturae
1145 3923 1214 3972 sunt
1235 3915 1408 3990 participes,
1431 3921 1549 3989 propter
1572 3921 1653 3971 ortus
1675 3914 1878 3988 cognationem

449 4001 455 4012 “
527 4008 558 4058 at
578 3999 808 4058 familiaritatem
817 3994 883 4074 ¹¹¹);
911 4003 941 4058 iu
965 4003 1001 4058 iis
1024 4003 1133 4076 qnippe
1156 4001 1226 4060 solis
1255 4000 1377 4058 evidens
1401 4001 1462 4060 lieri
1485 4009 1595 4078 potest,
1626 4015 1714 4075 quarn
1738 3998 1791 4056 illa
1815 3999 1878 4056 har-

527 4088 627 4146 mouin
649 4097 679 4145 et
700 4089 860 4146 universim
882 4097 913 4148 et
934 4097 1070 4147 accurate
1093 4096 1210 4147 tueatur
1233 4082 1389 4168 (qnantum
1416 4087 1533 4164 quidem
1556 4087 1616 4146 fieri
1633 4089 1752 4144 omnino
1769 4080 1877 4161 potest]

527 4173 749 4232 similitudinem
774 4178 1003 4250 proportionum,
1027 4175 1135 4250 quibus
1159 4178 1188 4232 in
1212 4174 1401 4233 dissimilibus
1415 4177 1571 4252 speciebus
1595 4175 1695 4250 aliqua
1711 4181 1798 4248 grata
1813 4191 1878 4230 corr·

505 4261 701 4341 ,temperatio
735 4270 765 4319 et
798 4265 1005 4322 convenientia
1040 4265 1233 4322 constituitur.
1287 4261 1321 4320 In
1357 4265 1524 4322 universnm
1561 4264 1637 4322 enirn
1675 4259 1878 4336 urraqnaellher

530 4365 629 4408 earnm
653 4365 760 4416 rerum,
783 4365 857 4426 quas
880 4358 986 4408 natura
1008 4350 1154 4428 gubernat
1175 4357 1204 4407 et
1227 4349 1436 4426 complectitur,
1460 4351 1656 4432 proportionis
1672 4349 1801 4424 alicujus
1818 4365 1878 4423 par-

529 4437 621 4512 ticeps
652 4444 699 4493 est
722 4452 788 4494 curn
818 4437 850 4492 in
872 4437 1018 4509 motibus,
1049 4439 1223 4502 tumetium
1258 4439 1285 4494 iu
1310 4437 1449 4512 subjectis
1477 4438 1533 4496 sihi
1562 4439 1707 4508 materiis,
1738 4437 1825 4511 cujus
1847 4432 1878 4508 ad

528 4525 742 4602 praescriptum
763 4538 1021 4603 commoneamque
1043 4525 1164 4582 rationis
1188 4517 1234 4604 (in
1258 4533 1398 4600 quantum
1422 4524 1473 4582 illa
1495 4523 1613 4600 quidem
1645 4523 1798 4582 observari
1823 4540 1878 4578 orn-

529 4611 598 4669 uiuo
622 4610 848 4685 conservarique
870 4605 985 4691 potest)
1008 4619 1038 4670 et
1059 4613 1210 4685 generatio
1234 4614 1264 4670 in
1286 4629 1316 4670 rs
1340 4613 1415 4670 inest
1446 4619 1476 4670 et
1498 4611 1679 4670 alimentatio
1713 4620 1742 4669 et
1766 4625 1878 4669 conser-

532 4699 613 4756 uatio
632 4707 667 4756 et
690 4695 831 4772 quiequid
853 4699 971 4756 omnino
994 4697 1123 4756 melioris
1147 4704 1235 4757 notae
1258 4698 1313 4758 dici
1338 4705 1452 4774 potente
1475 4714 1626 4769 cumrato
1648 4698 1737 4769 rebus
1761 4692 1877 4777 (quihus

530 4783 649 4860 quidem
673 4787 786 4862 potest)
808 4783 1036 4844 ademtafuerit
1056 4785 1133 4843 haec
1154 4784 1381 4844 familiarissima
1402 4785 1538 4858 facultas,
1563 4786 1661 4844 omnia
1682 4795 1753 4843 tunc
1776 4799 1876 4842 eorum.

530 4888 607 4946 quac
633 4872 696 4947 jam
727 4871 868 4944 diximus,
900 4873 1045 4930 contraria
1075 4873 1111 4929 iis
1142 4873 1280 4931 eveniunt
1308 4881 1454 4948 ruuntque
1483 4879 1512 4930 ei
1533 4880 1658 4948 vergunt
1686 4875 1715 4928 in
1737 4865 1875 4947 pajnsss').

529 4957 642 5018 Verum
656 4961 687 5016 iu
702 4961 842 5019 materiae
857 4961 950 5036 ipsius
967 4959 1144 5020 motionibus
1168 4959 1330 5019 alteratlvis
1354 4958 1391 5022 id
1406 4975 1464 5018 non
1481 4961 1523 5018 ite
1537 4961 1726 5036 conspicuum
1742 4965 1797 5030 est,
1821 4971 1876 5014 cnm

531 5047 561 5102 in
584 5044 636 5104 illa
657 5063 752 5124 neque
776 5049 925 5123 quantitas
947 5057 1043 5123 nequ'e
1068 5045 1195 5123 qualitas
1219 5053 1335 5124 propter
1357 5035 1579 5106 instabilitatem
1607 5045 1791 5106 determinari
1815 5059 1876 5120 pos·

532 5127 633 5210 aitV),
653 5135 683 5191 in
707 5135 835 5194 niorihus
859 5151 942 5208 vero,
972 5135 1023 5210 qui
1051 5141 1084 5192 ut
1112 5134 1268 5212 plurimum
1297 5137 1371 5193 inter
1400 5135 1513 5210 species
1540 5149 1593 5194 acu
1622 5133 1730 5193 formas
1761 5145 1874 5192 conuer-

532 5221 683 5303 aautnril)
707 5223 789 5309 [saint
811 5229 910 5284 eutem
932 5221 963 5297 ti,
986 5221 1037 5304 qui
1059 5223 1160 5282 insunt
1182 5221 1279 5299 rebus,
1301 5229 1420 5284 naturas
1435 5221 1624 5303 perfectiores
1638 5227 1668 5282 et
1682 5219 1874 5284 rationaliores
