4242 6384
518 767 581 826 ιιι
983 759 1151 831 Appendicis
1167 759 1392 816 Harmonicorum

517 939 590 1000 torte
613 939 709 998 minus
732 943 862 998 attentus
886 937 925 998 ad
947 937 1104 998 verborum
1125 955 1256 1000 meomm
1279 957 1400 1000 sensnm
1420 939 1496 1018 iuit',
1518 943 1698 1000 ιοιιιιιιιιιιιιι
1720 937 1802 1014 opeda
1812 939 1845 994 tui

518 1029 647 1086 vicissim
670 1021 819 1104 exuat.⁴⁸)

605 1114 733 1172 Primum
757 1114 832 1172 lanio
856 1111 1010 1172 discrimen
1028 1115 1064 1178 ,in
1087 1115 1219 1172 materia.
1264 1115 1340 1174 Nam
1362 1131 1429 1174 cum
1451 1111 1526 1170 nibil
1547 1113 1587 1171 sit
1611 1113 1641 1170 in
1664 1117 1728 1169 toto
1748 1110 1847 1180 mundo,

518 1198 596 1277 quod
627 1203 726 1279 operis
756 1203 797 1259 tui
829 1199 997 1278 amplitudo
1022 1216 1081 1258 non
1112 1201 1339 1278 complectatur,-
1368 1201 1405 1262 dc
1428 1202 1532 1260 ceteris
1558 1199 1679 1275 quidem
1711 1201 1799 1274 operis
1817 1200 1850 1254 ιιί

518 1287 650 1366 partibus
680 1305 756 1346 unus
786 1304 842 1364 ego
873 1305 931 1346 non
955 1285 1103 1346 intercedo
1125 1288 1271 1364 suiiragiis
1303 1297 1347 1348 tot
1369 1288 1522 1348 doctorum
1544 1289 1690 1358 viromm,
1724 1303 1796 1360 quac
1814 1284 1851 1342 al·

516 1375 614 1448 leqaeq
638 1373 718 1450 quod
742 1391 811 1434 vero
835 1385 948 1450 partem
971 1373 1054 1434 illem
1077 1377 1183 1434 attinet
1205 1377 1442 1454 mathematicas,
1463 1391 1540 1450 quae
1563 1373 1735 1432 harmonice
1756 1371 1854 1441 dicitur,

519 1477 605 1538 spero
629 1460 773 1536 equidem,
797 1479 843 1522 me
867 1461 1111 1536 diagrammatom
1133 1480 1264 1522 meorum
1287 1481 1412 1540 operosa
1433 1459 1629 1539 suppellectili
1655 1458 1855 1518 demonstrasse

517 1549 854 1624 lectoribus.egregiam
886 1548 1087 1622 voluntatem,
1119 1559 1257 1610 conatum
1287 1569 1339 1612 seu
1366 1554 1485 1620 ndum,
1524 1565 1572 1606 rer
1601 1551 1686 1622 ipsus
1718 1547 1854 1604 ιἰιιιιιιιιι
1899 1559 1901 1618 ,

518 1636 698 1695 obscuritate
721 1639 754 1693 in
776 1638 851 1694 tacis
874 1637 1057 1698 intellectam
1078 1637 1273 1713 proferendi,
1305 1654 1371 1698 cum
1393 1645 1424 1696 tu
1448 1637 1577 1694 vicissim
1598 1633 1773 1692 harmonica
1792 1643 1856 1690 trac·
1899 1631 1901 1694 ἕ

517 1731 561 1782 ιιι
585 1721 673 1798 paulo
696 1722 797 1796 aliter,
829 1721 939 1798 illeque
962 1722 1246 1803 quantitatibus·(id
1269 1734 1315 1784 est
1342 1743 1409 1786 meo
1428 1722 1542 1799 judicio
1571 1721 1637 1780 luce
1660 1719 1731 1798 sua)
1752 1720 1855 1796 spolies.

519 1810 595 1868 Nam
618 1809 674 1868 hoc
697 1809 857 1868 secundnm
876 1810 938 1886 jam
961 1817 1006 1868 est
1030 1809 1185 1870 discrimen
1200 1811 1425 1887 ¹observandum
1446 1813 1477 1868 iu
1498 1809 1596 1868 serbis
1611 1809 1697 1882 meis,
1716 1806 1798 1882 quod
1818 1807 1856 1864 illa

519 1913 577 1954 uun
602 1896 638 1955 de
662 1897 813 1974 proiectu,
843 1895 895 1954 sed
914 1896 955 1958 de
979 1905 1087 1956 conatu
1115 1897 1284 1973 loquuntur.
1330 1897 1407 1974 Quid
1438 1898 1526 1972 igitur
1547 1895 1600 1954 tibi
1630 1897 1672 1960 sit
1704 1897 1782 1952 eirca
1801 1893 1857 1952 bar·

520 1985 637 2048 monica
660 1986 851 2060 propositum,
872 1985 934 2058 jem
956 2001 1045 2060 supra
1068 1983 1176 2056 dixisti,
1200 1987 1300 2044 molto
1321 1989 1356 2044 irs
1366 2003 1471 2060 puoso
1486 2000 1684 2060 oonprrpare,
1706 1989 1857 2040 ananan
1899 2029 1901 2055 ,

521 2071 711 2131 harmonicas
733 2073 892 2130 essentium
907 2071 1052 2146 coiiipere,
1075 2072 1281 2148 [ascolensem
1295 2069 1734 2150 substantium(quuntitatum‚
1757 2079 1787 2125 ut
1800 2069 1859 2124 inim
1899 2104 1900 2137 2

522 2157 663 2236 explicas)
684 2159 815 2232 rejicere,
840 2157 921 2233 qood
942 2157 1055 2218 bonurn
1079 2165 1120 2218 eu
1141 2162 1176 2216 in
1196 2178 1251 2218 suo
1263 2163 1391 2236 proprio
1413 2159 1537 2218 omorio
1551 2156 1629 2236 (sunt
1647 2167 1751 2214 autem
1766 2156 1858 2230 figurae
1899 2140 1900 2199 l

520 2243 776 2322 hieroglyphicas,
806 2245 861 2304 hoc
891 2251 936 2304 est
965 2245 1145 2321 aenigmata)
1174 2247 1327 2308 collocare.
1371 2245 1437 2305 Hoc
1466 2247 1543 2302 enim
1566 2245 1620 2320 tibi
1643 2252 1691 2302 est
1722 2261 1858 2300 arcanam
1899 2276 1900 2315 ,

517 2333 657 2390 scientiae
688 2331 834 2407 detepere,
867 2332 1017 2391 scordium
1039 2333 1245 2408 manifestare,
1268 2336 1360 2392 sirei
1379 2331 1576 2392 harmonicae
1596 2337 1720 2388 notwo
1742 2333 1858 2400 intono,

519 2417 647 2476 vestibus
669 2427 761 2478 centn
784 2419 1012 2495 (quantitatum),
1043 2419 1222 2478 includatur
1241 2421 1360 2496 tipum
1381 2419 1620 2496 hieropiyplsicoe
1641 2425 1782 2476 noturue
1801 2435 1859 2472 sune

520 2513 571 2563 tue
592 2504 705 2580 judicio
727 2509 826 2580 inopie
848 2513 947 2580 opine,
971 2514 1006 2566 ut
1028 2508 1063 2563 irs
1083 2525 1121 2564 eo
1143 2514 1294 2581 tunquam
1316 2511 1350 2564 in
1370 2508 1491 2582 speculo
1515 2504 1561 2563 vel
1583 2506 1757 2580 aenigmate
1780 2507 1860 2562 cinus

521 2593 585 2663 ejus
607 2591 719 2666 absque
740 2595 917 2652 mannitione
939 2593 1102 2652 antonna
1125 2594 1219 2652 oculis
1242 2601 1270 2652 et
1291 2597 1397 2652 ocimo
1412 2595 1626 2668 compiciotur.
1674 2590 1764 2665 Quod
1788 2593 1859 2664 igitur

521 2681 689 2754 aenigmate
712 2685 777 2750 tua,
810 2679 981 2740 harmonica
1012 2681 1148 2756 inquam,
1179 2681 1336 2740 tenebrosa
1357 2678 1491 2758 appello,
1520 2679 1627 2754 loquor
1650 2696 1688 2736 ex
1709 2677 1819 2752 judicio
1838 2690 1859 2734 ιι

520 2775 607 2840 captu
630 2781 709 2838 meo,
724 2785 727 2794 ’
743 2773 771 2823 ιι
792 2765 888 2826 habeo
912 2775 941 2826 te
965 2765 1200 2842 astipulatorem,
1229 2770 1280 2844 qui
1308 2784 1414 2842 negas,
1446 2776 1526 2825 tuam
1549 2767 1746 2826 intentionem
1767 2764 1858 2838 subjici

521 2851 815 2912 demonstrationibus
837 2853 1065 2926 mathematicis,
1094 2855 1157 2913 sine
1180 2855 1287 2929 quibus
1311 2871 1367 2930 ego
1390 2871 1496 2914 coecus
1518 2871 1599 2925 sum;
1629 2853 1683 2915 tibi
1712 2861 1744 2910 tu
1769 2852 1860 2908 sideris

520 2939 748 3000 luculentissime
781 2943 878 2998 omnia
909 2940 1084 3018 depingere,
1118 2939 1218 3014 figuris
1248 2942 1476 3018 hieroglyphicis
1510 2938 1598 3000 valde
1633 2939 1859 3014 significantibus

521 3026 674 3104 explicare.
718 3025 756 3084 lit
778 3025 850 3084 illud
872 3027 941 3084 mibi
966 3035 995 3086 et
1017 3029 1071 3086 tibi
1091 3026 1150 3086 boo
1174 3027 1308 3101 videtur;
1337 3027 1521 3088 abundemus
1548 3033 1671 3100 uterque
1695 3043 1755 3084 suo
1777 3043 1860 3093 sensu,
1899 3069 1901 3072 s

521 3114 633 3188 judicet
654 3112 747 3172 lector
769 3121 798 3170 ct
822 3115 983 3190 composita
1005 3113 1041 3174 lis
1065 3117 1127 3174 erit.
1174 3115 1252 3174 Illud
1275 3114 1370 3191 solum
1392 3115 1463 3174 mibi
1482 3112 1674 3191 relinquatur,
1697 3111 1862 3189 quodnulla
1899 3157 1901 3160 s

524 3201 631 3276 injuria
652 3217 705 3258 nec
728 3207 780 3258 tuo
803 3201 831 3256 in
855 3199 1031 3262 harmonicis
1053 3219 1143 3278 scopu
1167 3205 1352 3278 aenigmata,
1384 3221 1439 3262 nec
1459 3217 1526 3260 mco
1548 3202 1666 3260 corratui
1689 3218 1789 3260 rerum
1817 3200 1862 3256 ob

527 3303 677 3346 scuranum
694 3286 927 3362 explicationem,
952 3305 1028 3362 quse
1050 3288 1083 3346 fit
1105 3305 1158 3364 per
1180 3290 1271 3349 verba
1293 3299 1322 3348 et
1345 3290 1534 3365 quantitates,
1556 3288 1655 3346 tribui,
1699 3286 1781 3346 Nam
1802 3284 1862 3342 illud

524 3372 560 3432 de
582 3379 634 3432 tuo
657 3390 746 3450 scopo
766 3373 829 3448 jam
852 3373 946 3431 verbis
970 3375 1027 3432 tuis
1049 3376 1141 3450 ipsius
1163 3378 1297 3451 probaui,
1320 3375 1376 3436 hoe
1399 3375 1436 3436 de
1458 3393 1523 3436 meo
1540 3383 1646 3434 conatu
1669 3391 1788 3434 mrsum
1812 3383 1862 3431 turc
1898 3418 1899 3447 ,

522 3462 584 3536 ipse
608 3459 721 3536 analysi
744 3476 822 3517 nona
852 3477 883 3518 es
906 3459 1017 3530 lassus,
1048 3479 1095 3522 me
1117 3465 1323 3522 consonantias
1347 3463 1448 3535 coelo,
1481 3470 1572 3533 terra,
1604 3475 1662 3518 non
1684 3461 1801 3528 meliori
1823 3462 1861 3515 ria

524 3565 612 3622 quam
634 3546 849 3622 longitudinum
873 3547 1058 3622 proportione
1081 3549 1232 3609 enucleare
1256 3567 1352 3626 posse.
1396 3551 1434 3609 Et
1447 3552 1558 3626 passim
1576 3549 1788 3608 verbositatem
1803 3547 1853 3604 mih

525 3634 643 3709 objicis,
678 3651 737 3710 qua
760 3651 788 3692 re
812 3634 1046 3709 perspicuitatem
1077 3639 1177 3711 ntique
1199 3636 1328 3696 solemus
1350 3638 1501 3709 affectare,
1532 3653 1598 3695 oum
1621 3643 1653 3692 tu
1682 3654 1777 3712 saepe
1806 3636 1858 3693 locu
1897 3634 1898 3719 l

523 3721 687 3794 verborum,
712 3738 787 3796 quae
810 3737 943 3792 recusas,
968 3719 1108 3779 exhibeas
1129 3724 1266 3797 picturas.
1897 3722 1898 3737 ¹

611 3807 713 3884 Neque
736 3817 834 3867 tamen
856 3807 913 3867 boc
935 3805 1011 3866 idem
1035 3819 1096 3882 est,
1118 3825 1154 3867 ac
1176 3813 1201 3867 si
1223 3818 1251 3870 te
1275 3809 1413 3872 inissem
1439 3810 1537 3868 colore
1557 3813 1703 3884 mysterio
1729 3819 1858 3869 ιιιιιιιιι.
1896 3844 1897 3893 ,

526 3894 605 3970 quod
628 3889 846 3972 est'propositi.
892 3895 954 3952 Etsi
977 3895 1054 3957 euim
1078 3895 1163 3961 mibi,
1187 3899 1237 3971 qui
1259 3897 1474 3956 mathematicis
1497 3895 1799 3961 demonstrationibus
1819 3915 1858 3952 as·

526 3983 621 4060 suevi,
649 3981 773 4042 multum
803 3981 986 4041 tenebrarum
1011 3981 1164 4042 offundunt
1185 3974 1224 4040 'in
1253 3984 1429 4044 harmonicis
1456 3983 1677 4059 hieroglyphice
1707 3993 1777 4056 tua,
1810 3983 1858 4040 lieri

524 4077 622 4128 temen
642 4075 743 4145 petest
770 4079 800 4128 et
829 4067 936 4126 ιιιιιιιιιΙ
960 4069 1065 4142 credo,
1097 4077 1130 4127 ut
1153 4078 1184 4128 tu
1209 4072 1438 4138 existimaveris,
1467 4077 1496 4129 te
1518 4069 1753 4134 luculentissime
1776 4073 1858 4130 omisis

526 4153 743 4236 depingerc.⁴·⁵)
789 4154 865 4230 Quin
889 4174 925 4214 ne
948 4155 1004 4214 boe
1027 4155 1145 4232 quidem
1167 4174 1258 4216 ausus
1280 4157 1399 4217 inissem
1422 4158 1536 4232 dicere,
1558 4157 1638 4232 quod
1661 4165 1693 4216 tu
1727 4178 1795 4236 pag.
1820 4159 1855 4214 li.
1895 4194 1896 4235 3

528 4241 564 4302 dc
587 4251 617 4302 ιι
641 4242 718 4303 credi
742 4244 803 4316 vis,
835 4249 863 4300 tc
887 4243 1002 4302 occulta
1024 4260 1186 4319 proposse
1209 4244 1425 4318 manifestasse,
1453 4262 1521 4315 nam
1543 4243 1697 4321 plorabis
1721 4256 1752 4306 tc
1774 4262 1856 4323 posse,
1895 4240 1896 4301 l

527 4347 617 4404 quarn
639 4347 699 4388 nna
721 4331 787 4390 viee
809 4327 896 4388 libuit
918 4335 1083 4404 praestare,
1105 4330 1353 4398 malimerederc.

615 4415 698 4490 Quae
722 4416 857 4491 deinceps
880 4425 1036 4492 praecepta
1060 4420 1224 4493 sapientum
1248 4426 1309 4477 tute
1333 4418 1386 4476 tibi
1409 4419 1466 4494 ipsi
1489 4418 1606 4498 objicis,
1629 4421 1771 4494 mysteria
1791 4417 1857 4492 pisy·

526 4505 588 4564 sica
610 4503 763 4576 revelanti,
787 4520 822 4562 ea
845 4501 932 4562 velim
955 4521 974 4562 a
996 4511 1025 4563 te
1041 4505 1105 4579 ipso
1121 4504 1255 4575 dissolvi.
1300 4506 1435 4564 Forsitan
1454 4507 1530 4563 enim
1545 4505 1658 4578 aliquid
1674 4506 1787 4578 sileres,
1809 4519 1855 4578 quo
1894 4510 1895 4535 ³

526 4599 556 4650 et
578 4592 641 4666 ipso
658 4592 738 4649 ¹sueri
759 4607 806 4648 me
829 4591 948 4665 possim,
971 4589 1138 4652 harmonias
1161 4591 1303 4651 coelestes
1325 4593 1354 4648 in
1376 4591 1470 4652 lucem
1492 4591 1641 4666 protereus
1663 4595 1855 4651 stridentium

524 4681 558 4735 in
580 4679 703 4736 scientio
724 4684 835 4734 secreto
856 4694 1007 4735 remoraris.
1056 4676 1133 4752 Quin
1158 4681 1245 4737 etiam
1268 4680 1322 4738 tibi
1344 4680 1401 4755 ipsi
1423 4681 1574 4752 quaerenti
1598 4687 1659 4738 tute
1682 4678 1853 4756 respondeto.

525 4781 586 4838 our,
610 4781 675 4824 enm
697 4781 804 4823 arcena
826 4763 949 4841 physica
970 4763 1079 4824 mundo
1101 4765 1286 4841 propalatum
1310 4783 1375 4838 ees,
1409 4767 1624 4840 aenigmatibus
1655 4769 1755 4842 potius
1777 4766 1853 4823 utaris

523 4854 553 4908 in
576 4852 670 4910 vicem
691 4849 855 4910 sermonis?
1020 4911 1024 4918 ,
1752 4902 1756 4908 ,

614 4936 730 5012 Quaero
755 4939 881 4996 vicissim
904 4955 969 5014 ego,
993 4955 1043 4997 cur
1064 4954 1238 4998 succenseas
1260 4937 1340 5012 milri,
1364 4930 1532 5015 aenigmata
1552 4939 1605 4996 tibi
1629 4940 1773 5007 tribuenti,
1798 4953 1851 4998 cun

525 5024 581 5084 heo
612 5027 677 5104 ipea
698 5041 785 5101 super
813 5041 843 5084 re
865 5033 925 5104 tam
954 5041 1076 5102 operose
1099 5033 1128 5086 te
1151 5023 1363 5086 defendendum
1387 5026 1441 5084 tibi
1473 5025 1591 5084 alinea
1617 5027 1665 5084 16.
1693 5021 1851 5102 putareris?

525 5111 629 5171 Nonne
652 5128 721 5188 crgo
745 5113 844 5170 lateris
866 5113 1032 5188 aenigmata
1055 5113 1218 5185 tenebrosa,
1242 5114 1361 5173 sirecte
1384 5119 1454 5172 ate
1476 5121 1619 5188 usurpata
1636 5113 1804 5183 contendis,
1830 5109 1848 5164 si

525 5197 666 5284 exemplis
687 5205 716 5260 te
739 5201 852 5280 maguis
875 5198 994 5263 munis?
1037 5199 1158 5262 Licetne
1187 5198 1258 5260 mibi
1281 5208 1364 5260 tuum
1393 5203 1422 5260 iu
1445 5205 1527 5262 tauta
1549 5201 1692 5265 sermonis
1723 5202 1848 5278 inaequa-
