4242 6384
535 773 599 832 trs
1004 762 1414 834 Appendicisiiarmorticornm

536 963 624 1024 quarn
647 951 762 1022 tempus
784 942 933 1001 nominare
955 939 1100 1015 solemus,
1122 945 1210 1004 miror
1232 961 1287 1022 eqo
1312 945 1458 1017 sicusim,
1478 943 1576 1026 mirari
1598 949 1643 1016 te,
1666 943 1792 1014 Roboris,
1810 959 1846 1001 cor

429 1048 432 1058 ·
536 1033 609 1092 nihil
632 1030 789 1091 admodum
819 1028 855 1088 de
878 1028 1058 1104 temporibus
1085 1033 1301 1108 perscripserim
1329 1035 1357 1088 in
1388 1048 1475 1108 opere
1504 1030 1692 1090 Harmonice.
1735 1029 1804 1104 Quae
1825 1043 1848 1086 tu

533 1121 628 1184 ,verba
650 1136 685 1177 eo
709 1119 916 1192 interpretaris,
939 1123 1104 1192 temporum
1123 1119 1343 1195 inquisitionem
1365 1136 1385 1178 a
1406 1136 1453 1176 mc
1476 1117 1612 1178 hirolam
1634 1121 1779 1178 aestimari.

624 1207 669 1264 An
693 1205 868 1276 nonenim,
893 1219 1002 1278 quasso
1026 1212 1071 1276 te,
1094 1221 1160 1266 cum
1184 1208 1280 1281 capite
1309 1208 1356 1266 13.
1380 1214 1498 1264 cantum
1520 1204 1684 1276 detinirem,
1711 1202 1853 1282 partiarbn
1891 1226 1892 1231 ¹

536 1295 696 1356 definitioni
720 1293 836 1362 inserui,
861 1307 937 1365 quae
959 1299 1124 1367 temporum
1145 1292 1386 1368 complecteretur
1400 1291 1576 1352 mensuras?
1622 1294 1668 1352 An
1682 1289 1853 1368 potestquid-
1891 1344 1892 1365 ,

538 1400 626 1458 quam
649 1379 796 1439 aestimari
817 1377 981 1455 frivolam,
1005 1377 1100 1452 quod,
1122 1383 1174 1456 qni
1196 1380 1253 1438 boc
1275 1382 1430 1438 aestimare
1453 1378 1574 1451 dicitur,
1602 1382 1633 1436 irt
1654 1377 1809 1438 delinitione
1826 1380 1857 1435 rei
1891 1382 1892 1455 ᾖ

536 1467 642 1547 ponit?
688 1467 733 1524 An
757 1481 814 1524 nno
840 1466 969 1522 vicissim
992 1467 1020 1522 in
1044 1465 1239 1541 explicatione
1263 1467 1342 1525 illius
1365 1467 1526 1542 particulae
1547 1466 1600 1526 iol.
1618 1469 1690 1527 118.
1712 1464 1858 1544 paragraphi

539 1557 575 1616 de
598 1555 741 1614 mensuris
763 1559 863 1628 aperte
886 1553 957 1610 satis
980 1569 1097 1610 causam
1124 1555 1277 1614 brevitatis
1301 1553 1458 1613 lectoribus
1488 1552 1630 1624 iudicari,
1656 1571 1724 1614 stou
1746 1569 1801 1610 aare
1817 1553 1858 1608 rci-

537 1645 603 1704 iicrt
625 1643 756 1702 instituti
777 1641 837 1698 mei
859 1640 893 1696 itt
915 1639 969 1698 boe
990 1657 1079 1712 opere
1110 1641 1147 1700 de
1168 1644 1319 1700 mmsurt's
1341 1640 1519 1716 disputare?
1564 1639 1641 1714 Quid
1673 1642 1794 1710 miraris,
1817 1654 1858 1694 aon

537 1731 622 1808 plura
649 1746 667 1786 a
690 1744 736 1785 me
759 1724 932 1802 disputata?
977 1725 1104 1784 Causam
1120 1731 1248 1804 accipe:
1278 1744 1336 1785 uon
1367 1728 1422 1786 luit
1450 1727 1575 1786 instituti
1604 1729 1680 1801 mei;
1711 1743 1859 1802 quamquan

541 1819 630 1878 etiam
652 1815 727 1874 libro
752 1812 804 1870 tv.
827 1811 879 1872 iol.
903 1812 974 1870 228.
999 1811 1265 1891 addidipaucula,
1290 1832 1367 1888 quae
1389 1816 1466 1874 circa
1487 1831 1640 1874 mensuras
1663 1815 1753 1872 habet
1772 1815 1861 1888 poetis

538 1921 605 1964 curn
627 1900 769 1960 artificiali
792 1900 904 1958 musica
926 1902 1101 1972 communia,
1124 1904 1196 1977 quia
1217 1903 1257 1960 ibi
1281 1901 1338 1960 laci
1360 1901 1415 1960 luit
1436 1902 1562 1960 instituti
1584 1903 1641 1960 mei
1665 1901 1805 1976 explicare
1823 1917 1862 1954 ra-
1891 1910 1892 1991 p

539 1993 672 2050 rietatem
696 1987 910 2062 stheotorum,
934 1987 962 2041 in
986 1987 1093 2061 quibus
1117 1997 1215 2047 essent
1237 1989 1415 2048 harmoniae.
1891 1996 1892 2067 i

627 2074 710 2150 Quae
732 2074 819 2148 affers
841 2081 1023 2150 arguments,
1047 2081 1080 2132 ut
1100 2076 1216 2150 probes,
1240 2074 1448 2150 disputandum
1464 2087 1530 2134 esse
1552 2071 1588 2133 ds
1603 2081 1736 2151 tempore
1754 2074 1864 2131 scribenti

540 2163 576 2222 de
599 2162 757 2221 harmoniis
780 2160 979 2236 planetarum,
1003 2175 1038 2219 ea
1062 2160 1208 2221 ducuntur
1229 2180 1248 2222 a
1269 2169 1402 2239 respectu
1427 2162 1565 2237 temporis
1586 2163 1691 2237 priori,
1717 2160 1754 2220 ds
1775 2175 1826 2235 quo
1843 2161 1864 2213 tn

539 2251 685 2328 praesenti
709 2248 933 2324 comparationis
955 2247 1100 2323 particula
1121 2248 1219 2308 nullm
1241 2249 1327 2308 nobis
1349 2257 1394 2308 est
1416 2265 1520 2308 sermo.
1566 2246 1683 2308 Graves
1700 2264 1789 2306 sonos
1803 2241 1865 2304 edu·

540 2353 612 2414 paro
636 2353 706 2396 sane
729 2335 858 2394 motibus
881 2333 1007 2406 Saturni,
1031 2345 1063 2392 ut
1087 2333 1223 2411 planetae
1246 2335 1415 2412 tardissimi,
1437 2335 1554 2404 honest
1575 2338 1625 2410 qui
1646 2334 1740 2411 longo
1759 2342 1866 2410 tempore

540 2439 643 2502 parum
667 2425 777 2482 itineris
800 2421 924 2480 coniicit.
971 2421 1011 2480 At
1032 2422 1172 2497 quamdin
1196 2423 1339 2482 Saturnus
1362 2423 1494 2482 obtineat
1516 2421 1638 2481 eandem
1660 2426 1728 2481 soni
1759 2424 1866 2497 gravita-
1891 2422 1892 2467 t

539 2520 608 2582 tem,
632 2509 753 2570 eandem
777 2510 895 2584 inquam
918 2515 948 2568 et
970 2509 1142 2568 uniformem
1164 2517 1261 2568 motus
1282 2513 1328 2567 sui
1350 2508 1525 2583 tarditatem,
1548 2509 1605 2568 hoc
1626 2509 1700 2567 nihil
1725 2511 1824 2568 attinet
1839 2505 1865 2562 ad
1891 2486 1892 2557 l

538 2598 719 2658 harmoniam
743 2595 908 2665 coelestem,
932 2602 964 2654 ut
987 2597 1015 2652 in
1039 2599 1215 2671 quaomnia
1237 2596 1345 2673 gradus
1368 2595 1523 2669 tarditatis,
1546 2599 1572 2654 si
1587 2589 1806 2656 accuratissime
1819 2596 1867 2667 agi·
1891 2610 1892 2657 1

540 2703 615 2757 mus,
639 2691 684 2744 est
706 2691 937 2753 momentaneus,
960 2680 1095 2757 adeoque
1117 2675 1333 2761 nec'possibile
1354 2692 1399 2742 est
1420 2683 1541 2756 homini,
1563 2700 1721 2759 procurare
1738 2682 1867 2740 duramen
1891 2688 1892 2771 p

540 2772 577 2832 ad
607 2770 727 2848 aliquod
757 2778 872 2846 tempus
903 2777 1035 2828 motuum
1064 2769 1180 2830 Saturni
1212 2769 1468 2846 aequabilitatem,
1505 2787 1559 2830 nee
1586 2768 1792 2848 drdqnnaror,
1821 2779 1870 2844 post

539 2853 735 2920 constitutam
751 2857 840 2916 semel
862 2858 1106 2931 permutationem
1129 2860 1297 2918 continuam
1319 2856 1465 2916 intervalli
1493 2859 1569 2916 inter
1590 2856 1743 2932 planetam
1773 2863 1802 2914 et
1820 2855 1892 2953 torp

540 2955 599 3006 tcm
622 2946 686 3022 ejus
708 2951 814 3016 motus,
838 2959 926 3018 quam
950 2942 1097 3002 intervalli
1119 2946 1312 3005 mutationem
1334 2947 1499 3003 necessario
1522 2947 1654 3020 sequitur
1681 2945 1822 3002 continua
1839 2944 1892 3019 ing

540 3035 634 3092 tensio
657 3039 687 3092 et
708 3032 840 3092 remissio
863 3037 1003 3102 motuum,
1026 3038 1230 3108 praeterquam
1252 3034 1282 3089 in
1297 3029 1481 3106 opsidibus
1503 3031 1569 3090 Non
1585 3031 1676 3090 habet
1688 3033 1783 3107 igitur
1797 3030 1892 3101 locunt

540 3136 676 3190 mensura
698 3120 836 3194 temporis
859 3119 887 3174 itt
911 3117 1039 3176 motibus
1063 3117 1240 3182 coelestibus
1261 3117 1429 3178 harmonice
1444 3119 1677 3195 contemperatis,
1701 3119 1872 3194 inquantum
1891 3106 1892 3179 l

540 3205 707 3266 harmonice
730 3213 799 3264 sunt
821 3207 1047 3280 contemperati;
1072 3204 1162 3264 habet
1183 3223 1254 3268 vero
1277 3205 1374 3264 locum
1398 3205 1447 3264 uhi
1470 3208 1617 3283 procurari
1632 3212 1742 3280 potest,
1768 3207 1797 3262 in
1818 3204 1892 3273 hat-i

541 3295 640 3360 monia
662 3289 773 3352 scilieet
795 3290 940 3350 hnmanae
964 3293 1054 3362 vocis,
1079 3299 1112 3350 nt
1134 3309 1210 3367 quas
1233 3294 1328 3351 omnis
1351 3291 1602 3367 inaequabilitate
1624 3308 1769 3350 sonorum
1790 3286 1892 3350 versa-l

541 3387 603 3452 tur,
627 3387 660 3438 ut
682 3379 826 3455 explicavi
850 3377 923 3436 libro
946 3377 998 3434 tv.
1024 3377 1073 3436 iol.
1098 3380 1171 3439 2⁴18.
1215 3378 1277 3439 Nec
1299 3381 1375 3438 enim
1398 3381 1508 3451 omnis,
1541 3378 1594 3438 sed
1616 3378 1767 3454 humanae
1788 3377 1875 3436 mnu

541 3468 624 3526 vocis
647 3466 758 3525 musica
780 3481 885 3523 manca
906 3471 936 3522 et
958 3463 1097 3524 deficiens
1119 3475 1179 3537 est,
1203 3468 1266 3524 sine
1279 3477 1423 3525 ’mensura
1445 3469 1592 3541 temporis.
1639 3466 1675 3524 Et
1698 3459 1773 3537 boo,
1796 3479 1875 3540 quau·

542 3563 604 3614 tum
626 3555 731 3612 attinet
753 3550 790 3609 sd
813 3551 958 3610 hnmanae
982 3553 1065 3610 vocis
1087 3555 1237 3622 musicam,
1261 3554 1376 3615 suliacit
1398 3553 1469 3610 mihi
1493 3553 1631 3612 brevibus
1646 3555 1801 3612 monuisse
1816 3551 1876 3608 dieto

543 3639 593 3700 iol.
622 3641 691 3710 178,
715 3636 887 3722 properandi
911 3639 1019 3714 quippe
1042 3638 1081 3696 ad
1103 3639 1246 3700 caelestes
1269 3649 1298 3699 et
1313 3641 1523 3700 astronomicas
1538 3640 1714 3711 harmonias,
1740 3642 1771 3696 in
1787 3639 1876 3714 quibus

541 3726 640 3786 locum
661 3743 720 3784 non
744 3725 834 3786 habet
856 3724 970 3784 duratio
995 3729 1171 3802 temporaria
1192 3726 1343 3786 nniiortnis
1365 3725 1540 3799 celeritatis,
1553 3723 1668 3786 satsat
1689 3729 1764 3802 quia
1786 3739 1877 3800 scopet

541 3815 632 3888 totius
655 3815 711 3872 mei
736 3815 831 3888 operis
853 3828 911 3880 non
934 3812 964 3880 ip
988 3811 1039 3872 illa
1061 3806 1206 3886 hnmana,
1238 3813 1291 3874 ssd
1318 3816 1348 3870 in
1371 3814 1427 3874 hac
1446 3812 1569 3874 coelesti
1598 3813 1753 3873 harmonia
1783 3811 1892 3871 delirus

541 3901 610 3974 luit,
635 3907 666 3960 ut
689 3899 766 3984 clare
789 3899 936 3976 protessus
958 3891 1096 3959 suur'iol.
1124 3901 1185 3960 125
1208 3900 1275 3958 libri
1298 3897 1403 3979 litu)

448 4000 449 4004 ’
629 3987 749 4048 Interim
772 3985 854 4044 velut
875 3994 956 4046 extra
979 3989 1058 4046 riam
1080 3986 1257 4047 monendum
1278 3994 1307 4046 tn
1330 3986 1409 4061 duxi,
1432 3985 1509 4047 male
1531 4004 1578 4046 me
1599 4005 1620 4046 a
1635 3994 1664 4046 te
1687 3987 1768 4046 cirea
1788 3985 1877 4044 cuhm

543 4092 607 4134 esse
636 4081 820 4152 perceptum,
852 4079 885 4132 ut
913 4090 1000 4150 quam
1030 4091 1086 4150 ego
1115 4074 1236 4152 liguram
1268 4090 1364 4150 neque
1393 4073 1522 4154 pondere
1552 4091 1647 4150 neque
1670 4090 1745 4132 sono
1773 4085 1879 4148 praten

543 4162 648 4236 statui,
670 4178 725 4220 neo
747 4162 889 4238 supremis
913 4159 1039 4236 planetis
1062 4161 1100 4223 ab
1123 4178 1225 4222 eornm
1246 4168 1343 4222 motas
1365 4161 1548 4230 tarditatem,
1573 4159 1626 4220 sed
1648 4159 1686 4236 ad
1709 4162 1879 4220 constituen-

544 4247 613 4308 dnm
636 4263 736 4306 eorum
758 4245 943 4306 intervallum
967 4247 1093 4324 figurale
1111 4249 1279 4326 interposui.
1288 4243 1345 4328 ³⁶)
1529 4315 1533 4324 ¹
1614 4299 1619 4308 .

537 4394 546 4408 ,
630 4333 740 4394 Eadem
763 4335 861 4392 cautio
884 4333 954 4392 mihi
977 4337 1085 4410 pagiua
1106 4343 1158 4394 tua
1184 4339 1212 4396 i.
1236 4339 1313 4395 circa
1334 4337 1432 4394 varios
1445 4333 1591 4410 planctae
1616 4337 1705 4393 unius
1728 4343 1826 4392 motus
1846 4336 1880 4387 nt

543 4419 732 4502 adhihenda·
764 4420 844 4480 Nihil
867 4422 944 4479 enim
958 4421 1075 4480 iaciunt
1095 4421 1208 4498 periodi
1231 4422 1269 4482 ad
1292 4409 1566 4494 demonstrandum,
1595 4424 1802 4498 proportiones
1822 4418 1880 4475 har·

543 4509 674 4567 mnnicas
697 4510 726 4566 in
749 4507 876 4566 motibus
900 4509 1023 4566 inveniri
1047 4508 1248 4586 planetarum3
1278 4508 1510 4584 diligenterhoc
1533 4511 1598 4568 cari
1621 4507 1687 4568 Lib.
1711 4507 1748 4566 V.
1771 4524 1836 4581 cap.
1857 4505 1880 4558 i·

543 4594 595 4656 iol.
611 4595 684 4654 283.
709 4597 738 4651 in
761 4593 866 4653 medio.
892 4592 970 4662 ,Sed
993 4612 1048 4654 nec
1068 4595 1157 4655 medii
1180 4595 1275 4657 diurni
1297 4605 1394 4656 motus
1412 4596 1596 4672 planetarum
1617 4593 1715 4654 idonei
1730 4602 1801 4654 sunt
1821 4592 1882 4648 har-

543 4685 704 4740 moniarum
729 4681 858 4753 termini,
881 4688 913 4739 nt
936 4682 986 4755 qui
1010 4684 1071 4742 veri
1095 4699 1152 4742 non
1176 4690 1260 4756 sunt,
1283 4682 1336 4742 sed
1358 4683 1453 4745 solnm
1476 4684 1656 4758 imaginariir
1686 4699 1742 4756 eqo
1765 4680 1881 4738 veroin

512 4846 515 4854 Ι
543 4771 672 4845 ipsorum
699 4767 880 4844 planetarum
909 4766 1038 4828 realibus
1068 4771 1211 4850 motibus,
1242 4778 1275 4832 ut
1304 4769 1422 4846 quidem
1452 4787 1495 4830 er.
1510 4766 1611 4830 centro
1632 4768 1710 4829 Solis
1737 4770 1879 4844 apparent

541 4855 708 4916 harmonias
736 4871 855 4930 quaero.
901 4853 946 4914 lta
975 4863 1071 4916 motus
1099 4857 1220 4930 angium
1249 4864 1346 4916 motus
1375 4865 1502 4916 nonest
1531 4857 1686 4934 physicus,
1716 4854 1767 4914 sad
1790 4853 1881 4930 potius

543 4942 704 5002 differentia
725 4941 848 5002 realium
870 4949 1001 5002 motuum
1029 4950 1058 5002 et
1080 4943 1188 5010 mobile
1212 4943 1419 5017 intentionnls3
1445 4937 1514 5004 'sola
1536 4943 1622 5004 stella
1651 4959 1752 5002 rernm
1773 4935 1881 5004 mobile

543 5038 596 5103 est,
620 5038 650 5090 et
671 5036 752 5088 motu
776 5029 893 5106 quidem
916 5046 974 5088 non
997 5047 1066 5104 uno,
1089 5029 1141 5090 sed
1164 5029 1304 5106 pluribus,
1326 5047 1381 5107 pro
1403 5029 1573 5091 diversitate
1595 5031 1703 5102 centri,
1724 5029 1797 5099 axis,
1819 5039 1881 5086 cot·

543 5118 622 5194 poris
654 5115 767 5180 stellae.
812 5113 938 5176 Omnino
968 5117 1130 5178 consultius
1157 5117 1245 5178 iaciat
1271 5117 1381 5187 lector,
1410 5119 1439 5176 si
1458 5120 1555 5179 missis
1585 5119 1643 5190 eis,
1672 5133 1747 5194 quae
1767 5114 1818 5172 hie
1846 5107 1878 5166 de

544 5204 631 5266 rebus
654 5203 856 5264 astronomicis
879 5203 973 5280 deque
995 5201 1124 5280 periodis
1146 5205 1328 5280 planetarum
1352 5211 1413 5265 tute
1435 5205 1553 5280 scribis,
1581 5207 1660 5280 ipsos
1682 5202 1767 5263 adeat
1788 5205 1879 5260 acho·
