4242 6384
510 809 554 872 41
893 802 1036 876 Epistulae
1053 801 1166 875 liepleri
1182 801 1350 872 elisamae
1365 807 1477 858 nutum

510 983 744 1062 tehooagere,
775 981 969 1044 auditionis
1001 979 1654 1046 muheoeadernataelsedaaraauroale
1683 979 1864 1058 abarces

510 1079 595 1150 parte
616 1074 646 1132 in
668 1089 715 1132 ure
736 1073 883 1149 recipiam
929 1070 996 1147 Quo
1018 1073 1181 1149 supposito,
1201 1071 1264 1147 jam
1285 1069 1360 1131 illud
1380 1087 1499 1149 quoque
1520 1073 1663 1146 sequiuu,
1688 1071 1714 1128 si
1737 1071 1865 1128 maxime

510 1160 649 1220 librorum
670 1162 814 1220 menam
836 1161 953 1234 misero,
975 1177 1022 1220 me
1043 1159 1168 1220 iortasse
1188 1159 1272 1220 brevi
1295 1159 1376 1220 illam
1401 1164 1595 1242 recepturum.
1638 1158 1777 1218 Petieras
1798 1155 1866 1215 lite·

510 1249 551 1308 ris
572 1248 716 1325 prioribus
738 1264 836 1308 meum
859 1247 907 1308 de'
919 1249 1052 1307 versione
1070 1247 1225 1322 judicium.
1269 1245 1369 1322 Hujus
1390 1245 1532 1324 postulati
1547 1243 1589 1304 Μ.
1605 1244 1701 1306 Tuam
1723 1262 1765 1304 ex
1784 1253 1866 1320 perte

510 1343 674 1413 compotem
695 1335 792 1396 iacere
815 1337 911 1395 risnnr
933 1343 979 1396 est
1001 1334 1117 1396 duabus
1138 1336 1240 1411 primis
1261 1336 1379 1411 paginis
1400 1335 1588 1406 transmissis,
1610 1336 1641 1392 in
1663 1331 1776 1408 quibus
1792 1331 1866 1390 Per-

509 1423 605 1502 phyn‘i
626 1440 731 1484 senem
754 1421 870 1482 ridetur
891 1425 965 1484 meis
987 1420 1241 1483 emendationibus
1262 1423 1339 1482 haee
1360 1428 1392 1483 et
1412 1421 1491 1481 clare
1512 1438 1685 1497 expressus,
1706 1423 1865 1495 antiquam

511 1527 580 1572 vere
603 1511 777 1582 versionem,
801 1527 889 1586 quam
912 1513 1124 1582 transmiseras,
1146 1509 1235 1570 facile
1258 1527 1294 1569 ex
1314 1508 1407 1569 literis
1425 1523 1579 1584 agnosces.
1622 1507 1786 1568 iudicabis
1810 1509 1866 1582 igi·

508 1607 563 1672 tur,
586 1617 655 1658 oum
678 1599 843 1670 exbhmes,
865 1601 1045 1660 necessarias
1067 1598 1130 1658 iore
1151 1595 1560 1673 hujusmodi'erueodatiooes
1583 1613 1637 1673 per
1657 1603 1755 1654 totum
1779 1611 1866 1670 opus.

509 1685 639 1746 &secas
659 1687 785 1762 paginas
806 1685 878 1744 mihi
900 1684 1119 1762 quodammodo
1140 1686 1245 1761 religio
1264 1685 1321 1746 iuit
1341 1700 1506 1759 excerpere,
1528 1700 1606 1761 quae
1623 1685 1808 1760 pertinerent
1828 1681 1867 1742 ad

508 1773 695 1834 collationem
718 1775 894 1834 versionum.
932 1771 1041 1832 Addidi
1063 1779 1150 1832 notas
1172 1789 1260 1831 unam
1281 1779 1373 1848 atque
1394 1769 1527 1845 omnm,
1550 1771 1718 1848 exquibus
1741 1769 1866 1830 boc-Te

507 1861 577 1922 vole
600 1859 754 1936 colligere,
777 1859 844 1920 illas
867 1861 981 1920 initium
1004 1859 1153 1937 quoddam
1174 1877 1239 1921 esse
1262 1859 1620 1922 commentatiunculam
1634 1850 1687 1918 ‘ad
1710 1875 1866 1920 commen·

509 1949 587 2010 tario
601 1947 757 2025 Porphyrii
779 1965 874 2024 aeque
896 1957 985 2026 atque
1006 1947 1179 2020 Ptolemaei,
1203 1965 1326 2024 quarum
1347 1965 1470 2024 seeporn
1491 1947 1571 2008 huuc
1591 1963 1657 2007 esse
1677 1963 1733 2024 par
1756 1953 1815 2016 est,
1834 1951 1866 2003 nt

506 2043 576 2114 post
597 2042 740 2096 mutatam
772 2037 900 2096 musices
926 2037 1031 2096 iociem
1061 2034 1186 2111 intelligi
1216 2053 1237 2095 a
1256 2038 1364 2096 uosffis
1385 2035 1554 2096 homiuibus
1584 2037 1716 2110 possint,
1743 2049 1827 2110 quae
1846 2051 1866 2092 a

509 2123 670 2198 veteribus,
692 2121 823 2183 nendum
845 2131 916 2184 uota
936 2121 1078 2184 moderna
1100 2124 1226 2196 musica,
1248 2123 1298 2183 hio
1318 2125 1429 2199 scripta
1448 2131 1527 2182 snut.

594 2209 662 2288 Qua
683 2211 713 2268 in
727 2227 759 2270 re
782 2213 930 2288 offegiam
952 2227 1073 2289 operam
1093 2211 1236 2287 praestari
1257 2227 1345 2287 pesse
1366 2217 1439 2288 poto
1462 2227 1481 2269 a
1503 2207 1595 2272 Setho
1617 2207 1768 2282 cusulo,
1793 2223 1865 2268 ean·

507 2304 571 2360 tore
584 2293 745 2375 Lipsiensi,
769 2301 837 2374 qui,
859 2316 895 2358 ex
919 2315 977 2375 qno
999 2295 1176 2376 peremtimos
1197 2297 1278 2358 Tuas
1299 2300 1409 2374 occepi,
1433 2299 1552 2375 scripsit
1571 2295 1610 2356 ad
1631 2313 1679 2357 me
1701 2293 1793 2370 ultro,
1816 2311 1864 2355 se·

507 2391 592 2446 cutus
615 2387 799 2448 occasionem
828 2387 859 2444 in
887 2385 989 2446 libello
1018 2403 1085 2446 rnoo
1107 2385 1144 2445 de
1165 2385 1259 2447 Stella
1287 2386 1466 2462 praebitam,
1495 2385 1547 2446 ubi
1573 2385 1746 2446 harmonica
1769 2383 1864 2444 obiter

506 2471 600 2532 mado.
644 2471 745 2532 Edidit
775 2472 825 2532 ille
855 2473 1164 2533 commentatiunculas
1194 2473 1308 2549 aliquot
1334 2472 1481 2550 perbellas
1510 2471 1550 2532 ad
1577 2471 1654 2532 haue
1682 2489 1745 2530 rom
1776 2487 1865 2548 spec·

509 2567 622 2633 tantm,
645 2563 701 2622 etsi
723 2561 831 2622 iotetur
853 2561 882 2618 iu
905 2561 1006 2636 literis,
1029 2577 1061 2622 se
1081 2567 1214 2625 veterum
1236 2561 1375 2620 terminos
1393 2577 1452 2620 nou
1469 2577 1571 2621 ornnes
1586 2558 1763 2636 intelligere.
1802 2557 1862 2618 'l'a-

506 2645 550 2710 les
573 2655 671 2710 tomen
690 2647 792 2724 judico
815 2647 880 2724 ejus
902 2647 1031 2720 libellos,
1055 2655 1089 2720 ut
1110 2647 1333 2721 mathematice,
1363 2649 1415 2724 qni
1436 2664 1496 2710 nen
1517 2649 1558 2709 sit
1578 2664 1616 2708 ex
1636 2649 1773 2725 professe
1796 2663 1864 2705 mu·

506 2738 601 2810 siens,
632 2737 697 2797 vice
719 2737 860 2798 scientiae
882 2737 1032 2798 musicalis
1053 2735 1214 2800 hodiernae
1240 2753 1306 2796 esse
1326 2738 1458 2812 possint,
1491 2743 1633 2811 qnantum
1656 2753 1693 2796 ea
1717 2751 1798 2812 epus
1820 2739 1864 2793 cst

507 2823 545 2885 sd
569 2821 759 2903 explicandos
782 2831 811 2886 et
833 2823 1047 2904 comparandos
1069 2831 1200 2886 veterum
1222 2822 1260 2884 de
1281 2823 1434 2884 hermenia
1455 2824 1555 2883 libros

593 2911 681 2988 Quod
704 2911 833 2974 ordinem
856 2915 960 2974 attinet
983 2906 1130 2986 editionis,
1151 2912 1212 2972 iere
1232 2912 1262 2970 iu
1285 2913 1432 2972 sententio
1453 2926 1567 2982 maneo,
1582 2907 1758 2970 'Ptolemaei
1783 2906 1863 2966 ilar·

506 3000 624 3060 monice
651 3017 717 3060 com
739 2999 895 3078 Porphyrii
926 3002 1140 3060 commentariis
1168 2999 1383 3075 graeco-latine
1408 3001 1452 3058 sic
1475 2995 1681 3075 exprimendo,
1710 3006 1743 3058 ut
1772 2996 1862 3055 iacies

506 3085 721 3164 respondeant,
750 3089 894 3164 appositis
915 3087 1050 3164 pauculis
1072 3085 1241 3163 hujusmodi
1264 3089 1358 3160 notis,
1387 3085 1427 3146 ad
1449 3087 1698 3163 comparationem
1718 3087 1863 3161 pristinae

506 3180 537 3233 et
558 3173 716 3234 modernae
738 3175 867 3234 musicae
888 3174 1073 3246 iacientibus,
1096 3173 1136 3234 ad
1157 3176 1319 3250 marginem
1341 3173 1392 3235 vol
1411 3172 1451 3234 ad
1465 3173 1591 3246 calcem,
1614 3189 1771 3249 quousque
1786 3171 1861 3229 Por-

506 3259 628 3340 phyrius
650 3269 870 3334 commentator,
893 3261 950 3322 hac
971 3263 1118 3331 menone,
1140 3269 1174 3320 nt
1195 3261 1246 3322 ubi
1261 3261 1442 3339 Porphyrius
1463 3262 1620 3322 abbreviat
1633 3266 1744 3320 tentum
1760 3258 1861 3319 verbis

507 3371 554 3410 και
575 3369 613 3409 ια
635 3343 712 3425 ἕξις,
740 3347 782 3409 ihi
805 3351 919 3427 integer
945 3357 1073 3426 ponetur
1093 3348 1258 3410 Ptolemaei
1284 3357 1396 3422 textus,
1427 3365 1522 3425 usqne
1551 3349 1590 3408 ad
1619 3347 1678 3408 loei
1707 3347 1861 3424 sequentis

505 3436 621 3496 initium
650 3435 854 3515 ePorphyrio
882 3437 1001 3498 iactum.
1047 3435 1217 3513 Comparari
1242 3441 1341 3514 potest
1367 3438 1465 3496 versio
1488 3435 1637 3513 Gegovioi
1664 3451 1730 3495 oum
1752 3437 1862 3510 scripto

505 3525 536 3582 in
564 3522 727 3586 Ptolemaei
757 3531 849 3588 textu.
894 3521 953 3586 Ubi
986 3521 1095 3584 desinit
1124 3526 1312 3584 commentari
1338 3523 1520 3602 Porphyrius
1549 3521 1617 3602 (nisi
1647 3521 1721 3584 ierte
1751 3520 1862 3583 alieubi

505 3617 601 3672 totum
622 3610 778 3690 Porphyrii
800 3619 996 3674 momentum
1018 3611 1215 3683 inveniaturl,
1237 3611 1374 3686 equidem
1395 3611 1555 3688 expediret,
1583 3617 1670 3672 notas
1690 3611 1804 3672 latinas
1825 3604 1862 3668 ad

504 3697 670 3760 Ptolemaei
691 3705 803 3760 textum
824 3717 889 3760 esse
912 3700 1099 3776 copiosiores,
1123 3707 1153 3759 et
1173 3699 1306 3758 fortassis
1329 3701 1375 3772 ei,
1398 3699 1449 3775 qui
1470 3699 1626 3777 Porphyrii
1652 3698 1863 3760 commentaria

509 3787 681 3850 continuata
711 3785 854 3848 hoctenus
884 3786 1039 3865 diligenter
1060 3784 1231 3864 perpendit,
1262 3803 1321 3846 oon
1344 3787 1474 3846 sutorum
1495 3794 1541 3847 est
1569 3785 1687 3847 difficile
1709 3785 1810 3847 dicere
1832 3785 1862 3841 iu

506 3875 699 3950 sequentibus
721 3891 766 3948 eo,
790 3893 866 3952 quas
888 3883 957 3936 sunt
978 3881 1176 3935 consentanea
1190 3873 1399 3955 Porphyrionis
1420 3873 1674 3952 praecedentibus.
1714 3873 1861 3935 Absolute

506 3968 571 4022 teto
594 3961 775 4035 Ptolemaeo,
799 3965 908 4040 poterit
929 3963 1070 4038 subjungi
1091 3968 1288 4022 commentum
1302 3962 1453 4024 ΒιιΙιιιιιιιί
1473 3961 1612 4022 monaehi
1633 3962 1664 4020 iu
1678 3964 1735 4022 tria
1756 3962 1861 4022 ultimo

507 4051 615 4127 capite,
639 4045 724 4126 cujus
747 4053 913 4112 versionem
934 4057 1027 4110 teiam
1049 4050 1100 4110 hio
1120 4052 1295 4111 consulito.
1331 4050 1366 4109 lu
1390 4049 1505 4111 Graece
1527 4049 1601 4109 ielis
1621 4057 1690 4108 suut
1715 4051 1763 4109 li.
1803 4048 1860 4108 Ce-

505 4145 577 4211 tera,
600 4145 633 4198 ot
654 4139 799 4214 prioribus
818 4140 933 4218 scripsi,
957 4155 1034 4213 quae
1057 4136 1150 4198 codex
1172 4134 1222 4198 ille
1242 4137 1342 4209 habet,
1372 4136 1411 4200 ad
1433 4137 1613 4198 Harmonice
1634 4154 1693 4198 non
1715 4140 1858 4213 spoemot

504 4223 544 4283 Iit
565 4227 637 4301 quis
658 4225 796 4286 Berloom
817 4227 860 4286 ibi
883 4225 998 4298 desinit,
1023 4226 1076 4286 ubi
1096 4228 1223 4286 maxime
1245 4232 1384 4301 cooperte
1403 4224 1515 4286 dicere:
1540 4224 1677 4299 ,ridebo
1699 4226 1726 4284 si
1747 4225 1858 4301 possim

504 4311 589 4370 thum
619 4309 764 4372 deiectum
791 4313 965 4390 supplere“:
994 4312 1123 4372 mirabili
1150 4313 1262 4390 quippe
1289 4313 1364 4384 iate,
1394 4315 1564 4389 priusquam
1592 4311 1735 4373 vidissem
1754 4309 1858 4375 Ptole·

505 4415 639 4470 meeum,
667 4401 711 4458 uti
734 4402 841 4477 scripsi
865 4411 933 4462 ente
955 4399 1065 4460 multos
1086 4415 1196 4472 anuos,
1225 4415 1342 4460 omnem
1364 4399 1572 4477 propemodum
1592 4400 1756 4463 Ptolemaei
1777 4397 1859 4460 Har·

505 4488 686 4546 mooioornm
708 4503 853 4546 summam
874 4487 1044 4564 complexus
1066 4503 1131 4546 sum
1152 4488 1287 4548 iusdtnta
1298 4487 1463 4564 scriptione
1489 4487 1526 4550 de
1547 4486 1724 4550 Harmonice
1746 4485 1856 4557 muudi,

505 4573 602 4634 divisa
623 4574 652 4632 in
671 4572 791 4634 libellos
814 4576 848 4646 5,
877 4591 1000 4651 quornm
1029 4575 1125 4650 primo
1154 4588 1262 4635 cauom
1287 4574 1503 4636 harmoniarum
1527 4578 1559 4634 in
1580 4576 1742 4653 geometria
1763 4591 1856 4652 quae·

504 4669 621 4734 rnntur,
645 4659 774 4721 secundo
797 4659 926 4723 delinitio
948 4660 1072 4722 meditor
1093 4663 1240 4722 rationum
1260 4661 1494 4724 harmonicorum
1520 4666 1551 4722 in
1573 4665 1737 4739 abstracto,
1770 4663 1855 4722 tertio

505 4749 668 4811 ostenditur
688 4751 834 4809 rationum
855 4749 1089 4810 harmonicorum
1111 4748 1232 4810 eiieotus
1253 4751 1283 4808 in
1299 4751 1430 4824 vocibus,
1454 4768 1531 4827 quae
1544 4753 1667 4811 materia
1681 4757 1727 4812 est
1746 4749 1801 4809 lib.
1815 4748 1856 4809 11.

505 4843 535 4897 et
562 4835 585 4895 1.
609 4835 781 4897 Ptolemaei.
832 4835 943 4914 Quarto
974 4835 1077 4897 libello
1106 4837 1269 4898 ostenditur
1297 4839 1443 4898 rationum
1471 4838 1705 4904 harmonicorum
1735 4837 1854 4901 effectur

505 4924 535 4982 in
558 4927 728 5000 operatione
750 4923 895 4998 siderum,
925 4941 1001 5001 quae
1022 4925 1146 4984 materis
1174 4924 1386 4986 aPtoiemaeo
1409 4925 1534 4985 trsdhur
1554 4924 1608 4986 lib.
1631 4925 1693 4997 111,
1727 4927 1853 4984 12-13.

506 5009 617 5086 Quinto
632 5011 732 5072 libello
754 5011 877 5074 ostendo
900 5014 1046 5072 rationum
1068 5011 1303 5072 harmonicorum
1316 5013 1531 5089 applicationes
1545 5011 1584 5073 ad
1605 5019 1703 5074 metus
1716 5011 1851 5073 siderum

505 5098 603 5174 Atque
629 5097 706 5159 hanc
734 5102 885 5162 materiam
908 5097 1109 5171 Ptolemaeus,
1141 5101 1298 5176 interprete
1319 5095 1491 5174 Barlaamo,
1520 5099 1636 5161 undere
1667 5097 1764 5161 voluit
1788 5116 1850 5176 cap

507 5181 558 5258 14,
585 5185 633 5257 15,
657 5187 727 5264 quie
749 5189 854 5266 cepitis
872 5184 921 5247 lt.
945 5189 1096 5264 inscriptio
1117 5188 1262 5268 promant
1275 5191 1524 5264 eomparotionem
1539 5187 1712 5249 chordarum
1732 5179 1850 5264 porreeti

504 5275 672 5352 systematis
694 5272 843 5342 nubilium
866 5293 932 5338 eum
952 5275 1087 5356 sphaeris
1107 5275 1218 5352 muudi,
1242 5291 1310 5355 esp.
1327 5273 1376 5340 ib.
1398 5293 1470 5338 vero
1491 5277 1635 5354 prornitttt
1654 5275 1850 5352 oempmntie·
