4242 6384
822 835 1031 896 ilem
1558 843 1601 903 43

268 1036 324 1080 ιι
343 1023 479 1080 motum
500 1016 690 1098 murm
713 1013 910 1079 meinerus
931 1033 984 1078 serr
1005 1017 1094 1080 sonis.
1138 1019 1202 1081 Etsi
1222 1019 1313 1097 igitur
1334 1017 1424 1080 allam
1445 1033 1502 1096 eqo
1523 1017 1618 1080 viam,

268 1125 321 1166 rom
339 1109 490 1185 nagream
519 1108 550 1166 in
578 1123 645 1167 mee
667 1103 843 1166 Humonice
864 1103 981 1180 mnndi,
1011 1123 1100 1184 quam
1120 1107 1307 1169 Ptolemaeus
1334 1110 1366 1166 ln
1387 1108 1434 1168 his
1457 1107 1604 1184 capitibus

268 1193 368 1254 ridetur
387 1197 579 1273 proposuisse
602 1190 758 1276 (sphaeras
789 1195 866 1254 anim
895 1198 998 1271 utpote
1026 1211 1148 1272 corpora
1176 1211 1234 1254 non
1262 1211 1398 1274 comparo
1426 1197 1523 1270 sonu,
1553 1197 1604 1271 qui

268 1289 323 1342 not
341 1290 441 1342 motus
463 1280 580 1359 aliquis,
601 1281 654 1344 sed
676 1280 792 1340 illarum
814 1283 1124 1343 commensurationem
1139 1282 1319 1359 corporalem
1338 1281 1461 1344 ostendo
1485 1282 1604 1342 desum-
1680 1307 1685 1316 ·

268 1377 316 1429 nm
337 1385 402 1430 esse
414 1385 456 1430 ex
478 1369 674 1447 quantitatum
695 1367 748 1428 illo
770 1383 885 1446 genere,
907 1367 987 1446 qnod
1001 1368 1102 1430 itidem
1118 1385 1241 1448 corpora
1261 1369 1390 1431 solemus
1405 1369 1511 1444 dicere,
1534 1371 1605 1446 quia

269 1456 438 1518 soiidimtsm
459 1455 607 1534 quarmm
629 1451 771 1538 habent),
801 1465 899 1518 umen
920 1455 1024 1516 videor
1045 1457 1094 1518 rel
1115 1457 1154 1517 ol)
1176 1459 1380 1535 cognationem
1406 1459 1500 1536 ipsam
1522 1473 1605 1517 mea·

267 1563 319 1602 rom
339 1545 553 1620 cogitationem
576 1561 642 1605 cum
663 1543 852 1606 Ptolemalcis
874 1543 1042 1622 conjectura
1072 1544 1193 1606 feliciori
1214 1547 1259 1604 nti
1279 1561 1368 1622 posse
1389 1543 1426 1604 de
1448 1547 1499 1618 iis,
1528 1559 1605 1622 qnae

268 1631 445 1692 Ptolemam
470 1632 518 1692 lrls
539 1633 633 1692 tribus
654 1631 800 1710 ceperim
826 1630 945 1705 dixerit,
976 1647 1065 1708 qnam
1095 1634 1121 1693 si
1149 1635 1178 1691 in
1201 1631 1324 1693 eandem
1345 1633 1495 1692 materiam
1526 1649 1606 1691 nnn-

269 1737 342 1795 qrsm
363 1719 535 1780 inddisscm
556 1732 624 1782 mes
644 1725 759 1796 sponte.
795 1719 912 1780 ursum
933 1721 1084 1798 inscriptio
1106 1737 1172 1798 cap.
1195 1722 1244 1782 14.
1266 1718 1355 1797 plane
1376 1721 1539 1780 eommunis
1561 1725 1606 1779 est

270 1805 448 1868 Ptolemsicis
470 1814 501 1868 et
521 1810 595 1869 mais
617 1806 854 1884 cogitationibus.
892 1805 960 1884 Ipse
981 1815 1079 1868 motus
1092 1806 1220 1868 siderum
1242 1814 1392 1884 comparat
1405 1808 1499 1867 motui
1520 1806 1607 1867 ohor-

269 1893 355 1953 dsrom
385 1901 548 1970 oertsrom3
580 1911 636 1972 eqo
663 1895 825 1972 investigo,
859 1911 1003 1970 quaenam
1030 1895 1187 1956 intervalla
1216 1894 1386 1956 harmonica
1415 1897 1643 1955 communiter

270 1983 345 2042 insmt
369 1983 549 2042 atrocibus
575 1984 607 2040 in
627 1982 742 2042 musica
769 1991 800 2042 et
827 1981 956 2044 motibus
977 1982 1171 2061 planetarum.
1216 1981 1275 2043 seo
1297 2000 1334 2043 ne
1358 1982 1480 2043 ulterius
1502 1997 1607 2043 excur-

273 2085 336 2137 mm,
358 2069 534 2130 conolndsm
556 2069 613 2130 hoc
633 2077 733 2146 caput.
777 2066 928 2129 versionis
942 2070 1090 2132 Barlaami
1113 2069 1289 2150 desmiptom
1311 2087 1370 2130 non
1392 2068 1501 2150 balteo,
1526 2076 1556 2130 et
1576 2069 1607 2128 in

272 2155 308 2215 lis
328 2159 404 2217 roris
427 2157 566 2218 inanibus
595 2157 713 2234 neglexi
744 2155 893 2234 exemplar
914 2155 1019 2220 iacere.
1065 2158 1203 2219 Laconas
1224 2157 1369 2235 quaedam
1398 2159 1519 2218 suntin
1541 2173 1609 2217 mea
1725 2184 1730 2198 =

271 2245 404 2319 rasione,
439 2244 550 2306 alicubi
582 2251 612 2304 et
641 2245 727 2321 signa
757 2243 796 2305 ad
817 2246 987 2322 marginem.
1032 2244 1106 2306 Illae
1127 2245 1273 2319 indicant,
1304 2251 1416 2306 testum
1444 2245 1527 2330 lilios
1547 2244 1606 2306 loci

271 2329 342 2407 plane
362 2348 423 2392 non
447 2331 636 2406 imeneorum,
660 2331 734 2394 haec
756 2349 826 2393 vero
848 2333 1061 2402 dubitationem
1080 2351 1177 2394 meam
1197 2332 1327 2394 indicant
1341 2335 1418 2394 circa
1431 2335 1605 2394 versionem.

341 2419 487 2498 Paraepte
515 2417 715 2497 meoiudicio
744 2427 776 2482 at
800 2419 838 2480 de
859 2422 993 2482 versione
1014 2420 1107 2482 latina
1134 2427 1165 2482 et
1185 2419 1223 2481 de
1244 2419 1358 2494 ordine,
1388 2419 1528 2498 quicquid
1549 2437 1607 2480 vo·

219 2515 221 2594 ᾗ
271 2502 344 2566 leeris
364 2506 402 2567 de
425 2505 509 2568 libris
532 2506 603 2580 deri,
626 2507 663 2568 de
685 2509 743 2569 ista
764 2509 852 2568 etlam
874 2511 1008 2569 versione
1029 2511 1109 2586 prior
1128 2507 1226 2583 lecito,
1248 2515 1282 2568 nt
1305 2515 1358 2568 aot
1378 2510 1510 2569 remittas
1531 2507 1609 2570 hauc

219 2607 221 2666 ζ
274 2601 314 2651 art
331 2601 450 2672 repetu
472 2593 669 2658 illosdenoo.
713 2595 816 2673 Neque
839 2597 916 2656 enim
938 2595 975 2658 de
989 2603 1120 2674 tempore
1141 2595 1281 2674 quicquid
1294 2597 1464 2674 promittere
1478 2613 1609 2674 possum,

219 2707 221 2762 g
273 2683 316 2738 cni
335 2681 405 2740 milri
427 2697 491 2742 non
513 2681 591 2743 desit
613 2683 732 2760 egregia
753 2683 901 2746 volontas.

219 2771 221 2820 i
345 2767 455 2830 vertor
476 2785 554 2830 nnnc
575 2767 613 2830 ad
637 2771 891 2848 amantisime
915 2769 1058 2848 epistolae
1082 2773 1190 2849 capita
1221 2765 1441 2838 meenmnor'ogra
1454 2777 1610 2850 [compen.

277 2866 311 2916 Ν·
325 2883 348 2932 p.
364 2867 428 2932 did]
450 2871 524 2926 sida
543 2867 715 2932 ,omentum
737 2867 790 2928 [cir.
809 2866 860 2916 rol.
878 2864 926 2915 111.
942 2875 968 2928 p.
985 2861 1048 2925 affl)

347 2948 393 3008 sd
414 2949 519 3012 literas
542 2949 592 3012 18.
616 2951 666 3024 to.
692 2945 801 3024 Aprilis
821 2945 885 3005 non‘
903 2942 1054 3022 respondi,
1088 2943 1168 3022 qood
1190 2944 1283 3006 altera
1304 2945 1426 3005 alteram
1449 2943 1609 3004 correxisse

278 3033 415 3096 ridebatur
443 3045 477 3099 et·
501 3037 580 3115 quod
607 3053 737 3098 mearum
767 3031 922 3094 literarum·
949 3029 1075 3091 redditio
1102 3034 1133 3090 in
1164 3033 1356 3094 conclusione
1387 3030 1608 3109 significaretur.

280 3117 432 3185 obliviosus
455 3131 553 3186 tamen
575 3125 645 3202 quin
667 3125 723 3184 sim
744 3120 861 3182 diiiiterl
881 3135 940 3180 non
954 3135 1084 3196 possum,
1107 3121 1158 3197 qoi
1171 3120 1229 3182 lroc
1248 3122 1313 3199 ipso
1329 3127 1476 3181 momento
1493 3117 1610 3177 demum

279 3225 325 3268 rem
344 3213 429 3289 quasi
442 3197 548 3291 ‘pians
570 3229 679 3273 noram
708 3227 745 3271 ox
767 3207 826 3268 illis
847 3207 939 3272 literis
960 3213 1075 3284 repeto:
1104 3209 1224 3285 petiisse
1246 3215 1277 3269 te
1303 3212 1469 3284 magnetem
1489 3206 1610 3266 bonum.

280 3293 348 3372 Poto,
369 3299 443 3360 milri
465 3301 601 3360 nocuisse
623 3299 728 3359 Martis
750 3295 974 3356 commentaria
1011 3293 1106 3371 Igitur
1126 3297 1272 3373 inanram
1294 3295 1373 3373 apud
1389 3295 1525 3355 Caesaris
1545 3309 1611 3353 me·

281 3381 425 3452 dmicom.
472 3387 548 3448 Nam
570 3388 621 3464 qui
644 3383 734 3462 volgo
756 3401 809 3462 per
830 3382 1002 3442 Bolsemiam
1024 3381 1204 3458 renduntur,
1226 3383 1337 3446 nullius
1358 3389 1428 3442 sont
1448 3381 1544 3459 pretii.

349 3471 499 3553 lisgnetts
521 3473 739 3536 inclinationem
762 3471 798 3532 ad
822 3470 923 3548 polum
945 3471 1216 3532 veredunensium
1238 3473 1346 3549 probas
1368 3487 1406 3530 ex
1427 3467 1611 3529 Paclsimerio

281 3559 454 3623 ellemaro.
499 3561 545 3622 De
566 3561 750 3623 Pachimerio
771 3557 931 3636 respondes
953 3555 1053 3618 alteris
1074 3558 1186 3634 literis3
1213 3559 1278 3637 lpse
1296 3559 1447 3620 -llomems
1470 3570 1541 3616 vero
1563 3556 1611 3614 in·
1713 3546 1721 3558 '

281 3650 407 3722 menium
429 3650 522 3711 inimo
549 3650 655 3728 probat
682 3651 713 3710 in
736 3663 767 3707 re
789 3647 923 3718 nautica,
949 3659 1004 3704 nec
1025 3647 1102 3706 enim
1123 3652 1248 3724 possum
1269 3663 1335 3707 esse
1362 3645 1456 3722 ignoti
1478 3639 1611 3704 cardines

281 3734 363 3794 nundi
383 3736 469 3798 coelo
491 3735 610 3814 nubilo,
644 3737 694 3796 obl
717 3742 762 3796 est
784 3751 855 3794 osus
876 3733 1029 3810 magnetis.
1074 3733 1179 3810 itaque
1206 3733 1279 3794 cedo
1296 3733 1372 3792 ‘mihi
1394 3742 1448 3792 tua
1468 3729 1560 3791 rerba
1582 3731 1612 3786 in

280 3835 346 3882 meos
364 3841 447 3902 usus,
470 3826 579 3902 qnippe
600 3825 743 3902 rdnglum
766 3829 812 3883 est
832 3823 1011 3897 miserorum,
1035 3819 1131 3882 dicere
1151 3828 1254 3882 notam
1267 3823 1368 3895 inisse,
1391 3837 1458 3882 com
1476 3817 1507 3878 id
1528 3815 1612 3877 nollo

282 3921 324 3967 oso
360 3913 488 3974 robetun

219 4051 220 4054 ,
341 3927 474 4061 13l'lneveti
491 3997 571 4060 Galli
593 4000 766 4060 sententiam
790 3995 827 4057 de
850 3999 900 4056 orl
921 3997 1013 4056 lorma
1037 3997 1068 4054 ln
1083 4011 1203 4074 corpore
1218 3994 1345 4056 'l'allnris
1368 3991 1520 4055 considera
1543 3989 1612 4050 dili·

283 4091 374 4156 gcntcr.
415 4085 495 4148 llam
517 4083 589 4164 poto
611 4086 706 4148 simile
729 4087 881 4164 quippiam
904 4101 940 4146 ex
961 4082 1132 4160 Hipparcho
1154 4099 1220 4142 meo
1248 4083 1457 4159 apparitorum.
1501 4079 1611 4138 Divon-

283 4167 320 4248 tld
329 4173 400 4232 enim
420 4173 578 4248 methodis,
602 4173 693 4234 altera
713 4188 750 4242 ex
773 4173 856 4232 initio
879 4177 910 4232 et
929 4171 986 4231 line
1008 4171 1126 4247 eclipsis
1147 4169 1265 4244 totalis,
1288 4168 1380 4228 altera
1402 4185 1438 4228 ex
1461 4163 1630 4243 eclipsinm.

283 4260 427 4329 putisdom
453 4260 662 4338 magnitudine,
687 4261 820 4324 divumne
843 4259 975 4319 diametri
997 4259 1117 4319 umbrae
1137 4257 1303 4336 prodibant
1349 4255 1417 4316 Hoc
1438 4261 1537 4314 tamen
1559 4268 1615 4329 par

284 4351 318 4402 est
335 4345 552 4425 diligentissime
572 4351 653 4428 prins
675 4349 834 4410 examinari
855 4347 1023 4424 negotium,
1052 4363 1090 4407 ne
1111 4361 1148 4407 ex
1169 4361 1266 4406 errore
1286 4349 1449 4404 monstrum
1471 4341 1611 4402 aestimo·

286 4437 320 4488 liu
338 4435 489 4511 opinionis.
772 4435 773 4447 ¹

353 4521 383 4582 di
404 4524 520 4585 coelom
551 4539 685 4584 mensos
714 4535 807 4583 essem
837 4529 868 4582 et
893 4527 955 4581 tam
977 4520 1059 4580 drmo
1088 4535 1183 4580 essem
1205 4535 1342 4597 corpore,
1372 4525 1405 4578 ot
1433 4517 1472 4579 ad
1494 4515 1613 4576 Terram

287 4603 451 4676 mediandsm
473 4613 602 4672 animum
624 4609 784 4671 traducere¹
797 4625 914 4688 possem
936 4609 1031 4683 iaoiie,
1054 4607 1111 4667 hoc
1132 4615 1319 4685 magistratus
1340 4605 1466 4682 alicujus
1481 4601 1632 4670 subsidio,

288 4705 409 4766 thm
433 4717 482 4762 me
506 4697 721 4781 deprehendere
748 4713 838 4776 posse
862 4695 911 4756 rel
933 4699 996 4756 sine
1018 4711 1074 4772 ope
1097 4694 1188 4774 coeli,
1204 4696 1360 4773 -lnoipiens
1383 4695 1463 4754 enim
1484 4698 1616 4768 tempore

289 4783 389 4859 instro,
420 4787 460 4848 ab
487 4785 591 4849 sinna
611 4785 800 4862 NordWogia
830 4785 1008 4844 circumirem
1040 4798 1106 4842 cum
1135 4781 1265 4843 locorum
1286 4783 1388 4858 peritis
1417 4779 1514 4838 ultimi
1541 4793 1614 4838 oon-

290 4877 560 4949 rooetosmontana,
589 4889 705 4951 semper
732 4873 771 4936 ad
799 4871 882 4932 illum
904 4875 1049 4932 nansiena
1070 4877 1214 4943 montem,
1245 4885 1334 4945 quem
1359 4885 1395 4927 er
1423 4867 1520 4942 priore
1541 4882 1614 4926 con·

290 4958 424 5027 torrissem
454 4962 696 5022 remotissimum:
725 4962 768 5021 ite
795 4961 888 5020 uibus
916 4961 1051 5020 fortassis
1078 4965 1131 5018 ant
1163 4965 1289 5034 quatuor
1314 4953 1491 5015 stationibus
1513 4968 1615 5012 emen-

291 5041 321 5098 ·lr
337 5043 554 5126 liordWeqlam,
577 5049 698 5108 totidem
722 5049 862 5121 Daoiam,
895 5049 1024 5124 qoin'qoe
1051 5046 1101 5107 rel
1123 5044 1370 5114 serdaronlam,
1399 5041 1492 5101 tribus
1514 5039 1615 5100 Bohe-

292 5129 370 5208 nium,
389 5139 476 5197 unica
491 5137 615 5196 iortasee
631 5136 697 5196 sola
710 5135 848 5196 Noricum
863 5133 1002 5213 Ripense,
1023 5133 1157 5212 plurimis
1170 5131 1327 5192 Rhaetiam
1343 5127 1508 5205 alpestrem,
1531 5127 1615 5203 cujus

219 5287 220 5302 χ
293 5211 354 5276 edita
370 5231 517 5301 nequeunt
538 5223 621 5294 adiri,
643 5224 830 5300 paucioribus
853 5221 1026 5301 cisalpinam
1048 5219 1187 5294 Galliam,
1210 5217 1278 5278 inde
1291 5215 1411 5278 ltaliam
1430 5223 1461 5276 et
1482 5218 1509 5274 si
1531 5231 1614 5274 com-

219 5379 220 5386 ,
294 5303 359 5366 nodo
377 5325 395 5372 a
412 5309 492 5372 linea
514 5310 627 5374 dedecti
649 5316 760 5388 posset,
782 5311 871 5372 etiem
894 5310 1034 5390 apuliam
1054 5317 1086 5371 et
1107 5307 1233 5385 danique
1255 5303 1385 5368 Siciliam
1405 5303 1531 5376 metirer,
1556 5317 1616 5361 non
