4242 6384
739 761 821 820 hiber
837 763 886 822 111.
905 764 995 836 Caput
1011 761 1085 820 xm.
1330 840 1334 851 ,
1521 773 1584 834 885

327 937 399 992 liaeo
425 937 461 994 ad
478 918 661 994 Ptolemaioae
687 935 877 1007 philosophiae
902 937 977 994 dlum
1004 938 1117 1008 educta,
1143 943 1281 1009 utcunque
1301 939 1427 1008 jucunda
1449 945 1478 995 ct
1494 939 1588 998 forsan

256 1016 322 1070 eum
347 1017 419 1073 un'lis
444 1019 473 1072 in
500 1017 648 1086 astrologia
675 1017 868 1088 consideratio,
894 1019 961 1074 nihil
978 1025 1069 1074 umen
1093 1019 1222 1073 attineret
1239 1018 1481 1076 conformationem
1497 1020 1585 1090 ἰριίιιι

255 1094 374 1222 qdrmsi,
401 1095 451 1152 sed
478 1095 674 1166 intelligeretur
699 1103 806 1152 tantum
832 1097 1033 1166 comparatione
1058 1098 1165 1154 rodiam
1190 1098 1347 1167 apparentis
1371 1105 1400 1153 et
1417 1114 1509 1155 rernm
1525 1098 1588 1154 snb·

265 1187 392 1242 uranum„

327 1269 398 1322 Nota
416 1269 465 1322 111.
501 1269 604 1338 Negat,
631 1270 792 1326 transitione
819 1274 853 1330 de
879 1278 945 1328 tono
968 1273 1001 1344 ,in
1023 1281 1118 1328 tonum
1142 1272 1251 1329 tramiti
1269 1272 1303 1330 de
1329 1288 1429 1342 genere
1445 1274 1475 1329 in
1492 1289 1589 1343 genus.

255 1347 310 1400 llibi
327 1353 422 1402 cantus
440 1348 493 1404 ista
511 1363 612 1418 genera
630 1357 695 1420 sunt
712 1348 879 1412 differentiae
897 1358 1037 1422 tonorum,
1055 1353 1149 1420 itaque
1166 1351 1231 1407 mihi
1248 1352 1382 1408 interdum
1400 1353 1515 1409 mnmtio
1532 1354 1590 1410 toni

254 1433 328 1480 nutat
344 1442 441 1496 genus,
460 1435 490 1483 ut
508 1444 591 1498 supra
608 1429 752 1487 amotum„

327 1521 399 1576 Nota
416 1521 463 1576 IV.
501 1521 580 1590 Quod
598 1529 691 1592 negat,
717 1527 822 1596 percipi
840 1527 996 1584 sensibilem
1021 1528 1242 1603 inaequalitatem
1266 1530 1394 1584 cursuum
1416 1533 1530 1596 propter
1547 1542 1590 1582 se·

254 1597 377 1654 cessiones
395 1599 424 1652 in
441 1597 538 1662 latum,
555 1600 584 1656 id
602 1601 736 1671 duplicem
754 1611 846 1672 potest
862 1606 964 1662 habere
982 1623 1101 1664 sensum.
1136 1607 1215 1662 Prior
1232 1606 1277 1664 hio
1294 1613 1350 1674 est,
1369 1605 1444 1660 serbi
1461 1620 1545 1660 musa
1561 1605 1592 1660 in

253 1677 331 1740 Luna,
350 1677 429 1748 cujus
448 1679 571 1750 evagatio
589 1679 617 1734 iu
635 1681 720 1736 latum
736 1689 778 1738 est
796 1685 846 1754 5⁰;
874 1692 987 1756 propter
1004 1685 1077 1742 hanc
1093 1686 1139 1756 iit,
1167 1691 1199 1740 nt
1216 1684 1297 1740 certia
1315 1684 1383 1740 locis
1400 1683 1478 1740 locus
1495 1683 1591 1738 Lunae

253 1757 277 1808 i‘
292 1757 316 1811 in
335 1759 461 1828 ecliptica
487 1760 522 1815 sit
548 1759 699 1834 promotior
724 1760 766 1816 vel
791 1764 918 1820 anterior.
955 1765 1006 1820 llic
1024 1782 1080 1820 non
1098 1771 1140 1838 est
1157 1771 1238 1833 aptus
1251 1763 1316 1818 huic
1332 1761 1393 1818 loco
1413 1775 1519 1830 sensus,
1535 1777 1592 1816 nou

224 1865 226 1888 ;
252 1835 298 1902 agit
314 1853 410 1907 nempe
429 1839 473 1895 hic
492 1839 525 1895 dc
542 1847 618 1895 motu
636 1839 787 1896 latitudinis
806 1842 973 1915 singulorum
990 1843 1112 1914 proprio,
1131 1843 1180 1898 sed
1199 1841 1232 1897 de
1252 1841 1402 1910 deflexione
1420 1839 1538 1895 omnium
1556 1839 1590 1894 ab

252 1923 399 1988 aequatore,
419 1925 447 1972 et
464 1935 560 1975 sensus
579 1927 621 1975 est
638 1919 738 1990 verior,
766 1921 837 1977 iuter
855 1923 935 1978 unlus
954 1923 1081 1994 planetae
1099 1920 1214 1978 circulos
1231 1918 1379 1990 parallelos
1398 1919 1512 1974 duorum
1529 1934 1591 1988 pro·

224 2059 225 2063 Ἰ
252 1993 383 2066 rimorum,
403 2013 472 2067 quos
489 1999 593 2055 habent
609 1999 649 2054 ihi
666 2000 694 2054 in
712 1999 799 2068 primo
817 2007 905 2070 motu,
924 2017 979 2056 non
997 2014 1058 2057 esse
1077 2013 1160 2056 sensu
1177 1998 1382 2069 perceptibilem
1399 1995 1591 2051 diversitatem.

224 2147 225 2150 ,
326 2093 402 2148 Nota
419 2093 451 2150 V.
487 2095 661 2151 Ptolemaeus
680 2111 713 2150 nc
731 2097 870 2152 zodiacum
892 2097 1001 2167 quidem
1024 2097 1071 2153 hic
1087 2097 1222 2166 intuetur,
1249 2092 1322 2165 qnod
1348 2099 1439 2148 tamen
1457 2097 1485 2146 et
1501 2091 1592 2160 ipsum

224 2234 228 2242 ¹
253 2167 319 2223 vilius
337 2177 422 2238 esset,
441 2171 489 2227 sed
507 2172 559 2229 hoe
577 2174 658 2228 etiam
676 2171 772 2243 eapite¹
785 2175 819 2230 ad
837 2181 941 2230 motum
958 2177 1075 2246 primum
1092 2175 1164 2231 redit
1181 2173 1361 2241 adsciscitque
1378 2170 1547 2226 horizontem
1564 2177 1593 2228 et

226 2295 229 2303 .
252 2247 319 2312 polos
336 2249 440 2320 mundi,
458 2252 638 2321 *conspicuum
656 2253 765 2322 quidem
783 2255 935 2312 attribuens
954 2255 1026 2312 tonis
1045 2254 1143 2323 mutis,
1161 2253 1196 2309 ad
1213 2265 1336 2306 normam
1353 2248 1452 2319 capitis
1471 2249 1512 2313 10,
1530 2265 1592 2318 gra·

226 2321 229 2330 '
254 2325 318 2382 vibus
337 2327 425 2383 latera
442 2329 498 2397 poli
515 2331 684 2400 inconspicni
702 2340 730 2388 et
747 2336 798 2391 snb
816 2334 983 2390 horizontem
1002 2334 1134 2402 demersi;
1153 2329 1298 2398 cumquei
1316 2335 1397 2382 tonos
1414 2326 1548 2380 inuenerit
1565 2327 1594 2382 in

224 2473 225 2478 ἵ
253 2401 295 2458 boc
312 2422 414 2476 opere,
440 2411 457 2464 'l
474 2408 507 2463 iis
525 2407 673 2478 parallelos
691 2427 740 2482 per
756 2411 834 2466 initia
850 2412 988 2482 signorum
1007 2411 1104 2468 doctos
1122 2408 1309 2465 accommodat
1325 2423 1380 2463 non
1394 2406 1481 2478 paulo
1498 2407 1594 2476 pulch·

223 2480 230 2564 ξ
253 2483 306 2538 riori
322 2501 467 2556 successu,
496 2504 577 2557 qnam
593 2489 669 2558 prius
687 2497 742 2546 tres
759 2491 963 2547 intervallorum
980 2491 1087 2562 speeies
1109 2489 1197 2546 tribus
1215 2494 1311 2544 cantus
1328 2487 1480 2555 generibus
1515 2486 1595 2555 onae

253 2561 331 2616 omnia
349 2565 392 2620 sic
409 2581 459 2636 ego
477 2568 620 2637 praedico,
647 2569 758 2641 utplus
776 2570 839 2626 inda
857 2570 979 2626 videatur
995 2567 1127 2626 accedere
1143 2565 1294 2623 nobilitatis
1311 2564 1419 2633 ingenio
1437 2563 1594 2637 Ptolemaei,

253 2637 310 2694 baec
327 2647 386 2696 tam
404 2651 467 2714 apte
485 2646 712 2703 comminiscentis
730 2655 758 2702 et
776 2665 810 2704 er
829 2663 875 2719 eo,
903 2648 977 2718 quod
995 2649 1063 2704 nihil
1081 2652 1140 2716 est,
1158 2643 1261 2715 aliquid
1278 2643 1430 2712 afficientis,
1449 2657 1531 2712 quam
1548 2659 1595 2698 ua·

254 2725 319 2773 turae
337 2721 424 2788 coeli,
451 2725 495 2780 oui
513 2725 581 2781 hacc
599 2735 672 2782 certe
691 2727 868 2798 congruentia
886 2737 928 2782 est
945 2727 1068 2782 fortuita.
1103 2725 1226 2796 Apparet
1244 2739 1310 2780 sane
1328 2737 1362 2777 ex
1381 2721 1504 2778 omnibus
1522 2740 1595 2780 oom-

224 2849 225 2852 ,
253 2798 445 2872 paratioribus,
464 2803 620 2861 Ptolemaeo
638 2805 774 2876 placuisse
793 2821 932 2876 numeros,
953 2805 1107 2873 ubicunqne
1125 2803 1235 2860 eosdem
1252 2802 1379 2882 euinque
1396 2800 1487 2868 potuit
1504 2807 1595 2856 osten·

224 2917 226 2948 ἶ
255 2870 313 2928 dere.
349 2877 389 2933 At
405 2879 525 2935 absurda
550 2889 593 2937 est
617 2899 789 2940 numerorum
811 2885 838 2939 in
857 2885 1054 2954 quantitatibus
1078 2881 1260 2952 comparatio,
1287 2881 1311 2934 si
1328 2879 1462 2936 unitatum
1479 2893 1536 2934 non
1553 2883 1596 2933 est

254 2953 337 3008 eadem
357 2959 503 3028 utrobique
521 2961 604 3030 ratio,
632 2965 726 3019 eadem
744 2963 889 3020 distinctio.
927 2963 988 3018 Jam
1012 2955 1078 3019 ¹vero
1102 2960 1272 3030 septenarius
1294 2967 1422 3015 tonorum
1440 2957 1527 3015 oritur
1544 2961 1595 3015 a‘I

255 3036 384 3090 ousuoris
402 3037 551 3094 intervallis
569 3041 650 3096 unius
669 3049 794 3113 ortuum,
813 3049 843 3102 at
860 3041 1030 3112 septenarius
1047 3039 1238 3112 parallelorum
1256 3038 1345 3093 oritur
1360 3053 1378 3092 a
1394 3036 1429 3092 12
1446 3036 1531 3104 siguis
1549 3052 1594 3092 zo·
1678 3035 1683 3049 ’

256 3109 313 3166 iiaoi
329 3123 429 3183 estque
446 3125 583 3186 potestate
601 3121 783 3178 duodenarius
801 3120 900 3191 potius.
936 3121 1090 3190 Praeterea,
1109 3119 1175 3188 quid
1193 3117 1281 3174 simile
1298 3122 1342 3171 est
1358 3113 1459 3185 speciei
1475 3115 1543 3185 toni,
1560 3131 1596 3172 ax

224 3232 229 3262 3
254 3189 323 3244 variis
341 3192 491 3251 mtervallis
509 3196 603 3254 ordine
621 3207 696 3256 certo
723 3198 874 3270 compositi
893 3215 954 3254 cum
974 3199 1107 3269 parallelo
1134 3198 1204 3254 coeli
1229 3195 1443 3265 simpliciam,
1471 3200 1521 3248 ⁸¹1⁸
1536 3193 1596 3247 ‘⁰¹²¹

226 3319 227 3322 ,
255 3266 382 3326 altitudini
401 3288 462 3328 com
479 3275 620 3334 altitudine
639 3279 762 3350 paralleli
780 3279 887 3348 generis
905 3279 1091 3348 diversissimi,
1108 3285 1137 3335 et
1153 3277 1272 3349 positiva
1287 3281 1394 3330 tantum
1411 3279 1440 3328 et
1456 3287 1519 3327 cum
1535 3272 1597 3342 ipsa

254 3342 363 3404 locorum
384 3353 514 3410 rametate
532 3359 624 3412 varia?
659 3360 731 3414 Dato
749 3373 827 3426 vero,
853 3356 1014 3427 quadratio
1032 3356 1277 3428 comparandorum
1293 3351 1422 3422 utrinque
1438 3350 1475 3406 ⁸ii
1492 3349 1596 3419 ΜΘΝ,

255 3423 274 3475 ai
289 3433 379 3483 arnon
397 3430 426 3484 id
444 3441 487 3489 est
503 3434 572 3490 citra
589 3451 687 3493 causae
707 3445 734 3494 et
751 3437 864 3493 effectus
883 3437 1094 3506 connexionem,
1120 3444 1152 3494 ut
1169 3442 1243 3492 certe
1260 3439 1303 3490 est
1320 3430 1466 3498 hocloco,
1488 3446 1597 3500 compa·

255 3505 314 3560 ratio
333 3507 416 3576 vulgo
434 3511 525 3580 potius
543 3517 718 3571 accomodata
736 3521 779 3570 est
796 3513 969 3569 fortuitorum
987 3513 1130 3584 captatori,
1149 3501 1230 3582 quam
1247 3508 1421 3592 philosopho·

333 3587 430 3658 Longe
448 3605 499 3660 ego
517 3594 740 3661 praestantiorem
752 3594 858 3648 invenio
870 3601 997 3650 tonorum
1009 3592 1211 3664 expressionem
1230 3607 1279 3647 seu
1290 3587 1467 3644 imitationem
1483 3584 1512 3640 in
1529 3587 1597 3657 ipsis

256 3659 416 3727 planetarum
435 3671 605 3738 superiorum
623 3671 703 3726 trium
722 3672 840 3728 motibus
866 3673 997 3742 propriis,
1025 3679 1057 3730 ut
1074 3673 1094 3726 ii
1112 3687 1146 3726 ex
1165 3671 1228 3727 Sola
1255 3672 1400 3737 ailwini,
1428 3664 1476 3719 ubi
1501 3679 1597 3733 mm

255 3742 303 3794 toni
321 3743 356 3796 ab
376 3743 527 3814 hypodorio
544 3765 594 3820 per
611 3749 798 3806 Saturniorum
817 3759 938 3806 motuum
956 3749 1129 3806 intervallum
1147 3746 1333 3805 harmonicum
1351 3750 1379 3799 et
1396 3758 1446 3812 per
1464 3743 1598 3800 concinna

256 3817 436 3879 intercidentia
453 3827 648 3896 monstrantur,
668 3827 760 3884 dorius
780 3837 808 3884 et
828 3829 1035 3885 circumstantes
1053 3843 1104 3898 per
1122 3827 1225 3901 Jovios,
1242 3821 1406 3893 mixolydius
1425 3819 1599 3877 wufflflimut

256 3911 268 3950 ι
283 3899 390 3954 Martiis
407 3903 532 3960 motibus.
567 3907 638 3962 Nam
656 3907 679 3962 si
698 3905 807 3962 Saturni
825 3911 914 3962 motus
932 3905 1057 3976 aphelius
1082 3904 1147 3960 iacit
1163 3904 1242 3961 basin
1265 3899 1419 3972 systematis
1438 3897 1597 3954 univtmlifl

228 4043 230 4045 ¹
257 3980 378 4034 utimum
396 3980 526 4051 diapason
545 3983 662 4040 sonitum
681 3993 875 4055 repraesentat,
893 3985 970 4040 Jovis
988 3992 1078 4038 motus
1096 3983 1222 4052 aphelins
1234 3998 1250 4036 a
1262 3995 1330 4037 sono
1346 3998 1373 4051 g,
1391 3977 1488 4033 Mortis
1500 3991 1517 4031 t
1528 3993 1597 4033 tout>

225 4073 228 4078 ’
255 4057 399 4124 ioctavae
418 4075 554 4133 supremo,
575 4066 721 4134 consurgit.
758 4065 852 4134 Itaque
870 4064 1058 4134 Ptolemaeus,
1078 4063 1200 4133 allegans
1218 4069 1322 4118 motum
1339 4059 1468 4128 primum,
1486 4057 1598 4147 terrico·

256 4133 333 4190 lurum
352 4138 539 4210 phantasiam,
567 4143 734 4200 Terrestrem
761 4145 848 4202 solum
876 4143 960 4200 tradit
976 4142 1120 4210 musicam,
1148 4158 1199 4213 ego
1217 4140 1351 4196 Solonem:
1377 4135 1424 4190 ille
1441 4134 1598 4190 memmi

226 4281 228 4288 γ
257 4217 442 4279 quantitativae
460 4221 605 4278 continnae
622 4225 789 4294 immersum,
817 4240 866 4293 ego
884 4228 1057 4293 procuratam
1073 4239 1093 4276 a
1110 4227 1232 4276 creatore
1249 4225 1277 4274 et
1294 4215 1466 4272 distinctiom
1489 4227 1598 4284 seim·

226 4361 227 4366 η
258 4294 378 4365 doneque
396 4300 550 4356 omnimoda
565 4301 595 4358 iu
612 4301 672 4360 luce
690 4296 814 4360 locatam.
851 4301 919 4358 Vide
936 4301 990 4357 mei
1004 4299 1067 4356 libri
1084 4299 1117 4358 V.
1135 4315 1195 4368 cap.
1213 4299 1239 4354 o.

805 4523 946 4596 CAPUT
973 4521 1053 4594 Xlll.

276 4664 317 4720 lle
335 4667 567 4741 proportione,
586 4685 680 4738 quam
697 4669 825 4726 hahent
841 4669 930 4794 intesr
948 4681 982 4791 sle
999 4664 1220 4806 {Jetrachorda
1237 4671 1271 4719 et
1288 4661 1581 4733 configurationes

819 4753 890 4794 oum
935 4754 952 4793 o
976 4753 991 4792 e
1028 4779 1033 4792 .
1565 4771 1569 4779 ι

342 4877 472 4942 Resides
494 4881 647 4960 dispositio
669 4883 918 4945 tetrachordorum
941 4890 971 4942 et
993 4889 1129 4942 tonorum
1150 4881 1181 4939 in
1201 4885 1361 4957 systemate
1375 4878 1503 4956 perlecto
1525 4877 1600 4937 resi·

265 4961 333 5024 duae
356 4985 471 5045 quoqne
494 4971 678 5048 dispositioni
702 4970 963 5048 configurationem
986 4985 1051 5030 oum
1067 4967 1136 5028 Sole
1158 4965 1262 5026 similis
1283 4966 1436 5044 apparebit
1448 4961 1491 5044 ¹¹).
1522 4963 1600 5023 Nam

265 5053 320 5108 toni
343 5053 509 5131 disiunctivi
532 5057 675 5133 quadrant
696 5057 735 5118 ad
757 5061 829 5117 situs
851 5055 978 5117 siderum
1001 5057 1039 5116 ab
1062 5052 1307 5115 occultationibns
1329 5069 1422 5130 usquc
1443 5052 1482 5113 ad
1503 5067 1600 5128 appa·

266 5137 376 5200 ritiones
389 5139 452 5222 ¹1¹),
485 5153 517 5204 at
549 5147 633 5220 soni,
668 5148 718 5223 qul
746 5151 921 5207 connectunt
953 5143 1026 5204 duas
1049 5140 1298 5204 morchardomm
1319 5140 1456 5221 copulas,
1487 5137 1600 5202 seilicet

312 5247 404 5302 Kepleri
416 5251 491 5306 opera
503 5253 531 5297 V.
1401 5245 1442 5308 25
