4242 6384
518 784 581 848 sss
1029 775 1181 837 aalma
1198 747 1355 838 nimau

605 953 809 1012 ‘translationes
827 953 862 1010 da
880 961 946 1010 tono
968 955 997 1010 ln
1014 961 1109 1012 tonum
1126 961 1300 1026 comparatae
1323 961 1388 1010 suut
1411 955 1607 1012 mutationibus
1628 973 1734 1012 morum
1749 959 1846 1026 palo

518 1049 576 1086 rum
601 1039 628 1088 et
650 1031 796 1088 affectuum
821 1049 880 1102 cup.
904 1033 928 1088 7.
965 1035 1098 1092 Videntur
1124 1043 1216 1090 sutem
1239 1034 1393 1092 coincidere
1413 1035 1483 1090 ista:
1512 1040 1537 1104 t)
1556 1037 1665 1106 species
1688 1038 1848 1106 fflspasouat

479 1160 482 1172 .
517 1115 544 1184 2)
562 1112 619 1168 toni
638 1121 687 1166 seu
704 1113 777 1168 modi
796 1111 900 1168 musici.
938 1113 975 1166 Et
992 1129 1058 1170 saue
1077 1133 1170 1172 rerum
1187 1121 1242 1184 est,
1266 1121 1402 1184 quatenus
1420 1115 1479 1168 toni
1501 1115 1571 1172 serie
1589 1117 1787 1172 intervallorum
1802 1133 1849 1170 cou-

521 1191 662 1246 cinnorum
689 1191 830 1264 differunt,
855 1189 963 1246 omnino
989 1193 1054 1248 milri
1077 1193 1245 1260 coincidunt,
1272 1199 1301 1246 at
1325 1197 1459 1260 quatenus
1482 1193 1607 1250 acumine
1628 1205 1657 1250 et
1675 1197 1810 1266 grauitate
1829 1205 1853 1250 ut

519 1269 690 1328 Ptolemaeus
709 1269 770 1324 illos
788 1267 938 1338 distinguit,
957 1267 1032 1325 aliud
1050 1279 1115 1328 saut
1133 1271 1238 1342 species
1256 1269 1402 1340 diapason,
1420 1270 1495 1326 aliud
1512 1271 1570 1327 tuni
1583 1287 1639 1330 sen
1657 1273 1744 1341 modi,
1763 1273 1854 1328 dantur

518 1368 571 1424 que
590 1351 617 1404 in
634 1349 728 1404 eodem
748 1355 813 1404 tono
832 1347 937 1420 species
957 1345 1080 1405 diversae
1098 1351 1239 1419 diapason,
1257 1349 1346 1418 magis
1361 1365 1425 1404 vero
1444 1347 1571 1418 diapente
1589 1357 1618 1406 et
1636 1349 1808 1406 diatessaron,

611 1430 684 1484 Nota
702 1427 747 1484 v1.
782 1429 844 1484 Jsm
867 1427 902 1482 ad
920 1427 1049 1484 coelestia
1072 1429 1184 1498 trausit;
1213 1427 1371 1482 coelestium
1397 1425 1598 1496 suppositiones
1627 1429 1856 1506 appallateam,

519 1511 591 1566 eirca
608 1525 678 1578 quae
698 1509 787 1564 sidera
806 1508 936 1566 coelestis
954 1515 1019 1563 sunt
1036 1501 1178 1576 occupata,
1196 1513 1338 1560 uteorum
1356 1513 1459 1574 motus,
1479 1506 1619 1574 sphaerae,
1638 1509 1857 1578 configurationes.

519 1588 727 1644 familiaritates.
763 1589 832 1644 Natu
858 1588 918 1644 libri
938 1589 1072 1658 cujusque
1097 1585 1165 1640 haec
1188 1583 1231 1638 vel
1255 1583 1302 1637 illa
1322 1576 1482 1653 hypothesis
1506 1585 1605 1640 dicitur
1629 1602 1709 1656 esse,
1735 1597 1763 1646 et
1778 1591 1856 1647 Graeci

520 1683 633 1738 scopum
651 1667 788 1724 actionum
807 1676 998 1738 susceptarum
1015 1663 1156 1734 appellant
1174 1679 1266 1722 eanum
1284 1663 1463 1732 hypothesin,
1483 1663 1560 1730 quasi
1577 1665 1763 1734 propositum.

606 1745 680 1800 Nota
697 1746 757 1800 VII.
793 1745 915 1804 Partitur
937 1745 1128 1804 uacationem
1153 1741 1253 1798 induo
1278 1742 1379 1810 capita:
1402 1741 1519 1810 primunr
1542 1743 1600 1798 vult
1617 1745 1763 1814 generales
1780 1745 1858 1804 adara

520 1824 737 1894 comparationes
758 1823 791 1879 ds
810 1825 943 1894 omnibus,
962 1825 990 1882 id
1002 1831 1045 1880 est
1056 1840 1127 1893 quae
1140 1839 1232 1878 omues
1245 1821 1370 1892 planetas
1389 1822 1417 1874 in
1435 1837 1534 1892 genere
1546 1824 1673 1894 attinent,
1695 1825 1739 1880 vel
1751 1827 1783 1882 de
1795 1845 1858 1895 quan

519 1903 656 1974 plurimis,
680 1903 784 1960 scilicet
802 1905 866 1972 quia
884 1922 939 1960 uon
958 1920 1050 1960 omues
1074 1911 1203 1972 aspectus
1228 1901 1352 1957 omnihus
1369 1900 1488 1970 planetis
1507 1908 1682 1971 competunt,
1707 1903 1765 1958 iere
1787 1915 1859 1960 tanen

520 1981 554 2036 de
573 1981 707 2038 omuibus.
745 1981 871 2038 Secundo
894 1981 952 2038 vult
970 1983 1003 2038 de
1022 1981 1150 2052 singnis,
1172 1979 1294 2050 intellige
1313 1979 1445 2050 planetis,
1471 1980 1504 2034 de
1528 1979 1575 2050 iis,
1599 1999 1671 2051 quae
1691 1983 1858 2051 particulatim

520 2062 563 2117 vel
581 2077 651 2130 quae
674 2059 733 2116 aliis
752 2059 831 2117 aliter
847 2061 937 2118 inesse
963 2060 1211 2132 deprehenduntur.
1246 2059 1340 2114 Priore
1364 2059 1407 2113 ria
1430 2070 1480 2128 per
1497 2059 1587 2130 capitu
1605 2061 1731 2130 quinque
1750 2063 1860 2129 deinceps

521 2141 637 2210 incedit,
657 2141 808 2212 posteriore
827 2157 877 2211 per
898 2143 937 2198 il.
960 2143 999 2196 tir.
1021 2141 1060 2198 ii.
1080 2139 1143 2194 libri
1158 2139 1205 2194 Ill.
1225 2139 1350 2195 incedere
1368 2139 1532 2208 decreuerat,
1551 2147 1581 2196 ut
1599 2141 1726 2196 indIcant
1746 2143 1860 2209 tituli3a

521 2239 575 2278 non
595 2217 724 2290 absolvit,
742 2219 807 2288 qula
825 2219 894 2274 vium
912 2219 1051 2290 ingressus
1070 2227 1113 2276 est
1129 2219 1293 2288 imperviam.
1574 2244 1578 2253 .

607 2299 681 2352 Nota
698 2297 772 2352 vm.
809 2297 1045 2368 Comparationem
1062 2299 1134 2354 inter
1151 2315 1181 2352 se
1199 2297 1365 2366 generalium
1384 2297 1488 2352 orditur
1500 2297 1675 2353 Ptolemaeus
1694 2314 1713 2352 a
1731 2308 1861 2368 systemate

519 2375 640 2448 perlecto
660 2382 688 2430 et
703 2389 720 2428 a
738 2374 857 2430 zodiaco.
892 2375 963 2432 Nara
980 2385 1011 2432 ut
1027 2377 1055 2432 in
1074 2384 1221 2446 systemate
1239 2375 1360 2448 perlecto
1378 2391 1471 2430 omnes
1483 2375 1577 2432 insunt
1588 2377 1712 2432 chordae
1730 2393 1860 2442 earumque

520 2453 671 2516 intervalla,
689 2469 804 2524 genera,
823 2454 928 2523 species
947 2455 1170 2524 differentiaeque
1189 2465 1244 2510 tans
1262 2454 1512 2522 tetrachordorum,
1534 2471 1617 2524 quarn
1634 2456 1860 2511 consonantiarum

521 2541 703 2600 cantuumque
728 2539 756 2587 et
773 2531 915 2588 modorum
938 2550 986 2590 seu
1011 2539 1152 2602 tonorum,
1176 2533 1215 2590 sic
1239 2535 1320 2588 etiam
1343 2533 1394 2587 sub
1412 2533 1524 2588 zodiaco
1548 2533 1681 2590 incedunt
1708 2550 1801 2590 omues
1816 2533 1861 2602 pls·

522 2621 602 2669 natae
620 2627 681 2668 uum
700 2611 800 2682 triplici
820 2626 920 2680 genere
939 2619 1070 2681 motuum,
1088 2613 1116 2666 in
1135 2611 1356 2680 longum,latun1
1374 2619 1402 2666 et
1420 2611 1514 2666 altum.
1551 2612 1771 2682 Comparationis
1788 2621 1861 2666 suan

521 2699 681 2762 argumenta
704 2689 784 2748 affert
807 2691 953 2764 praecipue
977 2699 1108 2760 quatuort
1132 2691 1247 2760 primum
1270 2697 1427 2746 amotuum
1445 2689 1619 2744 similitudine
1645 2699 1675 2744 et
1693 2690 1862 2760 simplicitate,

523 2771 672 2830 secundum
690 2789 707 2829 a
725 2771 814 2830 reditu
831 2777 953 2826 motuum
971 2771 998 2826 in
1017 2787 1047 2826 se
1065 2771 1148 2840 ipsos,
1165 2770 1275 2826 tertium
1293 2771 1328 2826 ab
1348 2767 1527 2839 oppositionis
1546 2767 1779 2839 configuratione,
1796 2765 1861 2822 simili

523 2847 688 2922 oppositioni
706 2869 794 2909 meses
813 2859 840 2910 et
858 2859 1053 2920 euhemerum,
1080 2857 1207 2920 quartum
1230 2867 1247 2906 a
1265 2846 1397 2906 consImili
1415 2847 1598 2916 magnitudine
1616 2856 1803 2918 potestatum,
1825 2863 1862 2914 op·

523 2929 666 2998 positionis
685 2930 794 3000 quidem
811 2931 883 2990 iuter
901 2929 1145 3002 configurationes,
1165 2927 1296 2998 diapason
1314 2945 1379 2984 vero
1397 2929 1467 2983 inter
1484 2929 1688 2984 consonantias.

609 3007 727 3065 Primum
746 3021 933 3080 argumentum
951 3011 1005 3066 hoc
1023 3017 1080 3064 est:
1098 3007 1196 3063 dautur
1213 3007 1240 3061 iu
1258 3007 1369 3064 zodiaco
1388 3006 1544 3075 intervalla,
1568 3007 1668 3063 duntur
1686 3008 1771 3062 etiarn
1788 3007 1813 3060 in
1830 3022 1862 3073 sy·

524 3093 638 3142 stemate
657 3087 813 3158 intervalla;
839 3101 866 3144 et
891 3107 941 3161 per
958 3089 1033 3144 illam
1051 3087 1160 3157 quidem
1183 3087 1284 3154 trajicit
1307 3087 1383 3141 sidus
1402 3084 1526 3155 aliquod,
1553 3102 1603 3155 per
1620 3087 1674 3141 ista
1697 3103 1765 3140 vero
1782 3092 1862 3138 cautus

523 3166 630 3236 transit,
648 3175 739 3223 motus
757 3185 794 3224 sc.
814 3171 940 3240 utrinque
958 3177 1000 3226 est
1017 3165 1122 3230 localis.
1157 3163 1304 3220 Intervalla
1327 3165 1435 3232 quidem
1453 3165 1557 3223 zodiaci
1580 3165 1673 3234 qualis
1691 3167 1761 3234 sint,
1783 3175 1863 3232 perse

524 3251 609 3314 patet,
628 3251 657 3300 at
675 3246 819 3306 intervalla
837 3249 864 3304 in
884 3255 1030 3320 systemate
1052 3245 1158 3316 gemino
1176 3261 1259 3300 sensu
1277 3245 1378 3300 insunt.
1413 3245 1534 3300 Primum
1558 3245 1629 3300 enim
1653 3244 1829 3300 materialiter
1843 3250 1864 3292 et

523 3322 651 3392 organice
673 3325 775 3382 distant
800 3328 834 3382 ab
859 3329 972 3384 invicem
997 3327 1128 3391 chordae,
1153 3323 1193 3378 sic
1215 3329 1247 3378 ut
1263 3323 1458 3391 unaquaelibet
1480 3323 1591 3379 seorsIm
1615 3323 1752 3378 aceteris
1776 3317 1863 3390 pulsari

523 3401 624 3470 possit;
649 3409 676 3458 et
694 3403 721 3456 in
745 3403 838 3460 codice
856 3405 1022 3464 Ptolemsico
1040 3407 1190 3476 pinguntur
1212 3403 1330 3459 chordae
1348 3402 1502 3470 systematis
1526 3401 1603 3456 liueis
1625 3403 1725 3456 erectis
1752 3401 1820 3456 iuter
1841 3413 1863 3450 se

523 3477 673 3550 parallelis,
692 3481 801 3540 illarum
819 3483 902 3554 igitur
920 3487 989 3542 alise
1007 3486 1042 3541 ad
1062 3483 1198 3540 sinistram
1215 3481 1301 3552 magis
1319 3480 1464 3550 recedunt,
1482 3480 1551 3534 uliae
1570 3481 1605 3537 ad
1624 3481 1760 3548 desuem,
1778 3479 1862 3534 distau-

524 3561 566 3612 tes
584 3559 619 3614 ab
637 3559 760 3632 invicem,
779 3561 806 3617 id
825 3571 868 3618 est
885 3563 1082 3620 intervallatae.
1117 3561 1156 3616 Et
1172 3561 1240 3616 haec
1259 3560 1386 3629 organica
1405 3559 1535 3614 distantia
1554 3560 1662 3628 peperit
1679 3575 1780 3614 nornen
1797 3561 1863 3612 intar-

525 3635 590 3692 valli
608 3637 636 3692 in
654 3641 771 3712 musica,
797 3642 870 3710 quod
889 3643 986 3700 deiude
1004 3642 1085 3698 etiam
1104 3639 1139 3696 ad
1156 3639 1225 3694 alias
1242 3637 1404 3694 translatum
1423 3638 1474 3692 init
1492 3639 1717 3706 significationes.
1754 3633 1863 3693 Secunda

525 3716 595 3770 enim
614 3731 694 3772 voces
712 3718 892 3790 intervallum,
912 3721 1054 3788 distantia,
1082 3727 1225 3776 sumuntur
1242 3719 1323 3774 etIam
1348 3719 1381 3774 de
1401 3717 1553 3774 differentia
1578 3720 1731 3788 potestatis
1751 3729 1863 3772 sonorum

421 3841 427 3850 .
523 3793 550 3848 in
570 3795 694 3852 acumine
713 3803 739 3852 et
758 3798 898 3870 gravitate,
919 3801 983 3870 quia
1000 3817 1092 3856 vocem
1110 3808 1219 3856 acuam
1237 3799 1350 3854 dicimus
1370 3797 1470 3866 altam,
1489 3813 1598 3866 gravem
1615 3797 1795 3866 profundam,
1816 3807 1864 3848 cau

524 3873 697 3930 intervallum
716 3875 827 3944 aliquod
845 3879 984 3934 iusiuuent
1001 3879 1072 3936 inter
1088 3895 1118 3934 se
1137 3884 1322 3946 comparatae;
1342 3877 1467 3946 sequitur
1484 3885 1516 3931 ut
1534 3877 1615 3932 etiam
1632 3878 1661 3932 in
1679 3894 1764 3933 sensu
1776 3871 1862 3927 musico

524 3951 596 4007 iuter
614 3967 711 4007 sonum
731 3953 815 4009 altum
835 3963 863 4010 et
879 3957 1045 4026 profundum
1064 3956 1233 4025 concipiatur
1251 3955 1424 4010 intervallum
1436 3956 1659 4025 metaphoricum.
1696 3957 1776 4012 Prior
1787 3955 1863 4019 iraque

524 4032 693 4102 'significatus
719 4035 794 4089 vocis
818 4035 992 4091 intervallum
1014 4035 1102 4090 locum
1127 4033 1275 4104 praecipue
1297 4033 1382 4088 hebet
1403 4034 1456 4088 hoc
1474 4042 1570 4089 octavo
1589 4035 1693 4105 capite,
1720 4029 1863 4104 posterioris

523 4109 592 4165 ratio
611 4112 698 4180 maior
715 4111 860 4169 habebitur
878 4115 967 4184 capite
986 4115 1109 4184 sequenti
1126 4127 1208 4167 nono.
1244 4113 1282 4166 Et
1300 4113 1365 4180 qaia
1387 4129 1479 4167 vocem
1497 4129 1621 4180 graecam
1642 4131 1727 4169 unam
1745 4129 1794 4184 ego
1811 4113 1862 4166 dua·

524 4189 576 4244 hus
595 4189 687 4247 latInis
705 4193 820 4262 reddidi,
842 4193 1016 4264 »pertransiri
1034 4191 1224 4262 absolviqnec,
1249 4205 1342 4245 aarum
1359 4193 1435 4261 prior
1452 4192 1562 4262 quidem
1578 4193 1693 4262 respicit
1711 4193 1747 4247 ad
1764 4192 1862 4262 primun

525 4267 722 4338 significatum,
746 4271 883 4339 posterior
905 4287 968 4327 vero
993 4269 1209 4338 aduocandum,
1235 4267 1291 4322 illic
1308 4278 1398 4325 motus
1416 4281 1459 4325 est
1477 4271 1575 4340 plectri
1601 4287 1651 4341 per
1667 4271 1786 4326 chordas
1809 4267 1861 4321 locis

525 4343 671 4418 dirtantes,
696 4347 741 4403 hic
760 4363 823 4404 veru
845 4351 1009 4420 permutatio
1031 4349 1122 4418 potins
1145 4355 1188 4404 est
1210 4355 1338 4404 sonorum
1356 4348 1506 4402 nautiorum
1533 4365 1594 4404 cum
1612 4349 1788 4416 gravioribus.
1820 4344 1862 4396 Ab·

525 4425 667 4481 solvuntur
692 4433 784 4482 autern
809 4444 858 4484 seu
884 4427 1089 4484 constituuntur
1111 4429 1172 4484 soni
1197 4443 1291 4483 omnes
1314 4428 1433 4496 primum
1454 4429 1482 4481 in
1500 4429 1684 4483 monochordo
1703 4430 1784 4484 etiarn
1801 4430 1861 4479 motu

525 4505 617 4576 aliquo
636 4505 757 4576 ephippii
775 4523 824 4576 per
841 4507 1011 4562 Intervallum
1026 4509 1104 4576 illud,
1123 4524 1206 4579 super
1224 4521 1277 4576 quo
1295 4513 1375 4562 tensa
1388 4514 1430 4561 est
1443 4505 1546 4561 chorda
1558 4507 1645 4575 unica,
1664 4524 1699 4563 ex
1712 4523 1767 4578 quo
1780 4497 1860 4558 deiude

524 4584 704 4640 instrumento
723 4585 782 4640 soni
801 4585 901 4656 singuli
920 4587 947 4642 in
965 4588 1085 4656 singulas
1104 4587 1222 4642 chordas
1240 4602 1290 4656 per
1307 4585 1457 4640 tensionem
1476 4583 1583 4640 illarum
1601 4587 1808 4654 transferuntur.

612 4663 674 4718 Non
692 4663 770 4734 ponit
786 4669 878 4720 tamen
897 4665 1069 4721 Ptolemaeus
1084 4665 1261 4734 praecipuam
1279 4665 1432 4732 argumenti
1444 4664 1497 4716 vim
1509 4663 1537 4717 in
1549 4681 1604 4720 uuo
1623 4662 1666 4718 vel
1683 4665 1769 4720 altero
1780 4663 1858 4716 horum

525 4747 647 4798 motuum
664 4741 800 4812 locahum,
820 4743 868 4798 sed
886 4743 1005 4799 inculcat
1023 4743 1081 4812 ejus
1099 4743 1272 4798 solitudinem
1291 4743 1444 4812 utrobique,
1462 4752 1490 4797 et
1503 4743 1610 4798 vidam
1625 4743 1679 4798 hoc
1690 4745 1761 4797 velle
1773 4742 1858 4794 dcem:

525 4821 596 4876 sicut
613 4823 640 4876 in
658 4822 716 4893 lyra
733 4821 870 4892 plectrum
888 4823 928 4878 vel
948 4824 976 4878 in
993 4823 1179 4879 monochordo
1197 4822 1355 4892 ephippium
1374 4837 1482 4876 sursum
1498 4822 1625 4888 deorsum
1637 4838 1732 4878 errans
1747 4821 1858 4876 diversa·

468 4947 471 4960 .
526 4916 581 4969 que
597 4915 680 4956 susos
696 4899 765 4956 illud
782 4899 908 4969 albicus,
931 4900 1004 4956 Istud
1028 4900 1226 4970 deminans,
1251 4917 1307 4955 non
1323 4907 1417 4954 tamen
1437 4909 1527 4957 mutat
1548 4902 1705 4972 systematis
1726 4901 1767 4956 sel
1783 4907 1857 4952 nouo·

526 4980 622 5036 ohardi
640 4981 758 5050 speeiem
776 4988 805 5036 st
822 4981 949 5050 figuram,
974 4979 1022 5035 sed
1040 4979 1153 5034 eandem
1172 4995 1288 5049 semper,
1307 4987 1338 5034 nt
1355 4979 1464 5047 quoties
1475 4979 1553 5036 lubet
1570 4979 1685 5036 eandem
1702 4989 1792 5034 rursus
1809 4983 1857 5026 can·

527 5058 640 5130 tionem,
664 5061 775 5118 eosdem
794 5061 899 5122 sonitus
918 5061 1016 5118 elicere
1033 5060 1186 5130 possimus:
1212 5059 1251 5113 sic
1269 5060 1349 5114 etiam
1367 5058 1396 5112 iu
1414 5058 1489 5117 coelo
1508 5057 1686 5116 translatione
1709 5057 1817 5112 sidaum
1828 5045 1856 5136 lt

527 5135 587 5194 loco
605 5139 741 5198 inlocum
759 5141 862 5198 nullasu
880 5141 1040 5211 corporibus
1057 5139 1125 5210 ipsis
1141 5135 1236 5196 iuiemi
1253 5137 1444 5206 mutationem,
1462 5152 1552 5207 neque
1569 5139 1622 5192 iter
1639 5137 1668 5192 in
1685 5137 1768 5204 coelo,
1783 5125 1857 5186 sodis·

528 5231 598 5288 cunr,
616 5219 701 5276 vetari
718 5219 858 5276 essedae.
895 5220 985 5289 Hujus
1003 5219 1155 5289 argumenti
1172 5217 1225 5273 vim
1241 5215 1397 5275 Macrobius
1413 5217 1443 5272 in
1461 5216 1601 5274 Somnium
1619 5215 1753 5287 Scipionis
1769 5209 1854 5267 adest
