4242 6384
807 759 835 816 in
852 757 1028 823 flamonium
1044 759 1150 816 llundi
1345 817 1349 824 .
1610 763 1649 831 ld

301 939 394 998 cuitus
415 936 587 1042 quadrante
603 955 622 1000 a
642 955 697 998 auo
719 929 851 1016 ephebo,
881 940 1013 1042 praeciso
1041 937 1189 1007 mediocre
1214 936 1305 997 babet
1332 934 1519 1001 intervallum
1539 955 1560 996 a
1580 934 1651 1000 Sole

299 1027 372 1084 inter
393 1029 556 1086 maximum
578 1027 609 1087 in
631 1026 749 1104 aphelio
772 1033 802 1088 st
822 1028 972 1086 minimum
988 1028 1017 1084 in
1038 1024 1196 1104 peribeli03
1220 1019 1282 1109 5)
1279 1023 1397 1084 diurnus
1419 1020 1533 1084 medius
1554 1031 1652 1087 motus

299 1114 325 1169 in
348 1115 516 1174 eceenuico
539 1112 616 1174 idem
638 1121 684 1174 est
706 1123 735 1176 et
757 1131 844 1174 verus
867 1113 931 1189 ejus
954 1115 1109 1176 eccentsioi
1136 1129 1222 1174 mons
1252 1101 1373 1170 diurnus
1400 1110 1458 1169 illis
1486 1115 1651 1184 momentis,

299 1199 405 1276 quibus
427 1202 551 1278 planeta
573 1203 646 1262 ast·
639 1219 669 1260 ιιι
691 1201 748 1262 fine
764 1197 942 1282 quadrantis
964 1202 1128 1274 eccentrici,
1150 1196 1189 1263 ab
1204 1197 1321 1276 aphelio
1337 1201 1512 1276 computati3
1538 1201 1573 1279 6)
1593 1199 1651 1258 duo

298 1304 381 1346 acus
413 1291 568 1349 eccentrici
599 1288 706 1362 diurni,
738 1288 899 1364 aequaliter
917 1305 998 1348 Ιιιιι
1030 1287 1188 1360 distantes,
1216 1286 1291 1346 alter
1312 1285 1350 1344 ab
1373 1286 1506 1362 ephebo,
1537 1289 1612 1348 alter
1633 1305 1653 1346 a

298 1375 453 1450 perihelio,
472 1376 567 1452 juncti
590 1385 717 1452 aequant
740 1375 858 1436 diurnos
882 1375 993 1436 medios
1008 1385 1122 1450 motus,
1147 1369 1181 1455 i)
1205 1374 1304 1434 eadem
1328 1380 1373 1432 est
1392 1376 1542 1451 proportio
1564 1377 1652 1435 unius

299 1461 395 1520 diurni
417 1465 509 1525 medii
531 1463 570 1523 ad
591 1461 843 1541 junctosmedios
875 1473 975 1523 omne's
1002 1465 1077 1524 inter
1106 1479 1138 1522 se
1166 1460 1321 1540 aequales,
1353 1470 1426 1536 quot
1446 1469 1515 1520 sunt
1537 1464 1566 1518 in
1588 1469 1651 1522 toto

298 1551 432 1624 circuitu,
456 1568 532 1627 quac
548 1558 594 1611 est
608 1550 696 1612 medii
713 1550 806 1612 diurni
822 1549 859 1609 ad
873 1551 991 1626 Junotos
1007 1567 1092 1610 veros
1108 1567 1208 1612 omnes
1222 1565 1308 1611 arcus
1331 1551 1507 1608 eooentrioos
1530 1549 1653 1610 totidem

298 1653 435 1712 numero,
467 1637 520 1698 sed
542 1639 617 1700 inter
639 1656 671 1698 se
692 1637 877 1716 inaequalem
910 1633 945 1718 8)
974 1639 1125 1718 proportio
1156 1637 1362 1714 apparentium·
1382 1653 1417 1699 er
1431 1628 1509 1695 'Sole
1528 1653 1658 1698 arcuum>

298 1723 470 1794 dinmorum
492 1727 580 1786 nnius
601 1727 754 1786 eceanbici
776 1727 849 1786 satis
871 1725 1001 1801 praecise
1024 1724 1116 1802 dupla
1138 1740 1240 1784 eversa
1262 1730 1308 1787 est
1321 1725 1517 1803 proportionis
1532 1741 1650 1785 suorum

299 1812 524 1874 intervallorum
546 1829 564 1874 a
587 1809 657 1879 Solo
688 1808 730 1894 (si
754 1813 904 1880 eccentrici
927 1829 1011 1872 arcus
1040 1828 1098 1873 non
1127 1813 1226 1887 mamni
1254 1817 1337 1884 sunt,
1367 1811 1565 1873 cocentricitaa
1593 1829 1652 1874 non

301 1899 386 1960 valde
417 1895 573 1982 magnall‘.
628 1899 685 1962 His
715 1899 911 1960 fundamentis
940 1898 1055 1962 accedit
1083 1916 1176 1974 nuper
1205 1900 1374 1959 inventum·
1404 1894 1443 2000 i)
1474 1901 1651 1977 ,proporriq

301 2004 374 2062 quae
400 1995 447 2048 est
468 1991 543 2047 inter
564 1988 699 2049 binorum
722 1987 904 2066 planetarum
924 1974 1061 2067 tempora
1074 1985 1233 2064 periodica,
1252 1992 1302 2044 est
1314 1987 1446 2062 praecise
1461 1987 1654 2062 sesquialtera

299 2077 497 2150 proportionis
520 2073 680 2139 mediarum
704 2074 915 2148 distantiarum,
939 2073 969 2132 ld
991 2081 1036 2134 est
1058 2075 1170 2134 orbium
1193 2073 1354 2150 ipsorum“.

414 2161 471 2222 His
497 2159 613 2238 legibus
644 2169 883 2240 superstruuutur
917 2160 973 2222 hae
1005 2162 1138 2247 regulae:
1176 2157 1209 2242 1)
1243 2155 1480 2238 multiplicandus
1510 2160 1653 2238 cujusque

301 2245 438 2324 planetae
466 2262 554 2310 arcus
580 2266 667 2310 verus
701 2249 857 2308 'diurnus
850 2267 878 2307 ιιι
909 2251 955 2308 sui
987 2250 1066 2308 orbis
1101 2249 1365 2319 semidiametrnm,
1397 2245 1466 2308 ltine
1495 2248 1654 2325 prodibunt

300 2337 412 2395 numeri
435 2335 532 2398 idonei
554 2335 593 2396 ad
616 2336 837 2418 exquirendum,
867 2342 936 2394 ndm
949 2337 1063 2404 itinera
1089 2336 1200 2401 iaciant
1228 2337 1430 2420 proportiones
1458 2334 1651 2397 harmonicas.

301 2417 572 2503 2)lnreatigatio
586 2419 786 2486 beliocantriui
814 2431 911 2505 motus
939 2438 991 2508 per
1018 2441 1120 2483 verum
1149 2431 1260 2484 motum
1289 2430 1319 2482 et
1341 2401 1516 2488 distantiam
1531 2441 1551 2485 a
1572 2423 1652 2486 Sole

302 2507 335 2590 3)
358 2509 555 2588 Investigatio
585 2511 789 2574 distantiarum
820 2530 839 2570 a
870 2509 939 2570 Sole
977 2527 1029 2586 per
1061 2511 1283 2572 belioeerrtrieos
1321 2509 1508 2586 quotidianos
1544 2520 1650 2573 motus.

300 2595 404 2658 Sumto
428 2598 526 2658 medio
549 2597 760 2676 proportionali
783 2601 857 2656 inter
880 2604 990 2656 motum
1013 2594 1162 2674 aphelium
1186 2598 1233 2657 vel
1251 2597 1430 2690 perihelium
1439 2607 1468 2657 et
1481 2615 1567 2658 auum
1588 2617 1652 2660 me·

301 2683 395 2759 dium,
425 2685 459 2744 lit
485 2693 518 2744 ut
546 2683 604 2746 hoc
631 2683 776 2746 medium
772 2684 997 2773 proportionale
1020 2683 1059 2744 ad
1080 2683 1326 2757 semidiametrum
1343 2681 1442 2759 orbis,
1474 2687 1517 2744 sio
1538 2687 1652 2768 medius

301 2783 396 2831 motus
426 2772 465 2831 ad
494 2773 664 2832 distantiam
692 2775 864 2851 quaesitam.
910 2761 967 2852 4)-
976 2771 1095 2831 Medius
1113 2780 1210 2834 motus
1231 2761 1367 2849 planetae
1388 2779 1433 2841 est
1455 2780 1537 2832 tanto
1559 2777 1654 2833 minor

301 2861 478 2934 geometrico
501 2859 598 2920 medio
622 2861 695 2920 inter
716 2869 813 2923 motus
836 2865 995 2933 extremos,
1027 2867 1136 2936 quanto
1167 2859 1294 2926 medium
1322 2861 1530 2935 geometricum
1557 2864 1652 2921 minua

303 2957 345 3006 cst
376 2965 471 3049 quam
496 2947 624 3008 medium
653 2949 728 3006 inter
758 2953 920 3021 unumque.
968 2902 1003 3028 5)
1034 2945 1287 3022 Quemadmodum
1314 2948 1463 3027 proportio
1491 2947 1653 3010 mediorum

301 3043 434 3094 motuum
457 3037 486 3092 iu
510 3035 587 3094 binis
609 3035 735 3110 planetis
758 3043 802 3094 est
824 3029 1015 3111 sesquialtera
1038 3051 1142 3094 eversa
1163 3036 1360 3112 proportionis
1380 3035 1503 3110 orbium,
1526 3037 1571 3106 ιιι
1583 3053 1654 3115 pro·

300 3122 394 3197 portio
418 3121 544 3180 duorum
567 3125 769 3200 apparentium
791 3123 1029 3197 consurgentium
1053 3132 1245 3209 extremorum
1267 3129 1398 3182 motuum
1421 3138 1538 3200 semper
1558 3124 1656 3184 delicit
1743 3124 1747 3144 ⁴

301 3226 318 3266 a
338 3209 536 3285 sesquialtera
557 3213 744 3287 proportione
767 3207 995 3283 intervallorum,
1019 3207 1080 3268 illis
1102 3199 1238 3270 extremis
1260 3209 1387 3278 motibus
1408 3211 1654 3288 respondentium.

403 3296 509 3374 Capite
532 3305 636 3373 quarto
657 3301 782 3375 primurn
800 3297 1035 3370 demonstratur,
1068 3298 1143 3356 inter
1164 3297 1328 3374 periodicos
1351 3314 1451 3357 cursus
1474 3299 1653 3376 singulorum

298 3382 479 3458 planetarum
503 3401 562 3442 non
584 3402 648 3445 esse
670 3385 853 3446 harmonicas
875 3386 1011 3456 rationes,
1036 3399 1089 3444 nec
1111 3387 1207 3462 magis
1228 3387 1303 3444 inter
1324 3401 1452 3461 corpora,
1470 3385 1653 3461 planetarum

298 3474 440 3548 ipsorum,
476 3487 552 3548 quae
581 3471 725 3549 Keplerus
753 3471 908 3548 periodicis
936 3467 1066 3530 motibus
1098 3472 1330 3549 proportionalia
1357 3474 1448 3548 ponit.
1499 3473 1556 3534 Sed
1587 3492 1654 3534 eum

299 3575 436 3618 sumnum
471 3565 604 3636 tempora
631 3555 836 3638 inaequalibus
865 3557 1007 3632 motibus,
1042 3557 1130 3620 modo
1159 3559 1264 3633 tardis,
1297 3558 1386 3619 modo
1415 3558 1532 3636 mediis,
1561 3557 1653 3622 'modo

299 3645 440 3706 celeribus
474 3649 614 3720 existant,
645 3655 675 3707 et
704 3647 735 3707 hi
764 3645 997 3724 proportionales
1024 3649 1084 3706 sint
1106 3647 1231 3708 arcubus
1254 3646 1489 3724 quotidianorum
1512 3658 1653 3725 motuum,

299 3750 361 3792 cnm
377 3751 450 3794 vero
466 3729 497 3791 bl
513 3733 551 3797 ad
567 3733 720 3794 distantias
736 3735 905 3810 dirigantur,
930 3733 985 3793 bac
994 3733 1194 3813 inquirendae
1205 3743 1283 3808 sunt,
1306 3751 1465 3811 carumque
1480 3740 1652 3811 praesertim

299 3823 444 3882 maximae
468 3828 498 3881 et
519 3823 657 3882 minimae
681 3821 847 3884 distantiae
882 3819 962 3879 Hoc
956 3823 1035 3898 pari
1057 3821 1145 3881 modo
1167 3821 1200 3881 fit
1222 3839 1280 3898 quo
1303 3824 1332 3883 in
1356 3820 1515 3885 Prodromo
1539 3829 1569 3896 tl.
1583 3830 1653 3900 180),

298 3926 479 3985 quamquam
494 3911 616 4002 numeri,
636 3909 796 3973 multorum
817 3925 958 3991 annorum
973 3906 1078 3968 studiis
1094 3895 1177 3981 erutl,
1201 3910 1239 3969 ab
1254 3909 1313 3973 illia
1335 3907 1509 3986 discrepant.
1538 3908 1653 3986 Quibus

297 3997 445 4072 inquisitis
477 3985 654 4076 osterldltur‚
685 3993 884 4076 harmonicam
918 3994 1035 4070 quidem
1064 3998 1207 4063 rationem
1235 3997 1359 4066 inueniri
1387 4013 1457 4056 non
1467 4015 1555 4074 posse
1579 3998 1654 4057 intcr

297 4084 456 4144 maximam
479 4089 509 4144 et
530 4086 678 4144 minimam
703 4081 870 4146 distantiam
892 4085 978 4144 unlus
1001 4082 1189 4160 ejusdemque
1210 4082 1375 4160 pluretae,
1392 4083 1445 4142 sed
1478 4088 1653 4160 comparatis

297 4169 480 4234 diversarum
499 4161 695 4248 ‚planetalum
721 4171 868 4232 distantiis
895 4169 984 4230 talem
1011 4171 1158 4246 rationem
1183 4168 1293 4248 intendi
1315 4167 1417 4231 rideri.
1445 4169 1550 4252 ¹Ratio
1574 4174 1654 4237 errim

297 4259 407 4334 aphelii
430 4257 550 4318 Saturni
572 4257 611 4318 ad
633 4258 719 4320 Jovis
741 4257 914 4337 perihelium
942 4259 1001 4319 lere
1025 4257 1158 4334 aequalis
1181 4265 1226 4318 est
1248 4258 1353 4317 rationi
1377 4259 1453 4317 221
1479 4253 1653 4341 (octavae);

297 4345 415 4404 Saturm
438 4345 614 4422 perihelium
630 4346 666 4406 ad
682 4345 768 4406 Jovis
791 4345 940 4422 apbelium
955 4369 998 4398 =
1016 4348 1034 4406 d
1051 4349 1093 4404 :3
1118 4341 1260 4427 (medium
1283 4347 1358 4406 inter
1380 4353 1493 4408 sertam
1513 4346 1666 4423 maiorem.

297 4440 324 4491 ct
338 4429 517 4514 minorem];
540 4432 798 4512 tosianianum
821 4433 858 4491 ad
882 4431 985 4502 Martis
1007 4433 1180 4510 perihelium
1205 4458 1242 4485 r:
1269 4434 1314 4490 4:
1333 4436 1348 4492 1
1371 4429 1496 4513 (duplex
1512 4431 1663 4515 octara);¹

297 4519 383 4578 loris
406 4519 582 4596 perihelium
605 4519 642 4580 ad
665 4521 776 4587 Martis¹
792 4519 940 4597 aphelium
964 4545 1001 4572 =
1029 4522 1071 4583 3:
1092 4523 1105 4578 1
1124 4529 1180 4580 ιιι.
1215 4519 1296 4594 ,Etsi
1319 4537 1378 4580 non
1400 4521 1487 4597 plane
1510 4521 1654 4598 quadrant

298 4607 350 4667 bae
373 4609 506 4666 rationes
529 4625 596 4666 cum
617 4609 753 4683 numeris,
778 4607 832 4692 luit
853 4616 950 4668 tamen
972 4605 1021 4666 hio
1043 4623 1196 4667 successus
1219 4609 1441 4673 invitamentum
1472 4608 1512 4671 ad
1532 4625 1653 4684 progre-

298 4693 441 4754 diendum
470 4694 623 4758 ulterius“.
675 4695 748 4754 Cnru
782 4695 950 4754 barmoniae
985 4693 1125 4774 affinitate
1157 4695 1278 4772 propius
1310 4693 1452 4756 accedant
1484 4695 1522 4754 ad
1535 4743 1541 4754 ,
1556 4703 1652 4756 nrotus

298 4797 386 4856 quum
409 4781 449 4840 ad
470 4789 566 4842 rectas
587 4779 694 4858 lineas,
728 4781 830 4858 quales
854 4779 1009 4840 distantiae
1031 4780 1179 4858 putandae
1202 4774 1284 4856 sunt,
1316 4799 1381 4842 cnm
1405 4780 1562 4842 distantiae
1584 4783 1655 4846 illue

297 4885 354 4927 non
378 4887 416 4928 ex
439 4869 543 4928 orbitis
564 4868 616 4930 sed
639 4887 674 4930 ex
698 4871 824 4929 motibus
854 4871 1056 4949 aestimentur,
1087 4859 1280 4933 eiusmorum
1312 4875 1443 4928 motuum
1474 4875 1654 4949 comparatio

298 4954 460 5034 repetenda
482 4953 561 5032 erat3
592 4961 623 5016 at
645 4975 681 5020 ne
704 4959 733 5016 in
756 4957 813 5017 bac
835 4955 952 5033 quidem
982 4957 1154 5018 cernebatur
1181 4955 1341 5016 harmonia.
1387 4955 1533 5034 chlerus
1553 4961 1653 5036 igitur,

298 5061 364 5103 cum
386 5061 442 5104 nos
465 5045 496 5102 in
519 5045 606 5116 rebus
630 5045 812 5108 terrestribus
835 5044 1050 5103 harmoniarum
1073 5050 1124 5104 aut
1146 5043 1247 5105 auditu
1270 5049 1322 5103 aut
1336 5045 1403 5109 risu
1426 5049 1558 5106 conscios
1580 5045 1652 5122 deri,

299 5130 435 5190 deinde
426 5149 457 5190 ιι
480 5131 656 5193 coelestibus
678 5133 806 5204 motibus
829 5123 932 5193 deesse
955 5149 1063 5190 sonum
1081 5134 1282 5210 cognovisset,
1306 5147 1341 5190 eo
1350 5131 1506 5197 deductus
1529 5140 1588 5207 eat,
1620 5144 1654 5194 ut

300 5219 353 5278 sibi
382 5217 590 5295 persuaderet,
620 5237 737 5282 sensum
765 5221 847 5280 visus
876 5203 971 5279 inesse
1000 5221 1085 5295 quasi
1113 5221 1201 5280 etiarn
1232 5217 1331 5278 mundi
1361 5221 1530 5296 corporibus
1559 5238 1653 5298 eoque
