4242 6384
811 789 901 850 aeae
917 788 1047 864 suom.
1183 825 1187 832 ·
1288 825 1292 836 ·
1537 793 1601 856 aar

239 961 360 1031 quoties
377 962 501 1034 ineptum
519 965 584 1034 quid
601 963 700 1038 tecuae
716 963 760 1020 sel
777 964 881 1032 dixisse
897 964 1043 1022 existimat.
1075 963 1118 1021 rt
1132 961 1161 1019 in
1177 962 1232 1020 hac
1248 975 1365 1018 censura
1381 965 1479 1032 peccat
1495 961 1524 1016 in
1538 977 1602 1032 par·

238 1047 297 1094 tem
323 1041 456 1112 alteram,
479 1051 562 1114 prout
584 1044 695 1102 tortum
718 1043 881 1114 respondet,
904 1045 943 1099 its
966 1043 1195 1113 quamlibetrcm
1218 1039 1261 1094 sel
1278 1039 1379 1110 probat
1398 1038 1442 1094 sel
1459 1038 1603 1110 improbat

239 1120 279 1176 Et
298 1120 399 1188 quoad
417 1121 499 1178 benc·
512 1124 555 1178 rel
571 1122 642 1179 male
666 1123 816 1180 succedunt
838 1124 961 1194 incepta,
988 1141 1044 1190 nou
1068 1128 1111 1178 est
1136 1121 1271 1177 ducerem
1294 1119 1329 1175 de
1345 1118 1379 1173 iia
1394 1117 1538 1188 judicium.
1574 1116 1604 1192 ili

238 1197 307 1267 quid
328 1198 443 1256 occulte
459 1201 597 1274 peoqarit,
624 1201 720 1278 quiete¹
732 1201 791 1256 fere
809 1202 970 1259 considerat.
1007 1201 1096 1271 Saepe
1119 1215 1174 1256 uos
1192 1199 1294 1253 tactum
1311 1195 1435 1264 saltem„
1449 1195 1499 1250 sed
1516 1201 1603 1252 totam

240 1285 379 1352 naturam
397 1295 474 1336 suam
492 1279 610 1336 damnat.
647 1280 709 1336 Nou
727 1280 829 1348 rictus,
849 1297 904 1339 uon
922 1280 1049 1348 amictus,
1069 1294 1132 1346 oen,
1142 1273 1257 1342 doloris,
1274 1274 1448 1345 nongaudii,
1466 1281 1522 1352 nou
1539 1287 1603 1342 ope·

239 1372 304 1410 rum
323 1357 369 1412 illi
381 1374 455 1417 cora
473 1359 572 1428 maior,
601 1374 682 1428 quam
705 1356 847 1428 opinionis¹
864 1358 1002 1416 bominum
1027 1357 1060 1414 de
1077 1370 1121 1428 ae,
1149 1373 1230 1430 quam
1253 1356 1330 1426 cupit
1347 1354 1456 1427 nonnisi
1479 1365 1604 1422 maguum

242 1451 317 1490 esse.
361 1437 531 1508 Unde,2lreec
555 1438 663 1496 insania
685 1437 824 1514 pudori«,
840 1437 963 1506 quamtis
987 1452 1036 1506 per
1057 1439 1121 1498 ram·
1136 1435 1299 1503 honestam?
1333 1435 1395 1490 Duo
1420 1433 1510 1504 igitur·
1524 1433 1604 1490 uobis

225 1509 467 1582 'comederentur
495 1518 525 1587 1)
544 1534 593 1574 cur
609 1525 682 1576 amet
703 1532 794 1584 reram
817 1521 923 1580 tantum
939 1515 1087 1585 gloriam-t·
1103 1514 1131 1581 2)
1149 1513 1207 1574 cur·
1218 1515 1378 1585 tantopere?
1414 1512 1605 1570 alludentem

240 1589 268 1648 in
288 1595 485 1667 superioribus
502 1596 686 1668 uwtssimus,
705 1612 742 1652 sc.
761 1611 810 1652 cur
828 1595 925 1650 omnia.
936 1592 996 1663 eius
1013 1595 1125 1665 incepta
1136 1593 1268 1663 ,primus
1289 1610 1353 1650 cum
1368 1600 1444 1650 tanto
1463 1592 1559 1647 ardore
1577 1599 1605 1648 et

241 1671 342 1728 calore
362 1675 540 1744 proueniant:
592 1693 596 1700 ’
673 1704 677 1714 2
746 1733 753 1748 ‚
795 1735 798 1744 ,
1021 1695 1031 1720 a
1074 1736 1078 1743 ,
1206 1709 1211 1716 ·
1450 1692 1454 1699 ·

295 1809 300 1818 ,
335 1753 435 1824 Itaque
458 1745 486 1810 ai·
499 1753 556 1820 soli
574 1743 645 1810 idest
667 1755 753 1822 virtus
768 1755 913 1828 Masurii,
938 1768 1021 1810 causa
1041 1753 1215 1810 mediocriter
1236 1753 1322 1822 patet.
1356 1743 1498 1809 Est'euim
1515 1742 1557 1826 Θ
1575 1749 1604 1805 in

241 1841 341 1904 sextili
365 1834 402 1920 Ἃ
423 1850 452 1898 et
465 1851 531 1901 aum
550 1835 590 1919 ῼ,
607 1823 678 1912 quae
696 1843 735 1900 nil
753 1850 804 1914 est,
822 1844 875 1900 nisi
894 1843 1008 1913 species,
1026 1849 1055 1897 et
1072 1825 1317 1909 lorteaddendum,
1336 1840 1410 1909 quod
1425 1838 1462 1911 l]
1482 1835 1518 1924 ‘ll
1539 1847 1603 1898 aute
1639 1856 1641 1859 ·

241 1929 497 1999 unumquodque
514 1923 557 2007 Θ
575 1931 603 1986 ia
621 1919 681 1987 vil.
701 1937 728 1985 et
746 1932 810 2000 quia
827 1923 869 2009 Q
884 1930 915 1984 iu
930 1927 979 2002 Δ
1006 1931 1049 1993 d.
1085 1929 1169 1987 Forte
1186 1928 1268 1990 etam
1285 1920 1526 2007 quiaQetAsc.
1542 1939 1604 1985 cum

242 2020 301 2068 am
320 2015 422 2074 muns
440 2011 535 2096 cutus.
571 2018 634 2074 ram
652 2018 733 2074 ecam
755 2011 791 2097 tt
810 2019 839 2072 n
857 2013 894 2073 u.
915 2018 943 2073 c.
980 2017 1034 2073 scu
1059 2031 1094 2072 aa
1111 2031 1168 2071 non
1193 2015 1262 2072 uuae
1284 2022 1342 2071 tam
1364 2016 1451 2071 mua
1467 1992 1605 2073 siem

241 2104 341 2172 potius
356 2105 529 2174 micant?
549 2106 656 2176 ¹ltaque
677 2103 715 2179 Θ
738 2095 766 2160 id
784 2097 911 2180 sextilib
931 2105 1098 2175 suspicacem
1123 2112 1151 2160 et
1177 2103 1323 2160 sollicitum
1346 2105 1506 2160 staurium
1529 2105 1603 2172 tacit,

242 2191 270 2237 et
289 2183 455 2253 vigilantem
470 2191 508 2239 et
525 2191 658 2240 attentum
682 2186 710 2239 iu
735 2184 850 2254 singula.
887 2183 940 2239 Ubi
964 2184 1047 2252 igitur
1072 2183 1243 2254 inquisiverit
1267 2183 1395 2237 inuitam
1413 2181 1491 2239 suam
1511 2191 1542 2240 et
1559 2183 1605 2238 de·

244 2263 430 2331 prehenderit
446 2270 560 2334 peccata
578 2279 640 2333 sua,
666 2279 732 2320 sane
754 2264 787 2319 de
805 2279 838 2320 eo
856 2262 973 2318 mamma
991 2262 1105 2334 dolebit,
1131 2261 1204 2334 quod
1222 2262 1369 2331 pessimum
1390 2261 1444 2331 ipsi
1455 2262 1605 2319 ciuemtar.

245 2343 378 2414 Diximus
392 2349 500 2414 autem,
515 2343 601 2399 uideri
618 2343 769 2414 ipsiquae
786 2349 858 2398 sunt.
893 2337 1043 2397 Pessiuium
1066 2355 1130 2396 vero
1151 2355 1182 2395 re
1199 2355 1264 2395 vera
1286 2339 1406 2394 iufamia.
1442 2341 1498 2396 Gur
1514 2350 1606 2397 autem
1707 2336 1712 2349 '

245 2421 322 2478 dolet
349 2422 443 2494 dees
462 2423 592 2500 eo'guita‘l
627 2423 670 2478 du
694 2413 758 2492 quia
775 2421 899 2480 naturale
917 2422 970 2478 boc
989 2429 1031 2477 est
1054 2422 1082 2475 ct
1099 2419 1205 2474 divinus
1227 2417 1392 2473 insdnctus?
1428 2420 1536 2475 Contra.
1556 2411 1605 2476 'In

244 2500 297 2554 hoo
313 2503 381 2572 ipsc
397 2499 614 2559 duculedtissime
626 2495 836 2571 ,distinguuntur
853 2501 975 2557 homines
1002 2517 1020 2556 a
1037 2517 1067 2556 se
1084 2499 1212 2567 invicem,
1240 2496 1313 2568 quod
1331 2496 1441 2568 quidam
1460 2497 1553 2553 dolent
1570 2497 1605 2552 de

245 2578 430 2647 turpitudine,
442 2571 558 2649 'quidam
576 2597 639 2650 nou,
658 2571 733 2649 quos
746 2579 901 2636 nominibus
919 2580 1006 2635 bonae
1023 2580 1070 2634 vel
1084 2577 1172 2633 mdes
1190 2575 1289 2632 indolis
1301 2575 1498 2654 distinguimus.
1526 2574 1605 2633 Unde
1639 2592 1641 2595 ·

247 2657 333 2726 igitur
352 2665 448 2736 tantus
467 2658 563 2737 dolor?
598 2659 642 2714 An
661 2673 695 2714 ex
714 2675 755 2729 eo,
774 2660 838 2730 quia
856 2659 1050 2715 tantusamor‘
1062 2657 1184 2728 gloriae?
1218 2658 1256 2711 At
1272 2656 1345 2711 unde
1363 2655 1496 2730 uterque?
1521 2669 1605 2723 supra

246 2738 318 2790 enim
338 2741 455 2794 tantum
467 2737 583 2793 diximus
602 2737 636 2795 de
654 2739 806 2810 cupiditate
825 2743 853 2794 et
871 2737 1053 2793 delectatione
1071 2735 1230 2807 speculandi
1255 2733 1472 2815 fabricandique,
1496 2733 1554 2803 jam
1571 2733 1605 2790 de

248 2815 400 2872 moralibus
419 2817 532 2885 muros.
568 2819 615 2873 An
631 2817 715 2888 igltur
733 2819 807 2874 dolet
824 2815 886 2880 ideo
904 2817 1089 2878 vehementer,
1117 2815 1182 2884 quia
1206 2813 1497 2886 vehementersc‘erbit,
1525 2829 1606 2884 quam

247 2895 350 2949 malunt
377 2895 427 2963 sit,
453 2903 481 2951 ct
498 2897 624 2954 naturale
642 2903 684 2953 est
708 2898 799 2953 dolere
826 2897 859 2952 de
881 2894 979 2950 malo?
1016 2895 1061 2950 Sic
1086 2893 1174 2949 omnis
1197 2892 1282 2948 virtus
1300 2893 1383 2948 animi
1409 2907 1444 2947 cx
1465 2892 1606 2949 intellectu
1640 2930 1643 2936 -

249 2970 442 3030 deduceretur.
544 2983 546 2988 '
716 3025 718 3030 .

335 3050 477 3120 Optimum
494 3053 577 3122 igitur
595 3059 645 3124 cst,
665 3055 710 3110 ubi
726 3055 851 3125 jungitur
867 3053 1002 3110 industria
1019 3053 1136 3124 iugenio.
1171 3053 1210 3108 nt
1220 3051 1265 3107 bic
1278 3050 1379 3124 optime
1389 3051 1492 3107 babent
1506 3052 1603 3122 omnia,

249 3129 299 3184 uisi
317 3129 397 3199 quod
414 3131 510 3187 Martis
529 3131 621 3187 radius
640 3134 790 3206 quadratus
814 3134 887 3189 illam
905 3136 1014 3190 nimiam
1038 3139 1122 3202 auget
1148 3133 1382 3202 praecipitandam
1404 3137 1434 3186 et
1458 3132 1606 3188 multarum

251 3223 343 3264 rerum
363 3209 555 3280 inceptionem.
590 3203 676 3268 Nota:
694 3211 863 3282 Maegerliuo
883 3219 926 3268 est
941 3212 1051 3284 Jupiter
1068 3213 1095 3267 iu
1114 3219 1185 3269 ortu.
1221 3213 1259 3267 Et
1269 3211 1317 3267 ille
1328 3227 1384 3267 non
1400 3219 1442 3267 est
1459 3212 1499 3285 ita
1516 3207 1605 3265 laudis

252 3287 395 3350 studiosus
421 3297 450 3345 et
472 3298 563 3347 mmcd
588 3291 709 3348 honoris.
745 3291 821 3348 do'vls
842 3292 928 3363 igitur
952 3293 1090 3362 ingenium
1116 3292 1231 3361 simplex
1249 3296 1303 3356 est,
1330 3296 1462 3369 appetere
1478 3291 1605 3348 bonores.

253 3368 288 3422 Et
307 3364 386 3428 aliud
404 3359 447 3426 est
464 3371 578 3442 bonos,
594 3371 667 3428 allud
684 3371 754 3429 laus.
791 3372 1015 3441 Distinguautur':
1031 3369 1102 3426 'laus
1124 3367 1254 3428 hadatu‘r
1276 3370 1305 3424 in
1323 3370 1450 3440 opinione
1462 3369 1607 3431 bominum
1724 3357 1733 3374 ⁴

255 3451 280 3501 ti
297 3446 326 3508 in
341 3451 557 3520 existimatione,
575 3449 663 3504 honor
679 3451 707 3505 iu
725 3451 892 3520 ceremoniis,
911 3449 1128 3522 salutationibus,
1145 3450 1248 3520 titulis,
1265 3449 1375 3520 officiis,
1394 3455 1422 3516 et
1438 3455 1531 3519 potest
1546 3447 1607 3508 fleri
1639 3443 1645 3452 '

253 3530 308 3587 siue
327 3533 421 3590 laude.
449 3533 578 3588 ·Deberet
600 3525 691 3585 t'ameu
709 3543 743 3585 ex
761 3529 841 3585 laude
859 3529 1008 3600 proficisci,
1032 3527 1087 3585 uisi
1102 3527 1290 3602 degeneraret.
1324 3529 1451 3600 Dignitas
1476 3529 1608 3586 adhaeret

254 3607 349 3666 honorl
369 3609 584 3682 quodammodo,
610 3608 633 3671 si
650 3608 739 3663 bonor
764 3615 826 3664 urm
844 3609 925 3686 laude
953 3609 1004 3674 est'.¹
1037 3605 1222 3679 Praestantia,
1251 3607 1413 3664 excellentia
1431 3615 1496 3663 sunt
1511 3607 1606 3664 {unda

254 3694 377 3747 mentum
395 3698 423 3760 et
440 3687 634 3760 possuutsinc
652 3685 735 3742 laude
753 3688 874 3756 sofflari.
903 3681 1066 3742 '‘Aumoritas
1084 3687 1210 3743 ultimum
1228 3686 1406 3742 videturesse
1423 3687 1452 3741 in
1470 3686 1605 3758 opinione,

254 3769 371 3836 primunr
385 3770 519 3838 ira-iacto,
542 3783 596 3838 quo
615 3765 716 3836 aliquid
733 3768 924 3834 retribuimus,
948 3773 991 3821 est
1009 3773 1101 3822 autem
1119 3766 1269 3824 communis
1288 3763 1369 3822 etiam
1386 3764 1606 3821 benefactoribus

256 3853 281 3901 et
296 3851 431 3919 patronis,
448 3843 571 3920 qiamuis
589 3861 645 3918 mou
664 3843 822 3916 laudentur,
847 3855 878 3900 ut
896 3849 924 3900 et
941 3845 1100 3916 potentibus
1119 3851 1201 3914 atque
1223 3843 1358 3899 divitibus.
1394 3825 1487 3922 Virtus
1505 3850 1548 3899 est
1565 3856 1606 3897 se·

257 3929 354 3986 aretiam
374 3930 440 4000 quid
458 3941 539 3998 quam
557 3924 733 3996 praestantia,
753 3923 818 3994 quia
834 3921 883 3979 illa
901 3921 1059 3994 simpliciter
1077 3921 1271 3993 mnsideratur,
1289 3923 1359 3978 haec
1375 3921 1470 3978 relata.
1505 3923 1607 3991 ducto·

257 4005 319 4066 ritas
338 4015 384 4066 est
401 4010 515 4065 taciturn
526 4021 651 4077 regnum,
665 4005 723 4060 sine
740 4003 843 4059 honore
860 4005 944 4074 regio,
980 4003 1117 4059 Lutherus
1136 4003 1176 4081 sic
1193 4004 1325 4072 regnarit.

338 4089 383 4146 Ab
400 4088 511 4145 meante
528 4091 618 4142 aetate
637 4083 746 4142 fueram
762 4082 827 4138 huic
848 4080 952 4136 homini
970 4081 1118 4136 'adversarii
1135 4080 1232 4150 aliqui,
1249 4081 1361 4152 primus,
1380 4095 1460 4150 quem
1477 4077 1607 4133 memoria

258 4171 348 4242 bueo,
361 4163 486 4242 liol'pids‘,
504 4168 558 4234 imo
578 4177 672 4222 omues
690 4161 860 4232 consodeles,
878 4155 998 4228 Molitor,
1014 4159 1188 4215 ‘Wlelaudius
1205 4160 1400 4230 Mulpronnae,
1420 4166 1448 4214 et
1465 4157 1607 4226 Tubingae

260 4245 388 4321 Koll'uaus,
404 4243 574 4312 ,Bebeubusll
592 4242 773 4306 Braunbaum,
792 4239 973 4308 Mulpronnae
990 4236 1222 4306 Qeueuserus.
1258 4240 1406 4295 Recenseo.
1418 4239 1569 4295 diuturnos.

321 4324 463 4396 Tubunas
475 4323 648 4396 Hulderious,
667 4319 805 4388 Semeros,
824 4317 954 4388 Ortolins,
972 4313 1311 4387 Adelb‘ergae'Lendliuua
1329 4317 1510 4388 Mulpronnae
1522 4317 1607 4386 Spau-

260 4405 431 4477 tenbcrgius,
450 4404 592 4473 Tubiuqaa
612 4400 749 4470 Oleberus,
768 4399 949 4470 Mulpronnae
966 4396 1119 4470 ltebstocls,
1138 4397 1277 4466 Huselius,
1296 4397 1438 4469 ‘tubingae
1455 4396 1607 4467 Dauberos,

261 4477 422 4542 lorbardus.
460 4473 598 4558 cognatm
617 4482 763 4551 desperas,
781 4480 825 4535 Jc.
845 4478 959 4548 Regius,
977 4477 1128 4548 liturarios,
1147 4475 1312 4547 Spcidelias,
1331 4475 1468 4547 Zeilerus,
1486 4476 1530 4538 Jo.
1547 4477 1607 4531 Mo·

261 4556 318 4618 litor
339 4565 441 4637 frater,
469 4565 519 4621 Au.
539 4559 669 4632 Orellius,
685 4575 782 4628 soca,
806 4558 930 4628 plerique
954 4556 1096 4626 aequales,
1119 4556 1216 4625 reliqui
1234 4553 1307 4610 torte
1327 4555 1356 4611 in
1382 4571 1473 4612 musa
1509 4556 1607 4634 Itaque

263 4640 360 4700 trimus
387 4643 447 4714 ejas
470 4647 614 4699 exercetur
629 4639 664 4711 iu
685 4636 896 4708 sepultoribus
919 4641 1014 4692 ooutm
1037 4635 1214 4692 aduersarios.
1248 4634 1349 4691 Unde?
1372 4634 1489 4704 anquis
1505 4632 1606 4702 virtuti,

264 4721 405 4793 lmiectui,
426 4718 588 4787 honoribus,
606 4715 730 4776 lelium
748 4730 855 4787 semper
872 4714 991 4771 aemuli?
1025 4715 1070 4770 Au
1088 4716 1152 4784 quia
1171 4712 1210 4790 Θ
1229 4707 1299 4792 etQ
1317 4714 1346 4768 in
1363 4713 1435 4769 VII?
1457 4766 1463 4778 ,

306 4851 313 4864 ,
340 4811 442 4883 Holpio
461 4811 535 4882 (luter
551 4809 682 4875 magistros
700 4813 815 4872 receptus
834 4821 898 4856 auno
913 4809 980 4857 1592
994 4821 1050 4858 oum
1062 4807 1229 4870 Macgerllno,
1246 4802 1333 4880 locum
1341 4807 1452 4856 obtinult
1466 4805 1606 4859 lt.·Pasto·

267 4879 296 4929 ῆι
307 4897 407 4934 muner»
421 4886 571 4955 ungebatur
589 4889 813 4942 audet—1628
831 4885 986 4954 Netdliugaa)
1004 4875 1109 4939 me'cum
1128 4886 1161 4940 de
1180 4883 1339 4938 eruditionis
1356 4883 1484 4953 opinione
1500 4879 1609 4936 occulta

269 4959 415 5016 mutemio,
439 4959 468 5016 Is
483 4981 527 5024 rae
545 4963 690 5024 manifeste
708 4961 812 5032 oderat,
828 4977 933 5016 mecum
950 4961 993 5018 bis
1006 4964 1144 5032 pugnavit,
1162 4961 1246 5018 semel
1255 4961 1422 5032 Leobergae,
1441 4958 1525 5017 semel
1536 4956 1606 5030 Mul-

268 5047 385 5102 imum·
420 5037 569 5116 Postquam
585 5045 624 5100 ibi
641 5043 718 5100 locus
737 5040 862 5112 superior
878 5038 946 5093 milri
964 5039 1060 5106 cessit,
1086 5039 1214 5118 rediimus
1240 5042 1268 5097 in
1286 5042 1407 5112 gratiam
1444 5035 1607 5109 Desperarit

271 5115 330 5188 tuin
347 5107 555 5190 restitutionem,
572 5113 688 5194 cumque
705 5121 789 5194 prius·
800 5127 907 5191 semper
923 5126 1071 5187 metueret,
1085 5120 1150 5190 jam,
1168 5119 1241 5176 iacto
1259 5120 1333 5190 quod
1346 5125 1496 5190 metuerat,
1516 5118 1607 5174 odisse

270 5189 438 5287 simulatque
459 5204 584 5256 metuere
603 5203 697 5254 desita
732 5199 855 5258 Molitori
878 5199 983 5270 (pastori
1001 5203 1155 5253 Kumtemtl
1180 5200 1371 5293 rost-lett)
1387 5197 1484 5254 eadem
1507 5195 1608 5254 occulti

315 5301 408 5358 neres
420 5301 538 5358 opera
752 5291 768 5304 “
1408 5301 1449 5364 tl
