4242 6384
753 843 836 900 Liber
854 843 902 899 ΠΙ.
922 841 1010 914 Caput
1027 843 1100 900 XIV.
1538 852 1600 916 395

270 1015 422 1087 repentina
458 1013 537 1070 aeuo
555 1013 681 1085 denique,
701 1017 774 1086 quod
792 1017 957 1074 astronomia
976 1031 1039 1074 vera
1055 1019 1240 1090 1111111111
1257 1019 1376 1088 reliquas
1394 1021 1498 1078 orbium
1516 1023 1603 1096 plicas

268 1115 309 1167 pro
328 1093 438 1162 singolis
454 1093 580 1164 planetis,
599 1101 656 1150 tum
673 1097 789 1152 maxime
806 1097 942 1168 epicyclos
957 1097 1020 1154 illos
1039 1101 1054 1154 5
1073 1097 1251 1168 planetarum,
1269 1098 1338 1154 allas
1349 1100 1486 1169 potuisset
1497 1102 1603 1159 institui

268 1176 321 1232 11111
338 1173 512 1244 comparatio,
532 1180 564 1228 ut
581 1175 645 1242 quta
663 1175 776 1246 epicycli
793 1183 822 1232 et
839 1177 982 1232 eccentrici
999 1183 1106 1231 mutant
1121 1176 1272 1245 intervalla,
1290 1192 1361 1244 quae
1378 1178 1522 1245 generibus
1540 1196 1603 1236 cau·

256 1265 305 1318 ⁴tus
319 1254 402 1324 iussit
413 1267 575 1321 comparare
593 1252 774 1324 Ptolemaeus,
793 1254 906 1324 epicycli
924 1255 1032 1324 quidem
1049 1255 1198 1323 intervalla,
1217 1255 1376 1310 eccentricis
1393 1256 1452 1311 iere
1470 1257 1603 1327 aequalia,

268 1333 348 1404 generi
366 1331 510 1390 diatonico,
529 1332 672 1388 eccentrici
689 1348 855 1402 veroparra
872 1339 900 1388 et
918 1333 1031 1404 epIcycli
1048 1349 1147 1402 magna
1165 1334 1339 1389 enharmonio
1357 1336 1535 1394 sociarentur.
1566 1339 1604 1395 ‚tt

266 1429 317 1469 cum
334 1427 406 1466 unus
425 1409 526 1464 Terrae
548 1415 637 1465 motus
661 1411 732 1466 clrca
757 1411 848 1476 Solem
865 1427 971 1468 annuus
990 1413 1081 1469 deleat
1098 1417 1114 1469 b
1138 1413 1201 1468 illos
1223 1413 1455 1483 inaequalissima
1477 1421 1506 1471 et
1528 1431 1604 1472 mon·

267 1502 361 1548 strosae
379 1487 512 1559 quosdam
530 1489 722 1559 magnitudinis
741 1490 888 1561 epicyclos,
913 1491 1004 1548 nullos
1023 1493 1050 1546 in
1069 1493 1136 1547 meis
1156 1491 1225 1547 veris
1247 1497 1276 1546 et
1293 1491 1446 1547 causalibus
1465 1508 1603 1565 compara·

268 1571 377 1626 tionibus
394 1567 496 1638 poterit
514 1581 657 1635 superesse
674 1567 751 1646 locus
768 1569 829 1627 istis
846 1569 982 1640 epicyclis.

342 1669 417 1725 Nota
434 1669 509 1724 XIII.
544 1667 715 1722 Dictumest
726 1675 826 1737 supra,
855 1667 884 1721 in
903 1669 1068 1723 1111111111
1086 1669 1235 1726 Ptolemaei
1252 1684 1307 1723 uon
1326 1674 1434 1723 exstare
1450 1669 1603 1740 proportie

268 1763 310 1802 nes
326 1749 498 1817 planetarum
521 1745 554 1800 ad
573 1761 605 1804 se
621 1752 722 1800 mutuo.
761 1745 852 1816 Quare
870 1763 925 1802 nou
943 1755 986 1804 est
1004 1763 1020 1801 1
1038 1764 1103 1803 vero
1123 1749 1337 1818 dissentaneum,
1357 1747 1558 1818 Ptolemaeum,
1582 1755 1606 1810 si

265 1825 419 1881 absolvisset
443 1827 523 1881 etiam
547 1827 601 1880 hoc
625 1833 723 1894 caput,
747 1825 914 1882 indulturum
938 1827 1040 1898 aliquid
1066 1828 1152 1883 fuisse
1174 1827 1257 1898 bujus
1282 1828 1414 1884 simihbus
1431 1829 1604 1896 conjecturis,

265 1905 309 1959 Est
322 1913 413 1961 autem
431 1905 549 1960 formata
566 1921 600 1960 ex
619 1903 769 1972 composita
785 1905 969 1974 proportione.
1005 1908 1076 1963 Nam
1093 1908 1116 1961 si
1133 1907 1274 1977 proportlo
1291 1910 1475 1965 reversionum
1487 1907 1558 1964 Solis
1576 1915 1605 1964 et

264 1983 350 2038 Lunae
368 1984 542 2054 duodecupla
559 1990 680 2052 praestat
698 1984 901 2052 proportionem
919 1985 1123 2042 intervallorum
1140 1985 1395 2060 novemdecuplam,
1416 1994 1543 2066 manente
1559 1986 1604 2041 bic

269 2063 375 2132 simplici
392 2065 599 2134 proportionum
625 2063 889 2132 contemperatione,
912 2071 1072 2132 sequeretur
1088 2066 1124 2120 ad
1141 2067 1344 2136 proportionem
1362 2067 1433 2123 Solis
1450 2074 1479 2122 et
1496 2066 1605 2124 Saturni

267 2143 443 2200 reversionum
460 2141 639 2214 trigecuplam
664 2140 753 2209 (louge
776 2136 908 2208 majorem'
923 2143 972 2196 illa
998 2143 1191 2214 duodecupia),
1217 2145 1297 2216 louge
1315 2148 1397 2203 etiam
1414 2148 1500 2217 major
1524 2147 1605 2202 inter·

265 2222 389 2277 vallorum
407 2221 556 2293 proportio,
576 2235 658 2289 quem
675 2217 723 2272 illa
740 2219 959 2289 novemdecupla.
996 2221 1167 2278 Admiscetur
1184 2225 1267 2294 igitur
1287 2232 1428 2294 respectus
1446 2223 1605 2281 humilitatis

265 2302 350 2356 Lunae
368 2309 397 2356 et
416 2299 567 2356 altitudinis
585 2297 707 2366 Saturni,
727 2297 766 2352 sic
785 2302 815 2352 ut
833 2297 911 2354 Luna
929 2301 1038 2370 quidem
1056 2302 1093 2356 sit
1109 2303 1198 2358 minus
1216 2304 1295 2360 tarda
1312 2320 1393 2373 quarn
1410 2303 1532 2374 humilis,
1557 2304 1604 2359 Sa·

265 2391 352 2437 turnus
371 2381 435 2452 plus
454 2379 549 2435 tardus
568 2393 648 2446 quam
667 2375 748 2446 altus,
768 2376 802 2431 ob
820 2377 848 2431 id
866 2378 963 2447 ipsum,
983 2381 1046 2448 quia
1064 2379 1112 2435 illa
1128 2380 1246 2451 humilis,
1265 2385 1318 2438 iste
1329 2383 1410 2446 altus,
1429 2383 1515 2452 quati,
1535 2396 1605 2450 quae
1648 2426 1654 2434 ,

267 2465 351 2514 111111
370 2459 560 2526 inniterentur,
580 2456 685 2526 aptiore
702 2464 794 2511 essent
812 2457 847 2512 ad
864 2463 974 2512 motum.
1011 2457 1107 2525 Itaque
1124 2461 1354 2530 praesupponitur
1370 2463 1416 2518 hic
1438 2469 1470 2516 ut
1486 2459 1607 2534 legitima

268 2537 382 2594 collectio
408 2535 483 2606 totis,
507 2535 580 2604 quod
605 2535 640 2590 sit
663 2535 735 2588 sicut
757 2535 827 2589 inira
853 2533 942 2589 Solem
967 2538 1107 2606 proportio
1134 2539 1307 2596 altitudiuum
1329 2537 1545 2608 novemdecupla
1570 2535 1606 2592 ad

266 2616 462 2686 proportionem
480 2615 666 2670 reversiouum
688 2613 885 2683 duodecuplam
908 2620 936 2668 et
953 2615 1097 2684 minorem,
1122 2619 1161 2672 sic
1179 2633 1262 2687 supra
1280 2617 1371 2672 Solem
1396 2617 1432 2673 sit
1450 2617 1509 2672 rice
1527 2630 1606 2670 versa

265 2697 396 2766 proportio
416 2695 600 2750 reversionum
618 2693 770 2762 trigecupla
786 2693 820 2747 ad
838 2693 1039 2762 proportionem
1057 2693 1229 2750 altitudinum
1246 2695 1494 2766 novemdecuplam,
1512 2692 1605 2748 itidem

265 2775 396 2830 minorem.
433 2775 503 2828 Nam
523 2773 547 2828 si
567 2774 598 2828 19
617 2772 664 2826 dat
685 2772 730 2838 12,
753 2779 819 2826 tunc
836 2771 864 2826 in
883 2768 1363 2842 11111111111130111191111.
1396 2775 1436 2830 Et
1458 2775 1528 2830 baec
1543 2789 1605 2842 pro·

266 2854 346 2922 portio
365 2853 512 2908 Saturniae
535 2851 668 2920 sphaerae
692 2853 727 2906 ad
754 2851 875 2905 Solonem
897 2867 953 2904 non
984 2851 1100 2906 multum
1122 2850 1214 2906 differt
1237 2868 1254 2906 a
1275 2854 1425 2909 rationibus
1451 2851 1606 2918 Alhategnii

264 2939 287 2985 et
302 2931 457 3000 hliragani,
484 2931 531 2998 qui
549 2931 739 3000 proportiones
763 2930 870 2985 orbium
893 2931 1022 2992 (assumto
1039 2931 1187 3002 principio,
1212 2928 1285 3000 quod
1308 2931 1439 3002 sphaerae
1462 2945 1492 2985 se
1509 2939 1605 2986 mutuo

266 3011 426 3080 wntingant)
453 3009 652 3078 iuvestigarunt
676 3021 710 3062 11
732 3008 871 3078 principiis
890 3007 1061 3072 Ptolemaicis
1086 3011 1315 3080 inveneruntque,
1342 3011 1488 3066 Saturnum
1507 3009 1606 3064 debere

265 3089 421 3144 summoveri
439 3087 553 3142 aTerra
571 3088 606 3142 ad
623 3087 774 3142 minimum:
793 3087 973 3155 Albategnius
994 3091 1080 3146 18100
1096 3089 1301 3146 semidiametris
1313 3091 1422 3158 Terrae,
1440 3087 1605 3157 dliragauus

269 3171 351 3238 111100,
371 3167 494 3238 qualium
513 3165 559 3220 Sol
578 3166 650 3221 absit
671 3167 737 3223 1176
756 3166 871 3235 circiter,
890 3183 960 3235 quae
978 3172 1021 3222 est
1033 3167 1173 3236 proportio
1188 3167 1334 3240 sedecupla
1345 3168 1416 3235 iere;
1433 3166 1498 3222 licet
1515 3173 1605 3222 autem

266 3262 356 3316 augere
375 3246 547 3300 altitudinem
566 3246 699 3314 sphaerae
718 3247 839 3314 Saturni,
859 3246 926 3300 nihil
942 3245 1107 3314 impediente
1125 3245 1290 3302 astronomia
1306 3247 1486 3315 Ptolemaiou,
1509 3253 1541 3300 ut
1557 3244 1606 3299 flat

266 3335 287 3380 et
302 3329 360 3396 ipsa
378 3323 593 3392 novemdecupla
611 3323 744 3392 sphaerae
762 3323 876 3393 Solaria,
902 3327 973 3380 sicut
990 3325 1043 3379 ista
1061 3332 1104 3380 eat
1120 3326 1334 3396 novemdecupla
1351 3327 1484 3395 sphaerae
1501 3323 1605 3380 Lunae.

266 3405 333 3457 hicet
350 3403 470 3458 11111111
487 3411 546 3471 (per
563 3403 765 3458 observationes
789 3403 896 3471 quidem
915 3405 1055 3474 eclipticas
1077 3421 1132 3460 non
1150 3407 1388 3476 accuratissimus,
1413 3421 1430 3459 a
1445 3397 1605 3460 Ptolemaeo

266 3484 392 3538 adhibitas
412 3482 445 3536 11
464 3483 536 3537 banc
553 3481 818 3538 demonstrationem)
835 3482 908 3549 licet,
926 3485 1047 3554 inquam,
1066 3485 1228 3542 contrahere
1246 3487 1391 3555 sphaeram
1409 3483 1489 3552 Solis,
1507 3489 1538 3538 ut
1555 3497 1605 3551 pro

265 3557 468 3629 novemdecupia
484 3560 580 3614 Lunae
597 3560 646 3614 fiat
662 3559 736 3615 illius
756 3559 909 3630 sedecupla
945 3563 1080 3632 Utrinque
1098 3565 1216 3634 sphaera
1229 3565 1300 3622 Solis
1317 3565 1406 3620 media
1423 3563 1471 3618 det
1488 3561 1606 3618 medium

266 3639 461 3708 proportionale
479 3640 550 3692 inter
568 3638 700 3706 sphaeras
718 3637 814 3693 Lunae
832 3645 860 3692 et
878 3639 988 3694 Saturni
1007 3649 1156 3710 extremas,
1179 3643 1251 3698 sicut
1268 3659 1343 3699 mese
1364 3643 1392 3697 in
1409 3642 1607 3699 1111111111

266 3719 374 3773 omnium
400 3725 443 3771 est
465 3718 583 3773 medium
605 3717 807 3786 proportionale
830 3718 902 3774 iuter
926 3723 1008 3773 neten
1031 3720 1237 3789 hyperbolaeon
1257 3729 1285 3776 et
1307 3720 1605 3791 proslambanomenon.

266 3796 317 3852 Hoc
333 3799 422 3866 igitur
440 3796 468 3851 iu
485 3797 657 3866 paragrapho
680 3797 755 3866 prior
772 3803 815 3852 est
833 3797 975 3852 observata
993 3799 1147 3866 proportio,
1174 3805 1203 3853 at
1220 3799 1248 3852 in
1266 3798 1322 3854 tine
1339 3797 1437 3868 capitis
1458 3797 1487 3850 in
1504 3795 1607 3852 tabella

265 3877 399 3944 posterior.
1136 3888 1141 3898 ¹

344 3957 421 4012 Haec
437 3956 521 4026 igitur
539 3963 628 4024 erant,
653 3969 724 4024 quae
742 3955 815 4010 circa
831 3955 914 4023 hujus
932 3955 1029 4024 capitis
1046 3961 1153 4009 textum
1174 3953 1210 4008 ad
1227 3961 1346 4008 mentem
1363 3951 1512 4009 Ptolemaei
1530 3967 1547 4006 a
1563 3967 1608 4006 me

268 4034 451 4089 concinnatum
470 4036 626 4090 annotanda
644 4035 746 4089 111111.
783 4035 869 4089 Vequ
887 4050 959 4090 nunc
984 4033 1019 4089 ad
1037 4034 1209 4089 collationem
1226 4033 1410 4089 Ptolemaicae
1427 4031 1606 4102 comparatio·

268 4113 302 4166 uis
319 4129 379 4168 cum
398 4113 514 4167 inuentis
532 4121 588 4167 tam
607 4119 741 4180 veterum,
760 4129 841 4181 quam
859 4112 934 4166 meis.

344 4191 408 4245 Etsi
430 4191 502 4244 enim
520 4191 692 4260 Ptolemaeus
711 4191 807 4260 capitis
831 4197 936 4246 textum
958 4191 1018 4260 ipse
1036 4205 1091 4245 nou
1109 4190 1233 4259 scripsit,
1258 4205 1293 4244 ex
1316 4189 1377 4259 ipso
1400 4195 1491 4244 111111
1509 4188 1607 4258 capitis

267 4269 384 4324 lemmate
402 4269 482 4324 facile
499 4267 647 4337 colligitur,
666 4269 852 4324 Ptolemaeum
870 4269 915 4322 hic
932 4269 1050 4337 aliquam
1069 4275 1173 4338 partem
1194 4267 1384 4336 philosophiae
1402 4267 1607 4339 Pythagoricae,

271 4347 299 4400 11
316 4349 434 4402 siderum
451 4349 567 4416 musica,
595 4347 704 4402 tradere
722 4363 836 4416 eamque
854 4347 950 4402 melius
974 4348 1120 4403 emendare
1137 4346 1265 4402 voluisse.
1300 4345 1428 4414 LegImus
1445 4347 1516 4402 enirn
1534 4346 1608 4417 apud

270 4425 375 4482 Plinium
394 4425 440 4480 lib.
458 4428 493 4481 11-.
513 4443 573 4496 cap.
591 4427 632 4496 27,
652 4427 836 4496 Pythagoram
854 4425 997 4483 intervalla
1015 4424 1380 4499 1111111111Τ111111111
1398 4424 1433 4479 ad
1451 4423 1607 4492 signiterom
1642 4461 1647 4484 .

269 4519 432 4576 comparasse
450 4521 511 4561 com
529 4507 633 4561 musico
651 4506 794 4582 intervallo
812 4507 899 4561 utrius
912 4505 1052 4573 diapason.
1090 4504 1168 4559 Sicut
1180 4504 1251 4560 enim
1263 4503 1291 4556 in
1306 4502 1437 4572 diapason
1449 4510 1513 4556 sunt
1527 4518 1607 4559 rocca

270 4591 330 4652 octo,
348 4584 545 4640 constituentes
562 4585 706 4638 intervalla
724 4591 837 4664 septem,
856 4599 926 4652 quae
941 4584 1038 4651 iuncta
1054 4582 1159 4639 iaciunt
1175 4584 1284 4638 circiter
1301 4597 1351 4637 sex
1368 4589 1494 4638 tonorum
1512 4581 1606 4651 ampli·

270 4663 392 4730 tudinem,
420 4661 460 4716 sic
483 4662 564 4717 etiam
587 4663 614 4716 11
639 4662 740 4717 mundo
765 4664 947 4718 censebantur
971 4678 1094 4731 corpora·
1110 4671 1173 4718 octo
1195 4663 1362 4731 totidemque
1379 4661 1473 4729 orbes,
1501 4667 1617 4739 septem=

271 4741 367 4808 quidem
384 4739 500 4794 totidem
514 4739 692 4810 planetarum,
711 4749 807 4796 octava
823 4757 887 4796 sero
906 4741 1029 4797 fixarum.
1065 4741 1234 4812 Pythagoras
1247 4741 1329 4809 igitur
1346 4755 1461 4810 corpora
1478 4740 1608 4796 coelestia

270 4819 424 4888 compararit
441 4821 523 4888 sonis,
544 4835 688 4890 corporum
705 4819 847 4876 1111111111
866 4836 993 4876 sonorum
1010 4819 1169 4875 intervallis.
1206 4819 1320 4876 Addidit
1344 4820 1508 4876 coelestibus
1525 4821 1608 4875 111111

272 4895 371 4952 Terram
388 4898 484 4968 ipsam,
503 4912 663 4967 comparans
687 4908 716 4954 et
733 4900 803 4954 hanc
821 4897 1041 4966 unisonacujus
1059 4899 1213 4954 accessione
1237 4913 1273 4952 ex
1290 4899 1422 4968 diapason
1445 4913 1494 4953 seu
1511 4904 1608 4953 octaua

272 4971 343 5028 fiebat
364 4993 444 5032 noua.
482 4977 575 5032 Facile
598 4977 668 5032 11111
693 4978 904 5046 deprehenditur
921 4977 1003 5031 Plinii
1025 4977 1132 5047 lapsus,
1160 4977 1206 5047 qui
1224 4993 1285 5032 cum
1308 4993 1342 5032 ex
1360 4978 1531 5048 Pythagorae
1549 4978 1608 5047 pla·

273 5051 323 5108 citis
341 5071 357 5108 a
374 5056 459 5111 Terra
476 5056 511 5111 11
529 5055 685 5124 signiferum
704 5051 859 5126 collegisset
876 5071 1008 5112 summam
1027 5064 1132 5126 septem
1149 5063 1290 5126 tonorum,
1310 5057 1478 5125 dIspertitam
1499 5058 1527 5112 in
1544 5063 1607 5112 octo

272 5127 409 5202 1111111111,
426 5149 523 5190 norem
540 5137 661 5192 terminis
681 5151 730 5191 seu
747 5135 906 5204 corporibus
924 5134 1103 5203 interstincta,
1121 5143 1218 5204 postea
1228 5136 1447 5203 pronunciaverit
1455 5152 1606 5206 perperam,

274 5205 336 5264 hauc
352 5227 482 5266 summam
500 5221 604 5283 septem
628 5221 754 5270 tonorum
773 5214 881 5269 efficere
899 5213 1042 5283 diapason,
1069 5227 1131 5268 cnm
1148 5220 1269 5282 constet,
1296 5229 1346 5268 aen
1364 5215 1437 5270 solos
1462 5223 1542 5271 tonos
1559 5216 1607 5270 im·
1685 5260 1689 5270 .

276 5285 338 5352 plere
361 5291 506 5362 diapason3
533 5293 627 5362 itaque
650 5291 703 5348 hoc
726 5291 817 5348 dicere
839 5291 946 5360 debuit,
974 5291 1088 5347 aLuna
1110 5305 1198 5362 nsque
1225 5291 1262 5348 ad
1278 5291 1436 5361 signiferum
1459 5292 1607 5350 secundum
