4242 6384
753 887 755 894 ,
846 819 988 890 Apologia.
1526 823 1589 884 461

258 1000 380 1070 liubane,
411 1018 488 1076 quac
516 998 593 1060 hanc
615 999 701 1062 nobis
730 993 942 1058 contessionem
958 975 1136 1073 extorquet.
1177 993 1264 1071 Quod
1279 963 1439 1074 ¹corporum
1463 999 1591 1074 quinque

257 1087 387 1164 quodlibet
409 1095 554 1150 tumtur
576 1105 612 1146 ec
634 1087 712 1157 aiio,
743 1093 893 1161 tanquam
914 1085 994 1161 filius
1017 1102 1052 1144 aa
1073 1093 1176 1161 patre,
1198 1086 1253 1152 xuel
1274 1087 1378 1175 minas
1408 1103 1446 1143 ca
1466 1088 1590 1159 mtp'ori,

256 1193 298 1234 nec
324 1179 502 1251 geometriae
524 1175 668 1252 figuratae
689 1183 916 1234 consentaneum
948 1181 1006 1244 est,
1038 1189 1093 1230 nec
1123 1173 1196 1231 meis
1225 1172 1470 1232 enarrationibus.
1514 1173 1592 1232 Nam

256 1262 403 1324 tetraidron
428 1281 464 1322 ex
488 1263 564 1322 cubo
587 1263 663 1320 sumi
685 1262 746 1319 dixi
768 1262 960 1336 geometrice,
992 1269 1133 1334 tanquam
1158 1260 1250 1318 Eram
1280 1277 1315 1319 er
1339 1259 1473 1333 Adam03
1503 1261 1592 1322 intel·

255 1350 308 1424 tigit
327 1350 561 1428 similitudinem,
584 1353 634 1425 qui
656 1350 801 1418 rationem
823 1348 1021 1422 inscriptionis
1037 1346 1117 1404 illius
1140 1349 1169 1404 in
1194 1345 1415 1422 bocintelligit.
1452 1346 1592 1409 Dodsca-

255 1435 328 1494 idron
358 1455 430 1496 vero
460 1456 495 1496 ex
514 1437 584 1496 ritis
608 1435 741 1509 duobus,
773 1434 922 1494 attilium
945 1452 981 1492 ex
1006 1441 1131 1509 utraque
1161 1443 1282 1510 parente
1311 1437 1379 1496 oriri
1402 1433 1527 1510 largior,
1561 1444 1592 1495 at

253 1541 301 1582 uon
329 1533 361 1582 ut
390 1527 494 1584 minas
525 1543 561 1584 ec
588 1527 711 1596 majori.
756 1521 831 1580 Nam
861 1523 974 1580 ratione
997 1519 1195 1594 figurationis,
1224 1521 1286 1580 hoc
1310 1531 1355 1578 est
1385 1523 1591 1598 inscriptionis,

254 1611 333 1684 nujus
361 1619 408 1670 ast
440 1609 643 1673 dodecaiidron
676 1611 771 1682 cubo,
804 1611 954 1686 quantitas
986 1624 1054 1667 vero
1077 1606 1236 1683 figurarum
1267 1611 1298 1665 in
1321 1609 1429 1668 maudo
1458 1627 1517 1669 non
1547 1621 1592 1670 est

253 1716 280 1756 er
305 1697 492 1772 figuratione,
522 1698 576 1757 sed
606 1717 642 1758 ex
664 1699 842 1760 necessitate
871 1697 967 1771 spatii.
1013 1693 1143 1754 Rursum
1174 1693 1331 1760 octabdron
1361 1704 1391 1754 et
1406 1698 1597 1770 ⁸icoaabdrorr

252 1786 352 1843 leminis
377 1789 471 1860 magis
494 1785 692 1848 assimilantur
714 1785 782 1860 cubi
806 1792 835 1844 et
858 1781 1051 1854 dodecaiidri,
1078 1799 1171 1856 ,quam
1193 1781 1283 1844 filiu„
1317 1781 1378 1840 Nec
1407 1788 1591 1860 propositum

252 1889 335 1930 namn
367 1871 424 1930 luit
455 1883 641 1948 componere·
663 1873 859 1930 harmoniam
882 1887 908 1928 a
933 1870 1184 1944 proportionibus
1212 1886 1376 1944 corporane
1401 1874 1592 1946 ripatorium

253 1958 445 2018 adinvicem.
490 1959 684 2019 Harmoniam
706 1962 784 2018 enirn
804 1966 1000 2032 componunt,
1029 1955 1087 2014 hoc
1109 1965 1155 2016 est
1182 1959 1365 2044 coustitnpnt
1394 1958 1457 2016 bini
1478 1963 1592 2020 termini

251 2049 441 2122 proportionis
464 2049 617 2123 probatae.
664 2047 704 2104 At
727 2047 930 2122 proportiones
953 2057 1107 2119 corporum
1127 2047 1370 2118 geometricorum
1392 2047 1518 2107 invicem
1534 2067 1592 2107 non

251 2133 314 2190 hunt
334 2135 407 2192 mihi
432 2138 545 2192 termini
569 2135 714 2194 ulterioris
738 2133 878 2206 alicujus,
908 2133 1042 2190 nimirum
1066 2130 1254 2190 harmonicae
1275 2135 1490 2208 proportionis,
1522 2139 1593 2211 quia

251 2223 314 2278 iuter
335 2222 476 2284 terminos
500 2223 588 2294 hosce
611 2238 669 2280 non
692 2222 801 2296 resipio
825 2221 880 2282 nisi
904 2221 1001 2278 motus
1032 2217 1128 2276 reales
1147 2218 1486 2296 planetarumipsornm
1509 2216 1592 2282 ‹linr-

251 2324 306 2366 nos.
351 2307 412 2366 Sed
435 2307 491 2368 hoe
506 2309 609 2372 ,solum
632 2311 663 2366 in
684 2305 726 2388 rs¹
738 2311 822 2376 inest,
845 2305 925 2382 quod
943 2305 1006 2380 jam
1021 2321 1110 2382 supra
1125 2308 1234 2379 monui,
1259 2305 1420 2381 quodcum
1436 2319 1466 2368 et
1480 2309 1594 2385 figurae

250 2393 353 2452 solidae
378 2395 512 2470 singulae
536 2399 675 2462 interesse
698 2394 851 2454 debuerint
879 2395 956 2450 inter
976 2393 1059 2450 binos
1083 2394 1168 2452 orbes
1197 2402 1227 2452 et
1249 2393 1438 2458 hannonicae
1467 2415 1593 2474 propor-

251 2484 337 2540 tiones
355 2483 592 2558 singulaa'inter
616 2485 700 2542 bitias
722 2491 819 2540 motus
843 2484 872 2537 in
897 2479 955 2538 illis
977 2479 1112 2552 orbibus,
1145 2488 1287 2556 utraeque
1314 2485 1377 2540 suis
1397 2483 1529 2559 iuribus,
1559 2494 1591 2546 nt

253 2571 331 2644 igitur
357 2571 432 2630 bene
456 2570 514 2630 illis
537 2588 596 2630 una
619 2569 819 2640 habitantibus
844 2570 972 2626 interae
993 2569 1180 2639 conveniret,
1197 2570 1341 2644 principio
1360 2570 1427 2629 libri
1444 2570 1483 2632 V.
1504 2575 1592 2641 lami·

252 2655 356 2713 limitas
382 2656 484 2733 aliqua
506 2658 663 2717 conciliata
691 2657 843 2732 initiator
866 2653 1095 2712 cohabitaturas.
1140 2653 1178 2716 Et
1206 2657 1282 2714 cubo
1312 2656 1431 2731 quidem
1462 2658 1593 2720 assertae

252 2751 312 2800 sunt
340 2741 378 2827 Ἃ
401 2752 433 2806 et
460 2741 514 2827 ¹sss
545 2763 603 2806 non
627 2743 707 2820 quod
730 2744 823 2802 cubus
853 2741 918 2800 illas
941 2749 971 2820 qt
992 2743 1091 2815 pariat
1120 2751 1149 2800 et
1171 2741 1356 2803 harmonicas
1384 2745 1506 2820 alliciat,
1539 2749 1593 2808 sed

249 2833 310 2902 quia
333 2832 383 2889 vel
407 2833 491 2906 origo
515 2835 647 2908 utrisque
670 2841 806 2906 cognata,
831 2829 879 2886 vel
894 2830 1043 2904 quantitas
1067 2845 1119 2906 pro
1142 2847 1196 2912 usn
1211 2831 1309 2889 laturo
1332 2837 1593 2905 conveniebam}

249 2916 394 2991 dignitatis
423 2923 631 2995 praerogativa
659 2921 794 2994 utrinqne
827 2933 902 2992 pene
930 2914 1042 2974 eadem.
1089 2915 1192 2992 Neque
1219 2921 1352 2978 caretas
1380 2928 1519 2980 moinum
1545 2941 1593 2983 ec·

247 3009 444 3064 imeneorum
466 3007 737 3082 proportionaliter
758 3007 859 3065 oritur
880 3020 917 3062 ca
935 3004 1187 3076 proportionibus
1205 3006 1591 3089 rrprrlariumcerpamm3

248 3090 409 3150 distinctbrs
430 3094 496 3152 ista
518 3105 587 3160 surrt
618 3091 780 3153 efferenda:
812 3091 911 3150 oritur.
933 3107 1003 3147 sanc
1027 3093 1156 3150 varietas
1183 3092 1285 3168 aliqua
1310 3103 1442 3154 motuum
1466 3114 1592 3174 propor-

249 3179 392 3237 tionaliter
422 3197 457 3240 ex
488 3184 676 3257 proportione
706 3195 859 3255 corparum
885 3175 1063 3250 regularium
1090 3175 1160 3256 (aon
1190 3179 1270 3251 sola,
1302 3180 1355 3240 sad
1385 3186 1499 3243 sociata
1525 3203 1592 3244 cum
1657 3189 1661 3194 '

249 3265 308 3324 aliis
333 3268 450 3339 causis,
481 3269 651 3344 dequibus
676 3271 704 3324 in
729 3266 857 3342 Physica
879 3262 1008 3324 Caelesti
1038 3281 1091 3322 seu
1113 3267 1192 3341 Epic
1216 3268 1335 3326 Astron.
1362 3267 1426 3328 libr.
1449 3271 1530 3352 Ν),
1562 3283 1594 3332 at
1691 3285 1696 3300 ‘

247 3352 312 3412 haec
343 3355 473 3414 varietas
503 3359 610 3416 attinet
638 3362 735 3431 motus
765 3347 900 3418 binorum
927 3350 1112 3428 planetarum
1143 3355 1218 3412 inter
1240 3371 1272 3414 se
1302 3368 1503 3433 comparatos,
1534 3378 1593 3420 non

247 3443 344 3499 attinet
367 3451 466 3499 motus
491 3442 623 3512 diversos
647 3444 733 3501 unius
756 3439 892 3518 planetae
915 3441 1103 3510 eccentriohs,
1126 3441 1157 3498 in
1178 3450 1320 3516 quantam
1340 3448 1506 3506 sceentrici.

327 3527 467 3592 Vicissim
491 3530 543 3596 illa
566 3533 709 3600 varietas,
740 3545 816 3602 qaue
840 3533 884 3586 est
906 3527 936 3582 in
958 3527 1088 3586 motibus
1111 3527 1236 3590 diversis
1254 3532 1346 3588 ‘unius
1368 3531 1514 3608 planetae,
1539 3552 1593 3595 ne·

248 3631 393 3691 quaquam
416 3619 506 3674 oritur
529 3635 564 3676 ea
587 3619 775 3694 proportione
798 3607 951 3690 corporum
974 3614 1238 3690 regularium„sed
1251 3620 1343 3678 oritur
1361 3637 1396 3678 ex
1412 3622 1476 3697 ipsa
1491 3623 1594 3697 cnjus·
1624 3624 1632 3635 '

248 3717 298 3774 que
334 3702 472 3780 planetae
506 3708 729 3765 eccsntricitate.
784 3702 846 3760 Nec
874 3717 1022 3776 compono
1054 3701 1233 3762 harmonias
1261 3713 1390 3779 propter
1419 3709 1595 3778 hamnnodi

247 3792 439 3863 uarietatem„
463 3790 515 3850 sed
539 3809 577 3851 ex
598 3791 654 3852 hac
677 3792 835 3856 varietate,
859 3786 888 3844 id
913 3795 958 3870 pst
979 3805 1016 3846 ex
1038 3791 1182 3860 motibus,
1215 3797 1339 3866 utraque
1363 3793 1398 3852 de
1422 3812 1513 3854 cansa
1535 3797 1594 3856 dii-

246 3875 404 3934 iorantibua
428 3880 456 3934 in
481 3877 643 3951 celeritate,
674 3887 815 3952 tanquam
837 3875 1026 3935 exterminia
1050 3878 1266 3934 constituuntur
1289 3879 1334 3936 vel
1359 3881 1502 3946 resultant
1523 3901 1594 3959 pro-

245 3965 394 4035 portiones
419 3966 549 4038 eaedem,
573 3983 648 4041 quae
671 3971 739 4024 sunt
761 3970 791 4022 et
812 3957 1071 4022 consonantiarum
1093 3966 1123 4020 in
1147 3964 1412 4026 humanamueics.
1457 3971 1593 4046 lienique

245 4051 328 4108 etiam
359 4050 409 4108 bic
439 4052 568 4125 initeris,
601 4052 680 4128 quod
713 4050 849 4126 quamvis
879 4047 953 4106 libro
976 4048 1030 4108 iv.
1061 4054 1264 4128 proportiones
1295 4054 1364 4112 illae
1395 4055 1591 4130 harmonicae,

244 4153 315 4208 qnae
348 4138 465 4212 angulis
495 4141 642 4204 radiorum
676 4137 834 4202 conciliant
865 4133 1042 4208 efficaciam,
1073 4139 1192 4197 omnino
1222 4138 1414 4201 desumuntur
1444 4164 1462 4203 a
1490 4145 1593 4221 liguris

244 4223 352 4296 planis,
377 4242 435 4282 non
461 4234 557 4288 tamen
581 4231 644 4303 pari
664 4243 757 4306 passu
782 4224 996 4308 proportiones,
1022 4241 1098 4299 ques
1120 4227 1195 4284 inter
1218 4227 1401 4304 planetarum
1423 4240 1521 4292 motus
1543 4235 1593 4291 in-

247 4313 319 4384 veni,
345 4311 497 4372 desumtas
520 4324 588 4374 sunt
611 4313 751 4389 ahguris
775 4309 896 4383 solidis;
926 4323 1024 4370 essent
1046 4315 1124 4372 enirn
1146 4313 1222 4372 aliae
1253 4317 1318 4392 ipso
1341 4324 1407 4376 ortu
1429 4329 1459 4378 et
1481 4321 1594 4395 ligura·

245 4398 334 4470 tione,
367 4415 433 4456 cum
461 4409 560 4480 tamen
592 4402 728 4462 omnibus
759 4399 851 4457 tribus
875 4397 909 4466 3,
941 4399 1013 4458 tet
1037 4401 1055 4458 b
1079 4403 1291 4476 proportiones,
1315 4403 1502 4466 harmonicae
1534 4412 1593 4466 sint

245 4485 363 4544 caedem
385 4494 450 4545 ortu
474 4497 504 4548 et
526 4490 714 4568 lqrnratioue,
747 4489 803 4544 nisi
827 4481 906 4560 quod
935 4484 995 4544 alia
1022 4485 1130 4560 deinde
1152 4489 1192 4547 ait
1221 4490 1355 4564 supellex
1386 4496 1595 4556 cancianorum

246 4573 271 4626 in
294 4576 332 4646 4,
368 4574 429 4632 alia
452 4577 479 4632 in
505 4578 578 4645 sset
602 4579 629 4644 b.
656 4576 775 4650 -Atque
804 4573 850 4630 his
880 4571 984 4632 iisdem
1014 4576 1244 4634 consationibus
1274 4582 1358 4640 meis·
1378 4585 1528 4640 summarii
1551 4587 1595 4648 tui

245 4659 333 4718 multa
356 4663 475 4738 insuper
503 4663 569 4722 loca
591 4661 819 4738 comparationis
841 4666 924 4732 tuae,
957 4662 1034 4736 qu'ae
1063 4664 1197 4737 sequitur
1226 4680 1293 4740 pag.
1319 4669 1377 4739 38,
1409 4669 1505 4731 diluta
1528 4674 1592 4728 eri-

245 4747 339 4810 stimo.
384 4747 463 4808 Nam
484 4767 550 4810 oum
573 4753 702 4828 epitoma
724 4757 792 4808 tuae
808 4746 977 4808 harmoniae
993 4747 1168 4822 mundanae,
1191 4761 1394 4828 praeterquam
1417 4757 1497 4832 quod
1512 4758 1594 4816 illam

247 4849 307 4892 curn
332 4835 465 4895 doctrina
489 4855 556 4897 mea
578 4838 761 4913 comparavi,
785 4833 858 4894 nihil
882 4836 953 4895 mibi
976 4853 1061 4911 porro
1085 4847 1219 4913 superest
1240 4843 1359 4915 negotii.

330 4921 386 4980 Ad
409 4928 735 5000 comparationem
759 4917 823 4982 e'tc.
849 4937 927 4998 pag.
952 4918 1051 5002 38.⁵⁶)
1151 4931 1155 4937 '

329 5009 451 5070 Praeter
470 5012 532 5088 jarn
557 5012 713 5089 dissipatas
736 5018 803 5068 tuas
827 5006 1030 5070 oblocutiones
1053 5010 1103 5070 hic
1124 5010 1213 5086 etiam
1235 5014 1495 5076 contradictionem
1518 5020 1591 5080 mihi

246 5097 411 5170 exprobras.
437 5099 515 5173 qnod
539 5116 597 5157 uno
619 5100 687 5159 loco
710 5099 777 5157 lihri
800 5103 857 5156 mei
876 5103 929 5168 (tol.
948 5102 993 5170 82)
1020 5115 1163 5160 recenseo
1172 5103 1350 5161 sententiam
1367 5103 1592 5181 Pythagoreas·

245 5197 304 5239 rnrn
329 5183 365 5244 da
390 5185 595 5262 boorporibus
617 5205 654 5248 ex
669 5185 784 5262 vulgari
800 5187 966 5261 traditione,
989 5185 1049 5246 alio
1074 5185 1140 5244 loco
1163 5191 1216 5257 (iol.
1237 5192 1297 5259 121)
1325 5191 1417 5251 dubia
1438 5209 1510 5252 usus
1524 5211 1594 5257 ora-
