4242 6384
455 797 461 806 ·
527 767 588 832 lli
1039 759 1188 818 Ptolemaei
1205 760 1361 820 Harmonia.

526 946 614 1008 ΑΗΒ
641 943 721 1004 adli
753 944 782 1004 in
812 943 876 1004 ΑΙ).
924 943 1059 1020 Denique
1089 942 1283 1021 quadruplam
1315 944 1550 1020 proportionem,
1585 961 1661 1020 quae
1692 953 1735 1004 est
1764 945 1862 1006 identi-

525 1034 662 1095 sonantia
688 1029 893 1109 disdiapason,
923 1029 1014 1091 semel
1038 1032 1203 1103 continent,
1235 1048 1275 1090 so.
1303 1031 1342 1088 tt
1373 1033 1401 1088 in
1430 1039 1494 1091 toto
1516 1031 1625 1090 circuio
1647 1031 1685 1090 ad
1709 1035 1726 1091 3
1753 1035 1782 1089 in
1804 1052 1864 1092 meu

526 1121 601 1196 AD;
624 1123 667 1178 sic
690 1127 719 1178 et
741 1120 959 1196 proportionem
983 1119 1079 1190 titii,
1108 1135 1186 1194 quae
1209 1127 1254 1178 eat
1281 1120 1493 1180 consonantiae
1523 1117 1866 1196 diatessaron-epidima-

525 1227 588 1282 son,
612 1209 701 1268 etiam
724 1205 824 1280 sanuel,
847 1223 887 1264 sc.
913 1207 930 1263 8
955 1207 983 1263 iu
1000 1222 1070 1264 arcu
1085 1203 1169 1264 ΑΗΕ
1190 1203 1230 1264 ad
1253 1205 1309 1266 tria
1323 1203 1430 1266 iudi).
1475 1203 1721 1284 Sesquioctasam
1742 1206 1869 1282 deniqne,

525 1313 601 1374 quae
623 1305 668 1356 est
691 1295 769 1366 toul,
793 1309 907 1352 rursum
929 1292 1039 1369 semel,
1062 1310 1104 1352 sc.
1128 1295 1148 1352 9
1171 1293 1202 1350 iu
1224 1307 1296 1352 arcu
1319 1289 1407 1352 nnn
1430 1293 1469 1354 ad
1492 1293 1512 1368 β
1536 1295 1566 1352 iu
1590 1291 1693 1371 Anu,
1722 1303 1753 1352 nt
1777 1294 1868 1352 niden

527 1393 572 1444 est
595 1401 630 1442 er
654 1381 824 1440 differentiis
847 1397 1042 1454 numerorum,
1067 1382 1118 1456 qui
1141 1377 1179 1438 ad
1202 1377 1430 1441 delineationem
1452 1389 1522 1440 sunt
1544 1383 1682 1458 appositi.

612 1471 655 1530 Ex
678 1469 758 1528 bisce
782 1469 930 1543 sequitur,
962 1465 1155 1526 ordinandam
1178 1483 1242 1526 esse
1266 1485 1302 1526 er
1324 1468 1427 1544 primis
1449 1470 1651 1528 consonantiis
1672 1465 1771 1542 illam,
1799 1485 1871 1544 quae

525 1557 662 1640 dlapeute
685 1555 809 1628 dicitnr,
829 1553 915 1630 iuxta
937 1553 1148 1632 triangularem
1170 1555 1363 1630 positionem3
1387 1571 1464 1632 quae
1489 1571 1559 1614 sero
1581 1553 1775 1627 ᾱίιιιιιιιιιι,
1795 1555 1871 1628 jmu

441 1721 445 1730 ι
524 1643 789 1724 quadrangularem
802 1637 863 1718 Ν),
896 1649 926 1702 ct
956 1653 1058 1707 tentam
1084 1642 1171 1716 juxta
1201 1629 1310 1700 eirouli'
1335 1645 1468 1714 unciam,
1500 1644 1571 1718 quia
1599 1661 1665 1702 onrn
1694 1641 1820 1703 circulm
1840 1641 1871 1700 ad

524 1729 738 1794 semicirculum
763 1727 820 1787 ΑΗ
854 1731 1013 1789 constituat
1035 1732 1178 1786 rationem
1209 1727 1342 1808 duplam,
1376 1729 1579 1789 semicirculus
1604 1731 1667 1806 jam
1688 1729 1728 1788 sd
1751 1729 1806 1788 ΑΒ
1827 1733 1870 1784 ιιι·-

524 1819 626 1900 anguli
649 1835 747 1878 arcum
773 1819 841 1875 iacit
864 1815 1104 1892 sesquialteram,
1129 1827 1157 1874 et
1182 1814 1228 1874 isio
1250 1813 1289 1875 ad
1314 1815 1378 1888 ni),
1403 1815 1604 1894 quadranguli¹
1620 1835 1718 1879 arcum
1731 1862 1741 1894 ‚
1764 1820 1871 1892 sesqui-

496 1911 653 1980 tertiam,
686 1919 825 1966 excessus
853 1913 951 1964 autem
979 1903 1098 1962 'illarum
1131 1911 1176 1960 est
1199 1903 1330 1975 ionicus,
1363 1920 1403 1962 so.
1436 1921 1522 1964 arens
1546 1903 1614 1977 tl),
1639 1907 1756 1964 unciam
1781 1903 1870 1963 micui

524 1993 695 2074 complexus
710 1987 751 2066 V).
799 1987 918 2067 Optima
945 1993 1033 2068 igitur
1064 1993 1177 2050 ratione
1205 1997 1310 2049 natura
1338 1991 1480 2050 circuiunt
1509 1993 1658 2068 signorum
1684 1995 1723 2050 12
1753 1993 1872 2068 partium

525 2085 603 2158 iecit,
628 2091 660 2142 ut
683 2097 788 2150 assem,
813 2079 882 2153 quia
904 2089 1035 2155 systema
1056 2077 1216 2154 periemum
1245 2081 1282 2136 ii
1307 2084 1442 2138 tonorum
1458 2075 1680 2156 amplitudinem
1697 2078 1810 2139 babere
1822 2081 1873 2137 soi·

525 2173 583 2246 sit3
616 2171 744 2230 tunicum
769 2165 857 2242 igitur
881 2164 1067 2226 intervallum
1091 2167 1206 2242 aptavit
1228 2167 1335 2224 unciae
1365 2183 1417 2226 seu
1449 2165 1642 2226 duodecimae
1665 2169 1744 2243 parti
1772 2165 1874 2226 eunte

523 2257 775 2318 annumeratione
798 2251 918 2328 dignum
942 2261 1001 2326 est,
1025 2251 1107 2330 quoti
1128 2253 1324 2326 etiamsigna,
1351 2269 1403 2330 per
1425 2269 1514 2313 unam
1537 2251 1744 2314 duodecimam
1768 2251 1872 2312 notua

524 2344 727 2416 determinem,
750 2357 880 2400 consona
902 2339 1022 2416 quidem
1044 2355 1104 2398 uon
1124 2349 1204 2414 unt,
1227 2339 1280 2397 sed
1295 2337 1392 2398 solum
1415 2342 1445 2399 in
1460 2357 1568 2418 genere
1583 2344 1796 2402 concinnerum
1811 2357 1874 2400 con·

522 2435 630 2492 sistunt
642 2427 701 2510 V¹);
723 2437 754 2488 at
777 2445 853 2504 quae
876 2445 927 2504 por
949 2429 1080 2504 quinque
1102 2423 1292 2486 duodedruas
1313 2425 1429 2488 musci
1451 2428 1645 2488 determinata
1666 2435 1746 2502 aunt,
1770 2446 1789 2488 e
1810 2444 1872 2486 con·

522 2521 610 2580 trario
633 2525 701 2578 suut
723 2519 797 2574 inter
819 2517 972 2588 concinna,
996 2531 1065 2574 eum
1086 2517 1145 2574 sint
1167 2515 1269 2588 ntique
1293 2522 1322 2571 et
1334 2513 1469 2574 dieantur
1484 2517 1658 2588 inconnexa,
1669 2501 1774 2592 'idque
1790 2532 1872 2594 prop-

523 2617 617 2680 terea,
641 2606 712 2684 quia
733 2601 858 2662 circulus
881 2603 919 2661 ad
942 2601 1016 2660 duos
1040 2618 1125 2660 arcus
1148 2619 1167 2658 a
1188 2609 1269 2659 recta
1291 2603 1485 2676 coristitutos,
1516 2619 1593 2679 quae
1615 2605 1732 2662 unciam
1757 2603 1872 2662 subten-

523 2693 580 2768 dit,
614 2693 684 2754 iacit
706 2691 909 2770 proportiones
933 2691 1044 2748 numeri
1071 2687 1243 2747 duodenarii
1268 2686 1307 2746 ad
1333 2691 1345 2746 l
1374 2688 1472 2766 adque
1498 2694 1556 2763 ll,
1587 2707 1665 2767 quae
1691 2691 1794 2750 aliem
1815 2702 1872 2748 amu

522 2773 550 2842 ι’
564 2781 708 2854 consonis,
732 2787 763 2838 at
786 2794 844 2843 non
868 2779 957 2840 etiarn
979 2795 998 2834 a
1022 2776 1171 2834 corroinnis
1193 2773 1328 2848 exulant3
1351 2773 1390 2835 ad
1413 2772 1582 2836 duosnero
1605 2796 1675 2836 suos
1698 2796 1788 2838 mous
1810 2794 1872 2836 con·

522 2871 641 2930 stitutus
666 2886 684 2928 a
707 2873 794 2938 recta,
819 2881 896 2941 quae
922 2866 939 2922 5
963 2866 1066 2922 uncias
1088 2860 1248 2935 subtendit,
1272 2865 1475 2938 proportiones
1501 2865 1571 2925 iacit
1593 2869 1706 2924 numeri
1733 2868 1775 2924 12
1799 2863 1837 2924 ad
1858 2865 1873 2920 i

523 2965 553 3018 et
578 2960 606 3030 i,
629 2971 707 3032 quac
730 2963 760 3012 et
782 2971 801 3010 a
823 2953 960 3012 consonis
989 2959 1018 3010 et
1041 2970 1059 3008 a
1081 2951 1231 3008 munionis
1254 2949 1392 3022 exulant;
1423 2953 1532 3030 qnippe
1555 2969 1621 3011 cum
1649 2962 1757 3012 neutra
1786 2967 1872 3027 neque

523 3043 677 3121 multiplex
699 3057 795 3117 neque
817 3037 1090 3116 superparticularis
1112 3039 1166 3108 sit,
1190 3053 1287 3112 neque
1309 3041 1472 3114 composita
1495 3057 1531 3098 ex
1553 3038 1703 3115 aliquibus
1726 3034 1872 3098 elementis

522 3131 562 3191 ad
585 3127 792 3191 consonantias
814 3127 1025 3202 pertinentibus
1037 3121 1100 3201 VH).
1146 3123 1282 3202 Amplius
1304 3134 1335 3184 et
1356 3135 1471 3201 praeter
1485 3125 1628 3187 imotenus
1651 3128 1794 3203 utrinque
1811 3143 1873 3186 oon·

523 3219 644 3279 cordata
666 3217 755 3276 etiam
778 3212 834 3272 hoe
857 3212 997 3295 succedit,
1020 3211 1099 3288 quod
1123 3229 1142 3269 a
1163 3212 1256 3287 eigrris
1277 3211 1391 3270 aodiaci
1414 3224 1473 3271 tres
1495 3213 1591 3272 solnm
1607 3213 1872 3290 quadtangnlorun

522 3308 635 3384 species
658 3304 734 3362 sumi
757 3309 895 3376 possunt,
928 3297 1046 3376 aequali
1069 3315 1190 3358 numero
1219 3313 1286 3358 cum
1308 3300 1464 3374 speciebus
1495 3303 1707 3361 consonantiae
1729 3301 1872 3360 diatesan·

523 3407 584 3467 ron,
608 3387 819 3468 triangulorum
844 3405 913 3446 vero
937 3395 1064 3462 quatuor
1086 3383 1282 3456 solummodo,
1305 3385 1422 3460 aequali
1445 3404 1559 3448 rursum
1581 3405 1703 3448 numero
1726 3407 1798 3448 eum
1813 3405 1872 3464 spe·

523 3479 624 3540 clebus
647 3478 855 3538 consonantiae
880 3473 1033 3550 diapente,
1058 3489 1094 3533 eo
1117 3471 1196 3548 quod
1219 3471 1292 3530 solis
1314 3473 1360 3530 bis
1384 3478 1583 3534 consonantiis
1606 3471 1739 3548 aecidat,
1769 3486 1804 3534 ut
1825 3478 1872 3534 sint

523 3568 733 3646 incompositae
743 3557 822 3635 vm).
1593 3631 1596 3642 Ι

610 3653 694 3730 Quae
718 3651 806 3728 igitur
836 3651 913 3710 cirea
936 3649 1032 3726 ipsum
1057 3654 1170 3706 motum
1193 3645 1363 3708 circularem
1395 3647 1434 3706 ad
1458 3655 1611 3724 utramque
1638 3647 1785 3710 dictarum
1814 3649 1873 3708 iur-

523 3745 689 3804 moniarum
719 3735 846 3814 expendi
874 3743 1017 3819 possunt,
1049 3743 1179 3810 atquae
1202 3733 1362 3809 figurarum
1391 3751 1539 3800 consonae
1566 3743 1597 3796 et
1624 3735 1765 3796 dissonae
1800 3754 1894 3796 coms

523 3832 604 3892 muni
627 3846 693 3890 cum
715 3825 893 3886 harmonicis
917 3821 1064 3884 vocabulo
1094 3821 1239 3892 dicuntur,
1261 3820 1405 3880 hactenus
1427 3821 1598 3882 definivisse
1611 3821 1748 3884 sufficiat.
1789 3825 1874 3885 Dein·

525 3935 592 3996 ceps
616 3915 777 3994 deprimis
801 3912 971 3971 differentiis
996 3917 1128 3969 motuum
1151 3906 1324 3968 coelestium
1345 3909 1431 3968 uobis
1453 3911 1508 3968 erit
1531 3909 1755 3986 dispiciendum.

524 4049 538 4060 ³
610 4032 722 4090 liutai.
760 4027 997 4098 Comparationem
1015 4025 1059 4082 bio
1078 4023 1235 4092 manditur
1251 4022 1488 4078 consonantiarum
1506 4040 1568 4080 cum
1585 4026 1742 4093 aspectibus
1761 4027 1871 4083 siderun

522 4115 550 4169 in
574 4111 699 4170 rodiam:
726 4124 782 4162 rem
809 4123 858 4178 per
881 4121 911 4160 se
936 4103 1065 4174 ponderis
1089 4099 1198 4156 maximi
1224 4107 1252 4153 et
1275 4101 1538 4170 praestantissimam
1562 4101 1754 4172 philosophiae
1774 4111 1871 4172 penten

522 4190 585 4258 (etsi
602 4187 764 4244 insolidum
783 4193 825 4238 est
843 4184 967 4254 neglecta
985 4200 1001 4238 a
1020 4179 1101 4250 culpo
1120 4179 1394 4250 philosophantium),
1421 4181 1470 4235 sed
1488 4197 1559 4252 qnae
1581 4182 1662 4250 longe
1680 4181 1761 4238 aliter
1780 4192 1823 4240 eat
1838 4183 1868 4234 in·

522 4269 668 4336 intuenda,
686 4281 767 4336 quam
786 4281 802 4318 a
821 4262 977 4318 Ptolemaeo
997 4260 1040 4314 bie
1053 4259 1164 4314 iactum.
1202 4255 1307 4312 'lentus
1317 4273 1367 4326 per
1377 4274 1408 4312 se
1421 4259 1511 4316 clarus
1523 4268 1643 4334 est„nec
1660 4259 1752 4316 multia
1766 4261 1869 4328 indiget

608 4364 683 4420 Nota
700 4360 734 4414 11.
773 4357 825 4412 list
842 4372 906 4427 pars
925 4353 1089 4422 astrologiae
1114 4352 1148 4406 de
1166 4352 1251 4420 signis
1269 4355 1397 4410 consonis
1420 4365 1446 4408 et
1466 4354 1596 4424 dissonis,
1619 4355 1773 4424 cunjunctis
1792 4367 1820 4413 et
1836 4358 1869 4410 in·

522 4443 674 4514 conjunctis
699 4439 727 4494 iu
754 4435 874 4492 aodiaco.
920 4433 987 4486 Vide
1017 4429 1119 4499 liegini
1148 4429 1219 4498 Eph.
1248 4448 1306 4500 cap.
1339 4435 1377 4489 l5.
1408 4443 1436 4488 et
1464 4434 1699 4504 quadripartitum
1727 4431 1868 4489 Ptolemaei

521 4519 569 4580 lib.
587 4521 609 4578 1.
629 4536 689 4590 cap.
712 4519 758 4594 15„

609 4618 683 4674 Nota
700 4611 749 4670 111.
786 4610 894 4666 Initium
914 4609 966 4662 hoc
985 4607 1076 4662 acaum
1096 4604 1178 4672 labat,
1198 4605 1371 4673 nequeenim
1384 4607 1457 4661 intra
1467 4607 1712 4676 quadrisectiouem
1725 4610 1869 4664 consistunt

457 4731 462 4738 ·
521 4696 724 4762 eonmmnuas,
741 4705 830 4759 neque
850 4687 915 4742 solis
935 4685 1018 4740 ternis
1037 4683 1141 4738 aodiuoi
1160 4682 1350 4750 divisionibus,
1376 4691 1443 4754 puta
1461 4686 1488 4739 iu
1507 4685 1574 4747 duo,
1601 4687 1628 4740 in
1647 4688 1700 4741 triu
1720 4695 1749 4740 et
1766 4686 1794 4742 iu
1813 4703 1867 4756 qua-

520 4789 593 4844 tuor,
613 4773 794 4831 abuolvuutut
811 4777 952 4836 aspectum
974 4781 1071 4832 neque,
1090 4764 1112 4816 si
1131 4770 1278 4828 utrumque
1296 4771 1383 4828 esset,
1403 4769 1467 4832 apte
1487 4766 1555 4819 laneo
1573 4763 1628 4818 illis
1646 4772 1866 4832 compararentur.

523 4851 719 4912 consonantias
744 4864 798 4906 non
822 4853 938 4912 natura,
971 4843 1019 4897 sed
1037 4856 1089 4897 usn
1108 4841 1195 4896 solnm
1213 4847 1242 4892 et
1259 4840 1415 4908 systematis
1437 4841 1552 4910 perlecti
1577 4841 1783 4898 coadunatione
1807 4843 1868 4896 intra

522 4931 698 5001 disdiapason
717 4927 827 4997 includi,
845 4925 962 4996 probant
980 4922 1045 4976 ista:
1067 4921 1095 4982 1)
1113 4917 1187 4987 quod
1204 4925 1269 4972 aute
1287 4917 1473 4976 Ptolomaeum
1487 4920 1677 4988 Pptlragonei,
1695 4919 1817 4986 ejusdem
1831 4915 1866 4973 ια’

522 5009 664 5080 privilegio
681 5019 709 5064 ct
727 5009 800 5064 roda
819 5005 954 5062 humanae
972 4998 1150 5069 amplitudine
1168 4995 1353 5077 considerata,
1377 5005 1551 5054 coarctarunt
1574 4999 1771 5054 consonantias
1793 5009 1865 5064 usu

523 5091 593 5145 atius
609 5089 683 5144 intra
700 5083 1033 5156 diapason-epidiapente;
1058 5079 1089 5146 2)
1107 5077 1182 5147 quod
1200 5091 1304 5146 organa
1322 5086 1417 5132 nostra
1441 5091 1530 5146 usqne
1553 5077 1588 5132 nd
1611 5075 1729 5132 temsh's
1745 5078 1863 5146 ιιιψιιοι

522 5171 552 5223 et
566 5166 680 5222 uicerim
698 5164 922 5236 progrediuntum
952 5160 980 5224 i)
1000 5156 1075 5226 quod
1092 5153 1266 5212 Pmlemaeus
1281 5157 1343 5226 ipae
1361 5163 1483 5226 systema
1499 5155 1667 5225 perlectum,
1684 5171 1742 5212 non
1759 5154 1863 5212 sumn

520 5245 692 5320 pouibilinm
708 5243 948 5304 consonantiarum
965 5235 1121 5308 complexu,
1140 5235 1189 5290 sed
1207 5233 1266 5292 sola
1284 5234 1537 5306 repraesentatione
1554 5233 1675 5291 omnim
1692 5238 1797 5305 septen
1812 5244 1862 5302 spe
