4242 6384
770 751 1079 842 2552522522
1321 729 1324 742 ’
1532 763 1595 824 522

332 931 456 992 1225222
470 937 600 1008 astorgo
621 950 658 994 52
679 931 866 1010 praescriptis
888 929 1048 992 harmoniis
1070 932 1219 1010 proportio
1242 931 1403 994 mediorum
1427 934 1595 996 diurnorum

258 1027 387 1090 motuum,
409 1036 486 1094 quae
509 1017 619 1080 seilioet
642 1027 688 1079 est
708 1021 782 1080 inter
806 1019 953 1096 uniusque
971 1019 1115 1094 graduum
1138 1027 1167 1079 et
1189 1021 1366 1080 minutorum
1382 1029 1436 1081 eto.
1460 1041 1596 1084 numeros

257 1109 321 1164 inter
341 1123 373 1165 se
396 1111 597 1182 comparatos3
626 1123 703 1184 quae
731 1124 819 1184 quam
851 1109 1013 1184 propinque
1044 1107 1165 1167 aooedat
1189 1106 1227 1166 ad
1257 1111 1479 1185 astronomiam,
1509 1110 1596 1171 laoile

257 1201 293 1252 est
313 1191 476 1268 explorare.
879 1251 894 1266 ,.
930 1201 935 1211 “

330 1279 463 1339 Tertium
495 1273 594 1356 'eaput
632 1281 847 1357 propositorum
882 1279 994 1356 indiget
1032 1280 1138 1358 eapitis
1168 1281 1197 1338 3.
1232 1297 1351 1341 numero
1387 1281 1414 1340 8.
1469 1281 1595 1344 Invento

255 1367 322 1424 euim
343 1369 533 1444 proportione
556 1366 724 1426 diurnorum
746 1366 908 1426 mediorum
930 1375 1061 1426 motuum
1085 1368 1112 1424 in
1136 1365 1258 1442 siugulis
1280 1367 1417 1446 planetis,
1440 1367 1526 1428 detur
1548 1371 1595 1429 12-

254 1457 343 1512 renim
366 1462 396 1513 et
417 1455 636 1531 proportionem
657 1455 781 1514 orbium.
825 1455 879 1513 Est
906 1456 983 1513 enim
1013 1454 1163 1530 proportio
1186 1453 1347 1512 mediorum
1369 1462 1501 1514 motuum
1522 1473 1594 1534 pro·

253 1542 386 1626 portionis
409 1541 526 1600 orbium
547 1557 669 1607 eversae
691 1539 893 1617 sesquialtera
940 1541 1031 1618 Atqui
1063 1543 1151 1602 eriam
1174 1543 1324 1618 proportio
1348 1543 1515 1602 cubicorum
1537 1559 1595 1602 uu-

252 1645 389 1688 merorum
410 1636 457 1688 est
478 1626 671 1709 sesquialtera
692 1629 889 1705 proportionis
903 1626 1111 1705 quadratorum
1125 1627 1163 1686 ed
1187 1627 1305 1687 easdem
1327 1627 1438 1696 rodieee
1460 1629 1596 1708 adserip-

252 1725 338 1783 torum
361 1717 393 1774 in
415 1714 519 1774 tabula
540 1713 654 1788 Clarii,
690 1733 778 1791 quam
805 1713 956 1791 subjunxit
983 1733 1054 1774 suae
1078 1713 1263 1774 Geometriae
1287 1711 1447 1776 Proetleee.
1494 1715 1591 1792 Quare

251 1805 272 1860 sl
286 1809 464 1879 quaerantur
477 1803 588 1862 numerl
611 1804 701 1861 nostri
723 1810 854 1862 motuum
869 1801 1030 1862 mediorum
1045 1801 1211 1877 (decurtati,
1233 1802 1284 1861 ubi
1300 1817 1373 1880 opus
1389 1805 1452 1876 erit,
1475 1804 1592 1880 aequali

251 1907 363 1950 2255525
389 1887 673 1968 eyphr'arnmlinter
694 1890 815 1949 eubioos
836 1889 916 1947 illius
938 1889 1072 1962 tabulae,
1104 1887 1285 1950 exhibebunt
1306 1887 1344 1948 ad
1366 1889 1513 1950 2121522225
1536 1891 1591 1951 sub
1638 1937 1641 1947 .

252 1976 329 2038 titolo
352 1975 564 2054 quadratorum
592 1992 728 2036 numeros
757 1977 952 2054 proportionis
981 1977 1110 2050 orbium3
1143 1981 1212 2035 tuuc
1245 1978 1474 2037 eeeentrioitetos
1507 1995 1595 2056 sopra

251 2063 366 2142 singulis
396 2063 561 2140 adscriptae
588 2063 618 2122 in
647 2063 827 2124 dimensione
865 2063 1008 2139 cujusque
1038 2061 1320 2124 semidiametrorum
1358 2067 1476 2144 propria
1509 2065 1595 2126 iaeile

252 2169 295 2228 per
314 2149 452 2226 regulam
474 2152 695 2228 proportionum
719 2159 943 2227 uarrsponentur
966 2152 994 2207 in
1011 2149 1221 2210 dimensionem
1245 2150 1380 2210 omnibus
1402 2169 1594 2228 communem,
1655 2181 1664 2198 ι

251 2241 333 2297 otiis
356 2237 470 2298 additis
492 2237 531 2297 ad
552 2236 782 2301 semidiametros
816 2238 929 2297 orbium
961 2237 1087 2314 indeque
1110 2235 1232 2309 ablatis,
1267 2241 1481 2298 constituantur
1503 2241 1594 2300 inter·

250 2323 321 2383 vella
341 2326 528 2401 singulorum
559 2323 670 2385 aSole
701 2332 839 2397 extrema
884 2325 1029 2384 Dabimus
1059 2331 1158 2384 autem
1180 2323 1396 2386 semidiametro
1421 2327 1499 2386 orbis
1523 2325 1595 2386 Tel-

249 2411 311 2470 luris
333 2411 549 2472 dimensionem
572 2411 727 2470 rotundam
753 2412 895 2484 100000,
925 2413 957 2470 ut
978 2413 1067 2472 moris
1089 2419 1135 2472 eet
1158 2413 1186 2468 iu
1209 2414 1403 2485 astronomia,
1428 2413 1516 2489 idque
1538 2413 1595 2474 hoo

248 2497 383 2572 55221115,
416 2502 486 2576 quia
507 2499 557 2558 hio
577 2515 731 2580 numerus,
757 2515 812 2558 seu
841 2498 983 2574 quadrato
1014 2498 1226 2576 multiplicatus
1257 2517 1310 2560 seu
1333 2499 1452 2573 subice,
1481 2517 1596 2577 semper

248 2595 355 2646 eoostat
379 2590 468 2658 meris
490 2585 620 2664 oypltria3
644 2587 744 2661 itaque
764 2587 854 2646 etiarn
875 2593 988 2645 motum
1010 2585 1139 2646 medium
1155 2585 1280 2645 Telluris
1297 2586 1449 2646 efferemus
1471 2601 1594 2648 numero

250 2675 509 2747 10000000000,
531 2689 584 2750 552
605 2672 736 2748 regulam
761 2676 979 2752 proportionum
1002 2674 1150 2744 laolentee,
1166 2681 1206 2732 -ut
1227 2689 1378 2734 numerum
1394 2681 1490 2734 molus
1505 2673 1593 2746 medii

247 2760 543 2838 mjosqueplauetae
565 2757 776 2830 adnumerum
805 2769 902 2818 motus
930 2759 1018 2820 medii
1041 2758 1181 2832 Telluris,
1213 2763 1257 2820 sie
1282 2760 1386 2824 10000
1396 2761 1461 2820 000
1471 2761 1534 2820 000
1556 2759 1595 2820 ad

246 2863 347 2908 252525
373 2848 594 2908 dimensionem.
639 2845 687 2906 Ita
710 2848 839 2923 quinque
861 2847 933 2906 solis
955 2846 1103 2906 radicibus
1126 2846 1237 2906 eubloie
1265 2849 1388 2926 transigi
1410 2849 1518 2924 poterit
1540 2865 1593 2908 ue-

246 2939 361 3012 gotium,
388 2935 514 3012 siugulis
536 2935 596 2994 illis
617 2949 684 2994 oum
707 2936 793 2998 uuieu
816 2932 943 2994 Telluris
964 2949 1086 2994 numero
1107 2937 1294 3010 eompsrutie.

247 3093 422 3296 Ueneri
438 3160 470 3195 22
486 3145 599 3194 motibus
616 3141 706 3192 mediis
798 3123 920 3232 ἓξὲξ
1002 3149 1042 3208 ,ς
1113 3142 1581 3192 1155522215122212152522211252222-

415 3219 443 3264 ln
461 3213 616 3265 0222521525
797 3215 850 3294 ⁹⁴3
860 3233 884 3286 Ξ
901 3231 954 3294 gd
983 3229 1077 3328 ‚aqn-
1148 3211 1302 3260 dimensione
1362 3227 1403 3260 522
1413 3213 1571 3272 emergentia

790 3285 814 3304 .-
897 3290 918 3316 ,.
1020 3285 1041 3308 0

590 3331 762 3366 2522225222
796 3297 954 3392 ῧὲεῒξ
981 3299 1084 3393 (8ξὲ

401 3390 515 3452 prrsum.
596 3389 755 3436 5225255552
797 3363 919 3464 Ξξξῖ
1024 3369 1078 3420 ·“

510 3511 513 3516 ,
601 3457 751 3522 quaerenda.
789 3450 816 3494 Ἀ
832 3465 856 3500 ⁹·
901 3438 927 3504 5·

1115 3351 1217 3414 5255212
1251 3363 1319 3400 eom·
1366 3351 1451 3412 0505-
1494 3351 1564 3400 Perl-

1016 3423 1042 3472 ῧ
1103 3427 1223 3484 5225522,
1247 3421 1325 3471 22521.
1389 3421 1431 3469 lla.
1495 3421 1570 3470 125112.

307 3632 331 3714 ii
436 3649 540 3704 resurr
607 3645 748 3703 sessuro
842 3645 912 3701 5555
1042 3645 1076 3699 55
1190 3644 1320 3700 5552
1366 3645 1452 3700 25555
1500 3643 1570 3700 esse

299 3735 336 3821 ‘ll
434 3751 538 3808 555255
607 3749 748 3808 55522255
843 3749 913 3806 5255
989 3747 1077 3805 55222
1137 3747 1207 3804 2222
1268 3747 1320 3802 255
1381 3749 1450 3804 5252
1499 3747 1571 3804 rere

305 3851 331 3912 <5
416 3841 538 3912 2252552
625 3854 746 3912 5525255
825 3853 911 3930 ,2525
1041 3853 1076 3908 55
1191 3853 1207 3906 5
1262 3849 1321 3907 ree
1384 3853 1447 3908 5552
1502 3851 1570 3907 5552

305 3948 333 4030 ὅ
415 3959 537 4019 2555522
625 3931 747 4017 2555555
820 3933 912 4015 ’5555
989 3957 1076 4013 55525
1136 3939 1207 4014 ’2522
1287 3957 1320 4011 22
1383 3957 1450 4014 2552
1517 3957 1568 4014 552

305 4052 332 4132 Ω
414 4063 539 4123 2525525
641 4063 747 4122 552225
859 4063 909 4119 222
988 4062 1075 4135 55255
1154 4063 1206 4118 255
1304 4063 1319 4116 5
1399 4060 1450 4115 225
1516 4061 1568 4129 225

245 4137 344 4342 Β
398 4168 539 4226 25552555
641 4169 746 4226 225222
859 4167 912 4225 552
987 4166 1076 4222 55225
1123 4165 1206 4224 22525
1285 4165 1320 4221 55
1398 4164 1451 4222 225
1491 4141 1595 4336 Ἢ

328 4439 460 4520 Apparet
481 4437 570 4512 ipltur
592 4437 622 4494 lu
644 4435 749 4494 ultime
769 4435 860 4507 serie,
891 4431 994 4510 quoles
1016 4432 1161 4510 prodeant
1182 4435 1311 4507 numeri,
1335 4387 1443 4510 quibus
1466 4448 1593 4492 eonver-

248 4527 345 4600 gentia
367 4525 501 4592 binorum
524 4525 726 4600 exprimuntur
746 4520 920 4580 1525222052
954 4523 1020 4597 5221
1036 4537 1139 4582 522252
1161 4521 1250 4580 valde
1278 4537 1370 4598 prope
1392 4519 1537 4580 aooednnt
1558 4519 1597 4578 221

248 4611 296 4670 102
325 4609 498 4682 intervalla,
530 4625 607 4685 quae
639 4610 738 4666 inveni
769 4625 806 4668 ex
835 4607 1092 4667 observationibus
1127 4607 1442 4678 armunensem
1476 4605 1597 4666 122515

249 4697 390 4758 llerenrlo
418 4692 547 4774 parvula¹
569 4703 614 4756 est
636 4694 808 4754 differentia.
852 4694 928 4754 Num
951 4695 1131 4754 2505555212
1162 4695 1279 4757 videtur
1301 4695 1329 4753 el
1352 4692 1420 4752 dare
1443 4691 1598 4754 1225222112
1718 4721 1722 4730 ’

250 4785 320 4844 daeo
343 4786 423 4858 210,
447 4785 530 4858 008,
554 4784 633 4855 306,
665 4783 765 4841 omnia
786 4781 930 4842 breviora.
976 4781 1076 4842 02222
1099 4779 1215 4842 dissidii
1238 4771 1286 4840 vel
1308 4781 1338 4838 in
1361 4781 1598 4840 observationum

250 4874 423 4948 paucitatem
440 4863 635 4947 ⁴eonjiolendu
660 4868 789 4942 videtur,
832 4867 880 4928 rel
915 4871 946 4926 12
976 4869 1201 4930 eoeentrloitatle
1235 4867 1476 4945 magnitudinem.
1516 4867 1597 4928 *Vide

252 4976 312 5034 oap.
337 4961 366 5017 3.
409 4956 469 5018 Sed
490 4958 528 5018 ad
552 4956 641 5016 05522
662 4955 767 5016 52152211
789 4969 923 5032 5255525.
1554 5021 1556 5028 Ι

333 5044 401 5104 Jsm
432 5032 510 5112 e'nim
540 5043 627 5104 225115
660 5051 725 5116 est,
757 5057 926 5120 5222522225
956 5047 1175 5122 proportionem
1205 5043 1317 5103 orbium
1344 5040 1509 5118 0552211222
1531 5058 1598 5103 oum

252 5134 434 5208 proportione
454 5129 675 5193 rntewallornm
686 5130 945 5206 ⁴eorrsergontiunp
1145 5167 1150 5174 -
