4242 6384
1078 788 1205 847 238
1912 786 1995 840 De
2031 786 2560 856 Contigurstionibus
2599 789 2959 877 Harmonicis.

1384 961 1478 1006 ¹⁹¹ss
1508 958 1575 1000 ⁸¹·
1851 976 2040 1016 eornm
2076 980 2221 1032 qnae
2268 966 2428 1034 βακέ.
2502 965 2821 1032 Congrnunt
2868 964 3009 1021 enim
3057 965 3236 1020 latera
3284 981 3381 1020 seu
3417 964 3628 1034 parietes
3655 964 3723 1017 do-

1636 1052 1697 1118 p
1847 1055 1983 1100 mus,
2024 1050 2085 1096 ut
2120 1043 2194 1097 sit
2230 1044 2445 1107 domus.
2490 1059 2600 1097 non
2641 1051 2705 1097 ut
2741 1043 2955 1097 demum
2993 1049 3049 1095 et
3082 1051 3347 1113 perpetuo
3387 1042 3590 1113 quidem
3622 1044 3725 1095 aedi·

1632 1127 1636 1131 ’
1848 1119 2058 1175 ficetur.
2133 1124 2197 1188 4)
2231 1124 2279 1176 Δ
2315 1123 2638 1192 cognatione
2676 1124 3094 1190 congruentiae,
3143 1132 3207 1176 nt
3243 1139 3466 1190 causae,
3502 1138 3609 1177 cnm
3642 1139 3730 1173 con.

1851 1196 2286 1266 figurationibus.
2361 1201 2499 1255 Sunt
2536 1207 2676 1260 enim
2715 1222 2812 1260 eae
2848 1201 3049 1272 anguli,
3087 1209 3146 1256 at
3179 1201 3534 1269 congruentis
3567 1213 3733 1269 quoqne

1853 1275 1996 1329 inest
2031 1277 2222 1345 figuris
2257 1288 2485 1349 propter
2520 1285 2768 1353 angulos.

1359 1391 1616 1511 thr-*23²¹*
1744 1443 1748 1459 ¹
2027 1421 2330 1484 Hactenus
2388 1427 2623 1487 fuerunt
2687 1430 2837 1487 inter
2882 1445 2945 1486 sc
3007 1428 3314 1501 oppositae
3367 1422 3741 1482 consonantiae

1351 1505 1358 1507 ⁷
1516 1503 1520 1507 ἦ
1568 1499 1580 1519 “
1855 1515 1916 1569 et
1981 1509 2512 1588 configurationes;
2578 1518 2634 1573 in
2700 1516 2969 1591 sequenti
3036 1512 3138 1571 fiet
3203 1514 3500 1589 oppositio
3557 1510 3743 1566 alisia

1853 1597 2000 1656 solis
2046 1598 2611 1675 configurationibus
2659 1603 3074 1679 congruentiae
3122 1608 3180 1659 et
3225 1599 3579 1659 scibilitatis.

1250 1864 1699 1941 Propositio
1745 1861 1851 1919 IV.
1946 1860 2038 1922 Ad
2070 1862 2596 1939 configurationum
2629 1865 2948 1925 efficaciam
2993 1864 3125 1942 plus
3172 1868 3368 1939 potest
3414 1858 3747 1935 congruentia

1076 1952 1427 2028 figurarum,
1475 1969 1649 2027 quam
1696 1949 1999 2009 scibilitas.

1250 2034 1522 2089 Probatur
1557 2049 1589 2087 a
1625 2032 1933 2088 conditione
1971 2029 2184 2085 animae
2220 2031 2529 2089 sublunaris
2566 2035 2998 2103 facultatumque
3052 2033 3210 2085 otiam
3247 2032 3524 2085 humanae
3559 2027 3745 2082 anima

1076 2128 1219 2181 quae
1262 2111 1569 2182 percipiunt
1618 2116 1891 2179 aspectus.
1964 2108 2082 2165 Hae
2131 2110 2300 2180 igitur
2340 2127 2525 2168 omnes
2563 2122 2691 2169 sunt
2725 2114 3009 2168 inferiores
3061 2108 3324 2164 facultate
3362 2109 3689 2162 discurrente
3718 2111 3754 2153 et

1076 2190 1384 2260 intellectu,
1442 2196 1498 2243 et
1534 2183 1875 2259 cognatiores
1917 2184 2169 2242 facultati
2206 2192 2529 2246 sensitivae
2550 2202 2605 2249 et
2639 2192 2949 2266 praefectae
3002 2188 3255 2257 operibus
3291 2186 3609 2242 sensilibus.
3658 2180 3753 2249 quin

1072 2269 1236 2324 etism
1271 2267 1562 2323 instinctus
1597 2265 1763 2334 iuius,
1802 2274 1864 2320 ut
1899 2280 2016 2336 cap.
2060 2268 2108 2322 3.
2148 2267 2401 2338 diximuS,
2439 2280 2592 2328 tanto
2620 2280 2707 2327 est
2732 2271 2978 2326 obtusior
3009 2268 3267 2322 instinctu
3294 2268 3554 2323 humano
3593 2268 3753 2331 quanto

1069 2345 1259 2401 rudius
1312 2353 1397 2401 est
1443 2360 1642 2417 corpus
1688 2346 1893 2402 Terrae
1941 2361 2171 2416 corpore
2216 2349 2469 2404 hominis.
2543 2352 2714 2419 Atqui
2766 2350 2929 2403 etiam
2986 2346 3339 2415 congruentia
3393 2354 3482 2398 est
3521 2338 3754 2410 posterius

1068 2424 1275 2496 aliquid
1312 2425 1606 2481 scibilitate
1644 2434 1698 2481 et
1737 2428 1893 2495 quasi
1930 2435 2242 2496 porrectum
2279 2430 2427 2484 foras
2479 2431 2533 2484 in
2571 2430 2792 2498 aliquod
2831 2443 2995 2497 opus,
3046 2426 3192 2495 quod
3238 2423 3405 2478 habet
3448 2422 3626 2475 ideam
3659 2429 3752 2481 opr-

1069 2521 1191 2559 rum
1228 2502 1520 2558 sensilium.
1597 2505 1704 2559 Par
1740 2506 1907 2577 igitur
1940 2513 2024 2560 est
2060 2506 2223 2571 credi,
2259 2507 2552 2563 facultates
2589 2509 2688 2562 has
2727 2507 2989 2561 animales
3019 2504 3373 2573 congruentia
3401 2500 3591 2573 potius
3628 2508 3752 2562 quam

1069 2580 1362 2636 scibilitate
1397 2581 1698 2651 figurarum
1740 2584 1941 2637 moveri
1982 2583 2256 2653 efficique.

1242 2654 1707 2734 opponebantur
1771 2662 2104 2742 congruitas
2172 2669 2230 2720 et
2296 2663 2542 2722 scientia
2602 2666 2660 2721 iu
2726 2663 2933 2723 eodem
2977 2677 3189 2737 genere
3236 2655 3751 2733 configurationunt

1069 2743 1208 2804 Jam
1272 2753 1641 2822 opponentur
1699 2746 1919 2823 figurae
1978 2746 2132 2807 duae
2195 2750 2343 2809 inter
2384 2768 2479 2826 se,
2558 2754 2809 2827 primum
2876 2766 3056 2809 causa
3112 2746 3298 2807 solius
3351 2740 3751 2820 congruentiae,

1066 2841 1278 2910 postea
1323 2847 1505 2892 causa
1534 2833 2090 2911 *configurationum

1132 2976 1138 2992 ·
1241 2921 1287 2979 Ρ
1291 2922 1573 2998 ¹'⁰1²081210
1622 2920 1695 2980 V·
1787 2922 2187 3000 congruentia
2230 2930 2321 2984 est
2363 2927 2690 3002 proprietas
2732 2925 2922 3001 magis
2968 2918 3191 3000 figurae
3228 2909 3754 2981 circumferentialis

1071 3026 1249 3084 quam
1297 3008 1589 3068 centralis.

1244 3090 1427 3149 Habet
1463 3089 1606 3144 enim
1644 3092 1914 3160 potiorem
1953 3091 2132 3147 locum
2171 3092 2227 3147 in
2263 3092 2360 3148 illa
2395 3093 2597 3163 figura,
2636 3110 2778 3164 quae
2813 3100 2996 3165 potest
3032 3092 3149 3146 fieri
3187 3097 3329 3158 tota,
3365 3089 3581 3143 ratione
3616 3084 3707 3137 loci
3737 3096 3757 3131 a

1069 3186 1177 3240 quo
1216 3169 1625 3238 denominatur,
1665 3166 1808 3241 ‘qnia
1845 3172 2202 3239 congruentia
2251 3180 2337 3227 est
2375 3172 2669 3241 figurarum
2715 3167 2978 3242 totarum,
3033 3180 3095 3227 ut
3143 3189 3211 3225 ex
3255 3170 3394 3224 libro
3433 3168 3506 3221 11.
3547 3167 3754 3235 apparet-

1066 3248 1142 3302 At
1178 3247 1246 3301 de
1284 3248 1511 3302 centrali
1550 3264 1660 3301 non
1696 3248 1820 3317 plus
1858 3266 1966 3303 uno
2004 3250 2203 3319 angulo
2249 3251 2304 3306 in
2344 3261 2531 3307 centro
2580 3262 2727 3309 stare
2778 3261 2991 3323 potest,
3045 3267 3143 3321 per
3191 3249 3297 3304 def.
3340 3249 3391 3303 1.
3466 3248 3531 3301 In
3571 3246 3757 3299 circum·

1064 3325 1296 3380 ferentia
1332 3342 1460 3381 vero
1499 3334 1683 3396 potest
1720 3342 1842 3382 esse
1878 3335 1998 3382 tota
2036 3330 2577 3387 circumferentialis:
2619 3343 2748 3400 ergo
2787 3340 2891 3387 etc

1240 3402 1480 3478 Propo
1502 3404 1689 3461 sitio
1740 3403 1843 3461 VI.
1933 3403 2019 3461 Ex
2066 3403 2297 3464 duabus
2343 3408 2572 3482 figuris,
2630 3425 2779 3484 quas
2827 3408 2938 3466 sibi
2986 3405 3250 3466 vindicat
3295 3409 3574 3479 aspectus
3621 3396 3757 3471 quis·

1068 3506 1221 3565 que,
1267 3493 1463 3566 potior
1509 3500 1601 3549 est
1644 3490 2184 3562 circumferentialis
2230 3495 2491 3553 centrali.

2026 3591 2132 3644 Est
2164 3593 2307 3647 enim
2344 3594 2699 3661 congruentia
2733 3592 2915 3662 potior
2958 3593 3013 3646 in
3050 3593 3157 3646 hoc
3192 3591 3410 3658 negotio
3458 3578 3755 3642 scibilitatis.

1701 3699 1707 3710 ’
1850 3683 1949 3736 ΡΕΥ
1982 3685 2138 3740 prop.
2177 3673 2228 3727 ⁴.
2301 3675 2375 3727 At
2410 3673 2505 3728 illa
2539 3672 2721 3739 potior
2758 3681 2842 3726 est
2874 3674 2932 3726 in
2968 3672 3140 3740 figura
3165 3664 3655 3723 circumferentiali.
3687 3673 3757 3726 per

1539 3764 1678 3820 RN
1851 3764 2006 3818 prop.
2046 3752 2105 3816 5,
2165 3766 2335 3818 quare
2372 3752 2427 3805 in
2466 3766 2574 3818 quo
2609 3749 2664 3803 id
2702 3751 2849 3818 quod
2886 3751 3193 3820 praepollet
3228 3749 3353 3817 plus
3389 3748 3567 3810 inest
3618 3742 3667 3795 id
3697 3755 3756 3805 Ψ

1223 3841 1228 3848 “
1320 3757 1555 3896 s
1605 3832 1664 3880 N
1669 3837 1747 3917 Χ
1852 3840 1971 3881 sum
1997 3829 2161 3883 etiam
2184 3829 2524 3899 praepollere
2552 3831 2697 3895 facit,
2743 3830 3283 3885 circumferentialem
3304 3825 3521 3882 scilicet
3536 3827 3756 3893 figuram

2023 3907 2174 3961 Idem
2213 3909 2374 3963 etiam
2413 3910 2494 3963 sic
2529 3908 2795 3977 probatur
2840 3925 2907 3964 ex
2943 3909 3148 3962 intimis
3186 3908 3397 3961 animae
3434 3894 3754 3973 proprietati-

1851 3985 1971 4051 ΜΒ
2010 4003 2127 4057 081³·
2165 3988 2213 4044 3·
2252 3988 2432 4044 tactis.
2508 3989 2642 4043 Cum
2687 3987 2827 4041 enim
2865 3988 3044 4042 anima
3079 3987 3172 4050 sit,
3219 4000 3359 4053 quae
3405 3975 3758 4051 configurati(-

1696 3981 1787 4246 )
1850 4080 1978 4118 num
2012 4064 2306 4121 harmoniis
2353 4084 2511 4122 suum
2557 4064 2812 4120 conciliat
2857 4083 2969 4122 esse
3018 4064 3271 4132 formale,
3327 4069 3476 4116 certe
3538 4075 3641 4128 quo
3675 4052 3755 4105 dis·

1356 3643 1453 3693 1³¹3.
1482 3642 1550 3685 32.

1849 4143 2076 4198 crimine
2107 4146 2289 4201 anima
2323 4147 2408 4202 vel
2447 4144 2680 4201 circulus
2717 4151 2801 4197 est
2833 4144 2922 4199 vel
2955 4152 3250 4212 punctum,
3296 4150 3547 4196 centrum
3585 4128 3754 4192 circuli

1799 4264 1809 4273 .
1850 4224 2040 4279 eodem
2075 4224 2385 4279 discrimine
2423 4225 2586 4279 etiam
2621 4221 2913 4277 familiares
2962 4221 3041 4277 illi
3080 4229 3241 4276 erunt
3275 4221 3512 4290 figurae,
3565 4216 3755 4271 circum

1848 4300 2147 4356 ferentialis
2185 4313 2241 4357 et
2276 4301 2549 4357 centralis.
2621 4300 2745 4354 Etsi
2780 4312 2908 4354 vero
2958 4301 3133 4355 omnis
3170 4300 3349 4353 anima
3389 4297 3581 4352 circuli
3618 4302 3754 4361 quau·

1852 4378 1975 4432 dam
2010 4379 2189 4433 ideam
2225 4380 2381 4450 gerit,
2418 4379 2680 4434 abstracti
2716 4378 2933 4449 quidem
2968 4379 3116 4433 illius
3151 4395 3261 4433 non
3299 4383 3508 4431 tantum
3551 4393 3583 4430 a
3617 4377 3751 4424 mate·

1852 4455 1951 4525 ria,
1989 4457 2086 4512 sed
2125 4458 2287 4511 etiam
2323 4472 2358 4512 a
2390 4459 2763 4529 magnitudine
2800 4459 3212 4530 quodammodo,
3251 4464 3314 4513 ut
3351 4456 3559 4510 dictum
3594 4468 3699 4518 cap
3720 4449 3755 4498 3

1860 4550 2037 4602 eoque
2073 4536 2310 4591 circulus
2347 4543 2403 4590 et
2439 4545 2682 4593 centrum
2719 4539 2809 4593 hic
2830 4539 2944 4593 fere
2969 4538 3282 4594 coincidunt
3313 4538 3546 4605 ipsaque
3579 4532 3656 4584 vel
3678 4541 3753 4580 clf·

1807 4634 1815 4641 ·
1861 4613 2016 4667 culus
2051 4614 2400 4682 potentialis,
2453 4614 2537 4668 vel
2574 4625 2832 4683 punctum
2876 4616 3053 4685 plagis
3089 4616 3402 4670 distinctum
3451 4622 3507 4669 et
3546 4615 3619 4667 sic
3650 4621 3753 4677 qu<y

1859 4690 2148 4746 dammodo
2208 4692 2588 4761 qualitativam
2649 4697 2752 4750 dici
2816 4704 3022 4765 potest3
3089 4703 3269 4749 tamen
3336 4694 3620 4748 discrimen
3673 4689 3751 4739 hoc

1856 4765 2069 4824 videtur
2120 4770 2542 4838 observandum,
2601 4775 2747 4843 quod
2793 4774 2932 4828 aliae
2986 4774 3278 4828 facultates
3331 4774 3543 4828 animae
3603 4776 3750 4839 p0t¹¹¹

1855 4853 1917 4898 ut
1968 4845 2204 4902 circulus
2249 4850 2679 4907 considerandae
2735 4856 2891 4916 sunt,
2951 4852 3090 4906 aliae
3149 4853 3335 4921 potius
3397 4860 3459 4906 ut
3506 4856 3749 4921 punctum

1853 4918 2319 4989 Quemadmodum
2374 4932 2518 4984 enim
2576 4930 2812 4985 circulus
2870 4930 2988 4985 sine
3046 4938 3232 4985 centro
3292 4931 3516 4999 cogitari
3579 4922 3747 4992 nequit

1850 5019 2008 5059 omne
2061 5002 2298 5059 vicissim
2344 5017 2605 5076 punctum
2661 5010 2804 5062 circa
2854 5024 2915 5063 se
2969 5010 3139 5066 habet
3172 5012 3450 5079 regionem
3498 5002 3747 5065 scribendo

1279 5127 1292 5140 ,
1319 5132 1388 5152 β,
1578 5145 1594 5152 ⁸
1850 5080 2080 5151 circulo,
2146 5084 2224 5138 sic
2274 5085 2332 5139 in
2378 5086 2556 5141 anima
2592 5102 2809 5156 quoqne
2872 5089 3114 5158 operatio
3172 5090 3323 5144 nulla
3370 5098 3454 5144 est
3512 5090 3624 5144 sine
3673 5085 3745 5137 im·

1233 5205 1268 5244 ὼ
1322 5167 1333 5173 “
1602 5154 1616 5162 “
1846 5158 2130 5228 pressione
2187 5161 2555 5232 imaginatum,
2615 5167 2787 5221 omnis
2840 5168 3077 5222 vicissim
3133 5168 3346 5223 interna
3399 5173 3631 5238 receptio
3681 5161 3744 5214 vel

1844 5239 2126 5296 meditatio
2163 5250 2250 5297 est
2282 5252 2508 5314 propter
2541 5253 2748 5300 motum
2777 5253 3079 5317 externum,
3119 5251 3291 5303 omnis
3315 5253 3524 5307 animae
3548 5252 3740 5308 facultas
