4242 6384
674 852 853 939 annonas.
888 838 972 927 nne
984 858 1032 913 ru.
1051 858 1142 928 oapu
1152 858 1199 915 ιι.
1552 865 1612 930 rso

354 1037 585 1101 Consentaneum
606 1044 696 1119 igitur
718 1048 874 1117 estsupra
896 1038 996 1111 dictis,
1024 1041 1196 1116 praesertim
1226 1038 1367 1099 axiomati
1391 1042 1440 1115 b,·
1457 1048 1490 1101 ut
1511 1040 1614 1103 borum

273 1127 498 1202 intervallorum,
527 1129 566 1187 ad
588 1129 722 1189 concinui
745 1134 880 1187 naturam
900 1129 1125 1203 pertinentium,
1154 1126 1308 1203 quodlibet
1329 1130 1455 1187 retincat
1481 1138 1615 1189 naturam

272 1214 378 1271 illorum
401 1231 603 1291 consonoruru,
628 1236 647 1276 a
669 1216 776 1292 quibus
799 1211 992 1273 constituitur.
1039 1214 1112 1275 Cum
1135 1216 1224 1291 igitur
1245 1231 1281 1273 ex
1297 1217 1432 1275 consonis
1456 1215 1546 1293 duplo
1567 1220 1615 1275 lo·

272 1300 386 1361 terr-allo
409 1304 570 1363 minoribus
596 1303 808 1382 perfectissima
834 1304 893 1360 sint
914 1302 972 1362 ista
996 1296 1035 1379 ⁴²1,
1059 1312 1094 1361 et
1112 1297 1151 1383 il,
1183 1308 1301 1377 propter
1324 1300 1481 1375 figurarum
1503 1304 1614 1363 nobili-

272 1398 361 1461 tatem,
383 1405 404 1447 a
425 1392 533 1465 quibus
552 1394 697 1469 originem
719 1388 846 1461 ducunt,
878 1391 967 1447 etiam
989 1388 1109 1449 soboles
1131 1406 1230 1447 earum
1254 1392 1416 1449 communis
1446 1392 1520 1449 inter
1540 1382 1633 1451 con·'

271 1480 356 1543 cinna,
376 1493 419 1535 sc.
441 1471 499 1557 Ἃ,
522 1482 626 1539 ceteris
648 1480 703 1537 arlt
724 1474 925 1553 praeferenda.
970 1474 1036 1535 Hoc
1057 1478 1147 1551 igitur
1171 1476 1355 1535 intervallum
1380 1480 1524 1537 communi
1548 1496 1614 1538 cum

272 1564 410 1621 celeribus
438 1565 556 1625 nomine
586 1574 708 1624 totum
735 1562 883 1633 dicamus,
918 1569 951 1621 et
979 1570 1098 1639 propter
1132 1562 1208 1625 banc
1246 1562 1482 1638 praecellentiam
1515 1574 1615 1625 tonum

273 1651 435 1725 perlectum,
459 1661 578 1729 propter
599 1669 670 1713 vero
692 1650 924 1726 magnitudinem
945 1652 1142 1727 proportionis
1165 1658 1295 1711 tonum
1317 1651 1505 1728 mojorem.

300 1779 304 1785 .
349 1736 487 1797 Vicissim
515 1742 541 1797 si
572 1756 726 1817 compares
752 1738 913 1815 perlectum
941 1734 981 1817 ‘²l,
1014 1737 1112 1812 majrrs
1143 1754 1209 1797 arm
1237 1737 1342 1813 maiori
1373 1740 1542 1815 imperiecto
1576 1738 1615 1821 il,

274 1827 404 1898 superius,
428 1825 476 1885 rel
498 1828 523 1886 si
545 1829 740 1903 perlectorum
761 1826 857 1883 minus
882 1820 923 1905 il,
946 1841 1012 1883 cum
1035 1824 1268 1901 imp'erlaotorum
1294 1827 1399 1885 minori
1422 1821 1615 1910 ⁶fistularum,

273 1920 398 1971 mestun
419 1930 456 1971 ex
478 1912 534 1973 boc
555 1915 704 1975 oonuubio
727 1910 913 1971 intervallum
944 1910 1117 1971 concinnum
1149 1912 1344 1989 imperfectius
1368 1907 1445 1996 ⁹f„„
1469 1912 1547 1989 quad
1572 1922 1617 1974 eat

272 2000 356 2057 minus
377 2016 468 2074 quam
488 1994 550 2083 ⁸[„
578 2001 659 2079 quod
689 1997 875 2059 intervallum
905 2016 971 2061 cum
1001 2001 1032 2058 iu
1063 1996 1162 2058 veteri.
1183 2002 1296 2059 musica
1323 2008 1390 2061 ante
1413 1999 1614 2063 Ptolemaeum

272 2084 322 2143 iere
347 2102 407 2145 non
428 2097 509 2147 esset
532 2088 784 2159 animadversum,
815 2088 924 2163 quippe
939 2086 1068 2155 ,tbeorioi
1097 2088 1196 2147 omnia
1217 2102 1270 2163 per
1298 2094 1383 2146 tonos
1407 2086 1511 2165 plenos
1535 2090 1616 2166 prins

272 2170 397 2233 definitos
421 2174 678 2251 demonstrabant,
702 2177 728 2236 ei
751 2167 912 2233 nos‘toui
934 2174 1093 2233 minoris
1116 2174 1164 2235 rel
1187 2176 1271 2251 parvi
1285 2190 1391 2233 nomen
1415 2174 1559 2253 dabimus,
1583 2190 1617 2237 ut

271 2260 302 2316 sit
331 2260 404 2321 baec
431 2262 658 2339 imperfectionis
686 2268 767 2321 nota.
812 2258 871 2321 Ubi
901 2277 973 2321 uno-
987 2261 1079 2321 verbo
1107 2262 1235 2321 munitur
1257 2264 1297 2321 sit
1324 2262 1429 2335 lector,
1459 2264 1616 2325 nonnullos

270 2347 313 2403 alii
336 2346 451 2407 cuidam
475 2351 630 2411 intervallo
661 2350 692 2411 id
714 2350 839 2409 nominis
869 2346 999 2421 dedisse,
1027 2364 1083 2422 ua,
1113 2350 1137 2409 si
1160 2348 1234 2409 torte
1263 2350 1293 2407 iu
1316 2348 1432 2408 illorum
1461 2350 1615 2413 lectionem

273 2433 413 2509 inciderit,
438 2439 595 2498 oscitantia
616 2438 809 2515 perturbetur.
914 2480 919 2491 .

350 2521 399 2581 Sin
422 2532 521 2585 autem
544 2526 703 2602 perlectum
725 2524 823 2599 majos
846 2516 885 2601 ²),
908 2539 976 2581 cum
997 2522 1167 2598 imperfecto
1194 2524 1298 2583 minori
1320 2518 1363 2607 ⁵),
1386 2526 1538 2601 superius,
1567 2525 1617 2586 rel

271 2611 290 2663 si
311 2610 470 2685 perlectum
492 2613 589 2673 minus
612 2610 649 2694 814
678 2630 743 2672 cum
766 2610 936 2686 imperfecto
957 2608 1062 2685 maiori
1086 2606 1124 2691 il,
1153 2609 1271 2671 interius
1294 2613 1463 2685 mentienti,
1495 2615 1617 2673 concin-

271 2713 335 2755 num
356 2714 391 2757 ex
412 2702 633 2775 comparatione
655 2708 750 2759 ortum
771 2714 812 2759 sc.
841 2691 910 2778 ill„
932 2714 1046 2755 rursum
1079 2695 1168 2759 trabit
1197 2697 1310 2774 aliquid
1331 2698 1559 2775 imperfectionis
1580 2716 1616 2759 ax

272 2786 373 2859 origine
402 2784 460 2847 bao
488 2803 559 2860 sus,
591 2786 762 2862 diceturque
791 2785 1058 2859 semitonium,
1095 2783 1242 2845 vocabulo
1273 2785 1391 2857 eodem,
1426 2786 1505 2862 qaod
1527 2786 1618 2853 babet

272 2871 359 2944 ipsum
380 2871 437 2931 boc
459 2874 699 2935 intervallorum
723 2874 833 2932 usitata
855 2869 997 2931 bodiarna
1018 2872 1145 2943 musica,
1175 2873 1246 2946 quia
1266 2872 1363 2949 paulo·
1378 2874 1473 2949 majus
1502 2880 1555 2933 ast¹
1568 2890 1617 2934 sa·

272 2959 351 3017 missa
370 2961 431 3017 toni
453 2961 583 3037 maioris.
627 2962 695 3021 Hoc
723 2960 816 3035 aliqui
844 2967 946 3017 tonum
968 2959 1110 3019 minorem
1139 2957 1325 3035 dictitamut,
1354 2979 1374 3020 a
1396 2962 1503 3038 qulbus
1525 2960 1618 3021 lector

272 3045 317 3101 ribi
341 3053 459 3121 careat,
481 3064 519 3107 ne
539 3051 732 3125 perturbetur.

349 3132 431 3192 Haec
453 3136 544 3211 igitur
564 3139 621 3196 tria
643 3145 708 3196 orta
730 3152 749 3193 a
769 3132 920 3211 perlectis,
950 3133 1127 3208 comparatis
1158 3133 1204 3191 rel
1233 3134 1309 3193 intcr
1332 3152 1364 3195 se
1391 3134 1441 3195 vel
1463 3139 1536 3199 'cum
1559 3137 1616 3195 lm·

272 3218 412 3293 ριήιιῑίε,
437 3220 495 3281 boe
517 3223 708 3293 obtinuerint,
731 3228 765 3279 ut
788 3221 930 3278 concinna
951 3236 1004 3295 per
1024 3236 1057 3277 ae
1081 3226 1110 3279 et
1131 3233 1246 3297 semper
1268 3230 1374 3282 essent.

347 3306 458 3367 contra
485 3310 511 3368 si
539 3310 715 3389 comparasti
746 3312 824 3367 inter
850 3320 882 3365 se
909 3306 1093 3383 imperfecta,
1127 3324 1161 3365 ex
1188 3314 1357 3386 pentagono
1388 3308 1436 3371 vel
1464 3308 1616 3386 decagono

273 3400 335 3466 orta,
358 3394 405 3454 rel
429 3398 563 3473 superias
588 3394 627 3479 il,
650 3414 716 3458 curn
739 3390 796 3477 il„
822 3390 872 3452 rel
891 3392 1010 3452 interius
1033 3388 1075 3474 ⁴s,
1099 3410 1165 3453 cunr
1189 3392 1242 3477 ⁵1„
1272 3396 1456 3457 intervallum
1477 3397 1546 3456 hinc
1568 3412 1617 3456 or·

273 3486 331 3552 trrrn,
354 3482 419 3541 scil.
443 3475 516 3563 ⁹7„
539 3492 638 3547 anae
658 3493 706 3559 ,eat
729 3480 966 3559 imperfectionis,
989 3488 1021 3539 ut
1042 3498 1118 3557 pene
1142 3482 1216 3545 inter
1239 3488 1381 3545 concinna
1406 3502 1470 3545 ease
1492 3482 1615 3545 desinat.

273 3563 327 3625 lloc
348 3570 537 3629 intervalium
561 3570 776 3649 appellabimus
799 3568 937 3639 diesin,
966 3584 1039 3630 voce
1063 3571 1170 3643 veteri,
1204 3572 1290 3647 quasi
1312 3570 1392 3632 dicas
1415 3574 1615 3631 remissionem

218 3711 220 3718 .
274 3652 399 3718 chordae.
445 3657 507 3715 Nec
529 3658 651 3731 labora,
682 3668 715 3716 ut
744 3658 799 3714 sub
821 3654 877 3713 bac
900 3671 973 3713 voce
996 3654 1121 3715 eandem
1149 3673 1214 3715 oum
1241 3661 1392 3727 ,veteribus
1422 3662 1615 3736 quantitate-

218 3789 219 3792 .
273 3741 407 3801 intervalli
436 3761 617 3819 proponam,
646 3746 726 3821 quod
754 3748 859 3803 iterum
888 3743 1038 3801 monuisse
1066 3742 1201 3805 sufficiat
1250 3744 1482 3823 imperfectionis
1509 3763 1615 3807 caueae

272 3838 328 3887 sunt
349 3840 425 3889 tres:
454 3832 546 3907 origo,
574 3834 707 3912 parvitas
731 3827 813 3911 (cunr
844 3844 902 3885 non
925 3835 1034 3905 aequet
1055 3837 1168 3905 partem
1199 3833 1260 3891 toni
1289 3832 1408 3909 perlecti
1431 3829 1563 3915 tertiam)
1588 3840 1617 3891 et

273 3918 330 3988 quia
351 3926 397 3977 est
420 3919 508 3977 etiarn
532 3922 604 3979 inter
630 3922 715 3977 tertia
738 3924 977 3976 connumeratum
999 3918 1149 3993 superius,
1179 3920 1253 3977 inter
1279 3918 1331 3977 illa
1354 3936 1411 3993 sc,
1443 3937 1519 3996 quae
1542 3937 1615 3979 con-

272 4004 413 4061 cinnandis
435 4008 593 4081 generibus
621 4017 724 4065 cantus
746 4005 926 4077 inserviunt3
955 4004 1045 4061 oritur
1078 4004 1154 4061 euim
1183 4006 1271 4065 etiam
1300 4025 1336 4066 ex
1359 4014 1428 4067 tono
1451 4008 1556 4066 minori
1588 4015 1616 4065 at

272 4092 417 4149 semitonio
447 4096 633 4169 comparatis,
676 4094 752 4157 Nam
776 4092 838 4155 boc
862 4088 1047 4151 intervallum
1081 4106 1138 4149 non
1168 4108 1219 4169 per
1240 4110 1290 4165 se,
1322 4109 1376 4153 nec
1405 4111 1520 4171 semper
1542 4110 1615 4155 con·

273 4180 376 4236 cinnum
400 4186 462 4250 est3
493 4197 551 4239 non
575 4181 652 4239 solet
674 4182 752 4247 enim
784 4194 843 4237 vox
867 4178 996 4235 humana
1025 4183 1144 4237 cantum
1175 4196 1234 4237 una
1264 4188 1294 4239 et
1324 4178 1426 4239 eadem
1450 4178 1543 4259 dynryq
1565 4197 1617 4257 per

217 4299 219 4344 :
272 4260 317 4323 bec
337 4266 524 4325 intervallum
547 4267 715 4340 traducere,
738 4275 771 4325 ut
793 4255 845 4341 per
868 4261 1025 4323 intervalla
1047 4270 1160 4336 cetera,
1191 4264 1243 4326 sed
1271 4266 1395 4341 negligit
1423 4274 1453 4327 et
1475 4268 1617 4327 transsilit

217 4345 219 4352 '
264 4347 342 4423 illud,
364 4354 422 4413 ulai
445 4362 560 4414 tantum
582 4357 614 4413 in
634 4356 798 4413 variatione
821 4359 933 4424 cantus,
957 4349 1134 4409 condimenti
1165 4368 1268 4426 cauam
1296 4363 1369 4414 tunc
1391 4353 1423 4412 nt
1453 4354 1616 4416 extraordi-

276 4442 342 4499 narie
362 4442 552 4513 concinnum,
575 4442 627 4501 sed
650 4445 710 4512 sie,
732 4447 767 4499 ut
789 4441 874 4515 quasi
895 4454 1006 4497 uarum
1028 4455 1122 4513 genus
1145 4448 1248 4501 cantus
1272 4442 1402 4519 incipiat,
1425 4450 1455 4502 et
1477 4446 1555 4501 artie·
1571 4450 1616 4501 est

275 4520 429 4602 bbortrque
451 4544 511 4587 non
532 4530 650 4600 modioi,
674 4546 747 4587 roae
769 4527 898 4587 bumana
919 4526 983 4584 sine
1006 4541 1116 4600 organo
1139 4526 1170 4585 id
1186 4531 1318 4605 assequi.
1364 4528 1468 4603 Itaque
1488 4530 1549 4589 boo
1568 4531 1617 4589 itr-

278 4613 418 4673 tervallum
440 4622 554 4674 tantum
579 4616 759 4677 discriminat
781 4630 889 4689 genera
911 4614 1118 4673 cancianorum
1141 4630 1235 4688 eoque
1257 4624 1344 4692 pacto
1367 4618 1403 4674 its
1425 4618 1555 4676 inservit

346 4700 505 4777 ecepimus
528 4703 624 4764 dicere
647 4702 684 4762 da
705 4700 867 4762 intervallis
890 4702 998 4758 tertiis:
1020 4704 1145 4777 primum
1168 4704 1244 4761 euim
1267 4720 1303 4763 ex
1318 4706 1364 4775 lis,
1388 4698 1460 4787 ²72,
1483 4718 1536 4763 sea
1552 4703 1617 4763 die·

276 4783 315 4857 tit,
334 4788 411 4849 idem
434 4789 490 4849 tuit
512 4794 601 4850 etiam
623 4791 829 4850 coriclonorum
852 4785 996 4845 ultimum.
1041 4788 1209 4864 Sequuntur
1230 4790 1415 4849 nuncetiam
1438 4789 1615 4866 reliquarum
1698 4826 1703 4841 ι

277 4874 485 4948 appellationes.
529 4878 605 4937 Nam
632 4872 740 4958 mim„
762 4874 840 4950 quod
865 4876 955 4932 oritur
976 4891 1012 4933 ex
1039 4872 1105 4955 ¹³7„
1127 4884 1157 4934 et
1177 4871 1229 4955 ⁸t„
1251 4884 1349 4952 potest
1369 4876 1511 4953 appellari
1527 4877 1615 4939 diesis

235 4968 239 4976 ’
277 4960 353 5034 major
381 4969 412 5023 et
441 4964 622 5037 irregularis3
651 4963 730 5040 quod
757 4970 792 5021 nt
820 4978 909 5037 supra
937 4960 1047 5019 dictum
1077 4962 1166 5038 paulo
1196 4962 1354 5023 admodum
1375 4964 1427 5041 (ac.
1442 4962 1615 5040 'quantitate

277 5036 769 5131 ω’511111«εειηιῑιιιιεῑιιιεινιιιιο
797 5050 938 5108 concinno
967 5050 1114 5108 semitonii
1143 5058 1173 5109 et
1202 5052 1253 5109 rix
1284 5050 1398 5111 abillo
1426 5051 1614 5127 dignoscitur.

279 5116 371 5209 tatqaa
398 5136 456 5197 boc
485 5142 603 5198 aomina
631 5142 705 5199 inter
735 5138 891 5206 concinna,
928 5137 1002 5210 quia-
1026 5135 1143 5197 diesees
1173 5136 1323 5211 legitimae
1354 5141 1448 5198 vicem
1479 5142 1612 5212 sustinet,

278 5226 431 5289 ineertim
458 5228 488 5282 ln
516 5228 679 5287 mundone
708 5234 820 5285 cantus
866 5223 920 5281 Est
950 5224 1027 5283 enim
1057 5226 1173 5298 genesis
1200 5226 1264 5301 ejus
1293 5242 1351 5285 non
1366 5234 1438 5285 tam
1461 5226 1613 5299 naturalis,

280 5318 350 5379 prin
371 5328 427 5373 nen
450 5317 625 5389 macenaria,
649 5322 682 5373 ut
704 5312 893 5387 undiquaque
915 5312 973 5369 siut
994 5311 1024 5367 in
1040 5318 1157 5387 promtu
1171 5314 1328 5375 semitonia
1349 5322 1379 5374 ct
1394 5313 1498 5387 dissea
1520 5330 1614 5392 prap-
