4242 6384
536 779 598 842 ddi
1048 769 1198 830 Ptolemaei
1214 765 1370 830 flamonia

532 961 630 1015 sumta
643 955 741 1014 minus
756 949 827 1028 quid
840 958 917 1026 suut,
933 959 1022 1030 quam
1039 951 1198 1028 residuum,
1212 955 1243 1012 ιιι
1257 954 1357 1031 specis
1372 960 1456 1014 tenea
1470 951 1564 1030 deta3
1580 954 1632 1030 qui
1647 951 1769 1031 dmtquc
1779 967 1860 1012 cursu

534 1044 695 1116 maximoe,
727 1041 790 1100 sire
813 1041 863 1116 qui
886 1055 999 1100 rursum
1023 1039 1060 1100 ad
1083 1041 1211 1100 maxima
1232 1039 1430 1101 intervallaa
1458 1039 1551 1102 'l'erra
1578 1049 1789 1119 consequantur
1813 1042 1861 1099 aire

533 1129 571 1190 ad
594 1131 723 1200 minima,
747 1123 902 1186 diatonicis
924 1127 1240 1202 accommodabuntur,
1264 1125 1345 1204 quod
1366 1129 1396 1186 in
1420 1128 1456 1189 iis
1478 1126 1640 1189 mcundurn
1661 1147 1763 1206 geum
1784 1129 1862 1187 inten-

534 1234 600 1276 suru
623 1216 748 1288 dictum,
771 1231 958 1291 nequaquam
982 1214 1040 1276 duo
1063 1213 1219 1276 intervalla
1241 1213 1355 1292 reliquo
1378 1218 1491 1274 minora
1513 1215 1601 1289 fiant,
1623 1227 1654 1278 et
1676 1219 1747 1293 qrria
1766 1218 1793 1274 iu
1811 1217 1865 1274 uni-

534 1321 652 1366 versum
683 1303 751 1374 hinc
777 1317 871 1380 ponus
900 1301 1140 1378 enharmonium,
1172 1300 1241 1364 inde
1271 1319 1409 1366 cursuum
1439 1302 1632 1364 brevissimus
1665 1305 1822 1382 ιειιιιιιιι
1845 1312 1866 1360 st

533 1391 709 1452 contrahunt
737 1387 797 1450 illic
832 1396 967 1461 cantum,
982 1389 1038 1464 ,bic
1060 1389 1253 1464 celeritatem,
1286 1389 1466 1452 diatonicum
1488 1407 1559 1452 varo
1582 1400 1611 1452 et
1634 1408 1770 1451 cursuum
1789 1393 1867 1448 mari
1890 1414 1891 1457 ,

534 1496 599 1540 mua
628 1477 771 1538 dducunt
801 1483 831 1536 et
862 1474 1006 1546 dilatant,
1041 1475 1253 1540 ιιιιιιιιιιιιιι
1284 1476 1403 1538 tandem
1432 1486 1463 1538 et
1489 1494 1593 1538 cursus
1613 1477 1771 1544 mediocris
1789 1477 1891 1555 lomui

532 1562 752 1644 quodammodo
772 1562 901 1625 modium
923 1565 997 1622 inter
1019 1572 1151 1626 extrema
1172 1561 1328 1644 amantii).
1890 1564 1891 1635 i

619 1671 692 1729 Nota
710 1671 730 1726 l.
767 1669 847 1725 Haud
866 1670 948 1742 paulo
971 1671 1069 1727 mellus
1093 1687 1165 1728 nunc
1183 1672 1278 1742 incipit
1296 1671 1469 1728 Ptolemaeus
1493 1669 1697 1742 philosophari,
1723 1672 1788 1726 dum
1802 1673 1865 1726 mirso

531 1762 607 1812 motu
633 1753 720 1824 primo
740 1749 837 1806 diurno
863 1749 920 1820 (qui
938 1763 967 1805 re
986 1765 1049 1804 uera
1067 1749 1206 1807 volnuone
1223 1749 1342 1806 Telluris
1368 1749 1477 1819 accidit)
1503 1750 1602 1806 tranat
1618 1750 1653 1804 ad
1673 1751 1807 1806 secundos
1821 1765 1867 1806 ιιι

531 1831 673 1896 coelestes,
691 1837 719 1886 et
736 1829 933 1885 mutationibus
951 1827 1169 1898 intervallorum,
1187 1843 1261 1900 quaa
1276 1828 1438 1899 confingunt
1454 1831 1483 1884 in
1500 1828 1547 1898 iia,
1569 1835 1712 1898 comparat
1730 1831 1867 1885 varietates

531 1927 660 1984 generum
678 1915 775 1966 cautus
793 1921 810 1963 a
828 1907 964 1962 veteribus
984 1915 1157 1977 usurpatam
1184 1910 1234 1965 etsi
1257 1917 1363 1978 portam
1383 1907 1418 1964 ad
1435 1905 1626 1978 philosophiae
1644 1911 1787 1978 mysteria,
1807 1925 1868 1977 quan

530 1989 639 2061 ruperit,
658 2003 711 2044 uon
729 1985 887 2056 ingreditur,
906 2001 973 2042 suae
990 1983 1129 2043 felicitatis
1147 1988 1207 2058 ipss
1224 1988 1343 2056 ignarus.
1365 1987 1565 2057 Praetereaque
1583 1996 1611 2044 et
1628 1987 1731 2044 titubat
1749 1989 1820 2045 uarie
1833 1990 1868 2042 in-

530 2067 672 2140 pingitque
690 2065 718 2120 iu
735 2065 904 2124 harmonicen
923 2065 1064 2124 salebrosa
1081 2068 1132 2135 rin,
1151 2083 1201 2137 por
1218 2083 1346 2122 numeros
1358 2066 1508 2134 incedente,
1526 2068 1646 2122 nondum
1665 2067 1809 2136 explorata
1823 2083 1869 2120 ιιι

531 2155 559 2202 et
575 2145 640 2203 trita
658 2146 755 2201 semita
772 2159 822 2214 per
838 2143 940 2214 liguros
958 2143 1064 2216 planas.

600 2239 1010 2312 a0a11.nsnprin0,qn0
1029 2241 1118 2298 medio
1133 2243 1308 2298 Ptolemaeus
1326 2243 1354 2296 in
1367 2242 1514 2298 traditione
1532 2233 1756 2300 harmonicorum
1769 2251 1871 2299 return

530 2315 723 2388 tetrachorda,
750 2319 778 2374 in
796 2317 865 2377 hacc
883 2317 990 2376 diuersa
1016 2335 1117 2388 genera
1144 2320 1354 2390 transformata,
1381 2321 1453 2374 inter
1469 2319 1632 2375 inconcinm
1649 2321 1767 2392 rejecit,
1795 2323 1870 2377 mdeu

529 2397 618 2456 medio
637 2405 665 2454 et
683 2413 734 2470 ego
754 2397 921 2456 Ptolemaica
938 2397 1127 2468 tetrachorda,
1146 2401 1257 2470 reiectis
1276 2401 1433 2463 substituta
1453 2396 1482 2455 at
1499 2400 1610 2454 omuino
1623 2417 1731 2474 genera
1749 2403 1809 2474 ipsa
1825 2405 1872 2470 iniri

530 2480 558 2534 iu
562 2484 707 2570 ”quantum
726 2477 894 2549 respondent
911 2485 1006 2534 nostro
1025 2477 1118 2534 cantui
1137 2478 1206 2534 duro
1234 2487 1262 2532 et
1280 2479 1366 2548 molli)
1393 2487 1424 2534 ut
1442 2471 1605 2534 inconcinna
1632 2487 1660 2534 et
1677 2497 1735 2536 non
1755 2482 1871 2538 naturalia

529 2553 631 2626 rejicio.
667 2553 719 2610 llle
746 2553 856 2624 quidem
884 2553 940 2610 suis
966 2556 1010 2609 hic
1037 2555 1113 2611 irrisis
1140 2557 1278 2627 principiis
1307 2564 1335 2612 et
1361 2552 1539 2612 nrrrrrerniinm
1563 2557 1700 2614 rationum
1717 2558 1828 2616 familiis
1841 2571 1871 2614 ast

531 2652 614 2704 usus,
642 2651 692 2702 ego
711 2635 778 2690 meis
797 2633 867 2688 reris
886 2633 1026 2704 principiis
1046 2640 1074 2692 ei
1091 2637 1269 2692 monochordi
1287 2637 1452 2692 sermonibus
1472 2643 1550 2704 utor,
1577 2652 1649 2704 quae
1666 2653 1722 2691 non
1742 2638 1871 2692 admittunt

530 2715 578 2774 illa
595 2711 738 2774 intervalla
755 2711 922 2768 Ptolemaios
941 2715 1012 2768 inter
1029 2715 1169 2772 concinna
1195 2715 1244 2770 llic
1262 2718 1367 2772 aurium
1383 2715 1516 2784 judicium
1535 2711 1608 2769 circa
1625 2710 1675 2768 illa
1693 2715 1870 2772 constituenda

530 2791 684 2854 coutemiim
703 2791 814 2862 habuit,
843 2809 893 2862 ego
912 2789 979 2848 iliud
998 2793 1039 2850 vel
1059 2795 1175 2850 maxime
1201 2795 1257 2862 pan
1284 2811 1397 2863 possum
1417 2791 1548 2860 'adeoque
1566 2801 1664 2848 testem
1690 2793 1785 2850 haheo
1803 2803 1891 2861 toton

532 2891 618 2948 genus
637 2873 794 2942 humanum,
812 2872 891 2940 cuijus
910 2873 1044 2949 interpres
1062 2872 1225 2929 Plutarchus
1245 2871 1344 2928 alicubi
1362 2877 1571 2938 commemorat,
1586 2872 1644 2938 ianr
1662 2890 1714 2928 ana
1732 2881 1825 2930 aetate
1837 2887 1872 2940 pr-

531 2951 604 3012 uitua
623 2951 737 3010 desiisse
756 2969 842 3022 genus
861 2953 1067 3010 enharmonium
1085 2969 1136 3008 nec
1147 2951 1259 3020 intelligi
1278 2949 1395 3022 amplius
1416 2952 1547 3020 potuisse,
1565 2951 1647 3020 quale
1664 2951 1760 3010 fuerit.
1787 2950 1871 3006 Similis

532 3031 686 3090 blaarobius
705 3033 732 3086 in
751 3031 891 3088 Somnium
911 3029 1054 3102 Scipionis,
1072 3027 1222 3085 Plutarcho
1241 3030 1386 3099 posterior,
1407 3030 1440 3084 de
1459 3046 1510 3086 sua
1528 3039 1618 3085 aetate
1636 3029 1729 3086 refert.
1760 3033 1799 3086 At
1815 3031 1872 3100 quoi

531 3119 629 3171 natura
646 3105 836 3182 implantatum
856 3117 899 3165 est
917 3109 1089 3177 horninibus,
1117 3125 1172 3166 non
1190 3107 1340 3170 amittitur,
1367 3107 1415 3162 sed
1440 3109 1529 3164 excoli
1555 3109 1637 3177 inque
1655 3107 1748 3164 luceru
1776 3109 1874 3180 proferri

533 3189 682 3256 consuevit.
701 3187 739 3244 Et
757 3197 787 3244 ut
805 3189 874 3252 dern,
892 3187 939 3242 illa
957 3189 1010 3243 tria
1027 3199 1128 3256 genera
1146 3203 1207 3241 csse
1225 3195 1410 3241 consentanea
1428 3188 1520 3242 cantui
1538 3188 1578 3251 (ut
1597 3187 1620 3240 si
1638 3187 1701 3256 quis
1718 3188 1874 3243 mordentia

466 3327 467 3331 ,
530 3275 639 3324 nostrrs
657 3275 706 3324 aut
723 3265 865 3328 tremulam
884 3269 958 3321 vocis
977 3265 1154 3322 vibrationcm
1171 3273 1277 3334 partem
1297 3263 1362 3320 velit
1379 3266 1470 3322 facere
1488 3267 1595 3334 pencris
1613 3267 1807 3337 enharmonirl,
1823 3265 1874 3336 quid

531 3348 601 3404 hacc
618 3343 778 3415 irregularia
796 3340 830 3399 ad
849 3345 1052 3413 regularissima
1069 3343 1254 3414 perfectorum
1273 3342 1465 3400 conciunorrrm
1484 3345 1634 3417 principia?

599 3433 673 3488 Nota
690 3433 740 3487 ill.
776 3433 843 3486 lure
862 3432 943 3487 etiarn
962 3433 1014 3487 hoc
1031 3448 1164 3500 quaeras,
1192 3448 1254 3486 cunr
1271 3431 1445 3488 Ptolemaeus
1463 3434 1635 3488 antecedenti
1653 3443 1682 3490 et
1698 3436 1828 3506 ιιιιιιιι
1842 3451 1873 3488 ιι-

531 3512 635 3582 pitibus
652 3512 687 3568 de
705 3520 779 3578 motu
798 3511 885 3582 primo
904 3518 975 3579 agat.
995 3528 1043 3566 cur
1057 3510 1116 3579 jam
1134 3512 1161 3564 in
1179 3519 1269 3567 motos
1288 3509 1440 3566 altitudinis
1456 3512 1567 3580 negotio
1581 3511 1700 3568 animum
1717 3513 1750 3570 iu
1763 3514 1873 3570 secundi

530 3591 649 3648 motibus
667 3596 759 3648 teneat
779 3593 964 3660 occupntrmr‘?
999 3592 1061 3648 Etsi
1079 3593 1133 3646 hoc
1150 3607 1216 3646 saue
1234 3591 1353 3660 optime,
1380 3587 1448 3644 iilud
1473 3605 1537 3649 vero
1555 3590 1660 3644 vitiose.
1698 3593 1793 3649 Causa
1809 3595 1875 3662 ipim

530 3675 586 3737 eat,
615 3670 680 3740 quia
697 3665 871 3732 Ptolemaeus
890 3681 924 3722 ex
945 3685 998 3724 uua
1026 3677 1104 3739 panc
1121 3669 1242 3726 abundat
1262 3689 1315 3727 uuo
1337 3685 1438 3739 genere
1456 3676 1566 3731 cantus,
1593 3648 1891 3740 quadricornem*

531 3759 585 3818 est,
605 3747 659 3804 seri
672 3748 845 3804 arbitrarium
864 3754 892 3804 ct
910 3744 1075 3817 abhorrens,
1094 3767 1128 3803 ca
1146 3747 1232 3804 altera
1250 3758 1328 3820 parte
1346 3757 1424 3821 eget,
1442 3749 1571 3818 ignorans
1589 3759 1754 3818 aspectuum
1774 3753 1875 3806 alterurn

518 3844 626 3897 ¹goinus,
646 3829 795 3898 quintilem,
815 3827 992 3898 hiquintilern,
1012 3823 1140 3888 debilem
1159 3825 1317 3881 trideciIern.
1352 3827 1414 3883 Non
1433 3827 1521 3897 potuit
1539 3829 1622 3895 igitur
1639 3827 1685 3882 hic
1703 3839 1800 3898 aptam
1818 3849 1876 3887 coro·

530 3907 699 3976 parationem
719 3915 747 3961 et
766 3905 952 3976 superioribus
970 3905 1114 3976 analogum
1132 3889 1235 3962 iacere.
1265 3907 1313 3961 scd
1332 3907 1444 3961 violarit
1462 3907 1537 3961 hic'
1526 3925 1588 3974 Jrrra
1607 3908 1709 3978 aliena,
1739 3924 1875 3964 excurrens

530 3986 564 4040 ad
582 3993 672 4042 motus
699 3984 869 4054 planetarum
897 3985 1037 4054 proprios,
1066 4003 1126 4042 cunr
1146 3997 1209 4042 ante
1228 3998 1256 4041 et
1283 3993 1347 4055 post
1365 3986 1399 4041 de
1417 3987 1505 4056 primo
1523 3995 1598 4038 motu
1617 3993 1690 4055 agat
1727 3985 1790 4042 Nos
1808 3988 1875 4076 ipim

530 4067 604 4122 hunc
630 4067 689 4134 ejus
708 4064 844 4120 deiectum
864 4080 896 4119 ex
924 4063 1007 4132 hujus
1033 4067 1126 4134 operis
1154 4065 1200 4120 lib.
1219 4056 1252 4118 i'f
1269 4065 1403 4134 capitas.
1421 4079 1565 4134 possemus
1584 4064 1727 4133 supplere,
1757 4067 1782 4120 si
1801 4062 1891 4129 ιιι

529 4143 582 4198 hac
599 4143 657 4198 vice
675 4143 830 4198 motibus
823 4161 850 4197 ιι
878 4141 964 4197 altum
994 4143 1049 4212 (qui
1077 4151 1142 4219 suut
1159 4142 1275 4202 allectus
1292 4152 1414 4199 motuum
1441 4143 1611 4213 planetarum
1629 4142 1740 4212 quidem
1759 4145 1874 4199 omnium

529 4220 577 4274 sed
595 4221 756 4290 quatenus
748 4217 766 4274 ri
786 4227 851 4276 surrt
863 4219 890 4274 ln
903 4219 970 4290 ipsis
989 4237 1061 4289 vere,
1080 4209 1134 4277 non
1144 4227 1309 4292 apparenter
1320 4225 1437 4292 tautum)
1456 4223 1616 4289 diceremus,
1634 4223 1688 4278 duo
1706 4236 1770 4278 csse
1789 4237 1875 4293 genera

529 4306 698 4368 aspectuum,
715 4300 830 4355 alterum
849 4317 883 4354 cx
903 4301 1069 4356 duodenaria
1085 4301 1206 4356 sectione
1223 4299 1336 4369 zodiaci,
1355 4301 1470 4357 ιιιιιιιι
1489 4317 1523 4357 ex
1537 4301 1660 4364 denaria.
1680 4317 1800 4370 qnorum
1817 4301 1873 4356 itini

529 4377 622 4452 generi
641 4385 738 4436 ιιιιιιι
757 4377 831 4434 molli
850 4379 1022 4449 respondent,
1042 4379 1584 4457 hocduro,quiaduodenariaaodiaci
1602 4383 1768 4438 sestiacum
1790 4381 1874 4436 sectis

529 4459 610 4514 arbim
629 4455 747 4511 chordae
764 4455 871 4526 generis
891 4451 994 4523 mollis,
1014 4455 1126 4512 denaria
1144 4473 1207 4512 vero
1226 4474 1287 4513 cum
1305 4464 1406 4530 genere
1424 4457 1492 4515 duro
1511 4460 1620 4515 easdem
1632 4459 1741 4529 annas
1760 4457 1874 4531 progeni·

528 4533 611 4591 trices
628 4535 737 4600 habeat,
755 4543 786 4590 nt
804 4533 855 4590 nub
874 4535 976 4590 exitum
995 4535 1058 4590 libri
1077 4537 1128 4590 mei
1146 4536 1225 4607 primi
1244 4545 1398 4606 ostensum3
1422 4537 1578 4608 etquidem
1599 4546 1632 4596 ut
1649 4539 1721 4595 duae
1738 4541 1874 4628 figurarum

527 4613 791 4684 circumsonans
808 4612 889 4668 etiam
909 4611 1017 4667 duobns
1035 4615 1241 4683 proportionum
1260 4615 1406 4685 generibus
1423 4615 1556 4686 singulae
1565 4623 1692 4684 utuntur,
1719 4618 1755 4672 de
1772 4635 1826 4686 quo
1842 4616 1874 4667 ri·

528 4691 626 4749 deutur
644 4697 719 4750 totas
737 4707 815 4750 mens
835 4691 905 4746 liber
923 4692 944 4744 1.

613 4781 687 4837 Nota
704 4782 751 4837 lv.
788 4780 832 4835 Ad
858 4777 1089 4872 comparationem
1114 4782 1325 4874 quantitativum
1348 4799 1402 4838 uon
1421 4783 1537 4854 suiiicit,
1564 4732 1705 4861 applicare
1730 4785 1793 4841 hinc
1818 4783 1873 4838 inde

495 4871 497 4876 ’
527 4859 747 4930 muhamas
758 4859 934 4928 differentias,
948 4857 1096 4952 minimum
1114 4860 1240 4929 medium,
1253 4861 1400 4917 marimum
1413 4864 1503 4929 unius,
1520 4863 1639 4932 minimo,
1645 4864 1752 4929 modio,
1765 4867 1873 4918 maximo

527 4941 650 5000 sinnius.
687 4939 784 5011 Cogita
809 4939 906 5010 igitur,
935 4938 978 5002 aui
1005 4940 1067 4994 usui
1093 4942 1260 5010 comparatio
1280 4942 1348 4998 haec
1376 4957 1507 5010 generum
1523 4957 1586 5000 cura
1611 4905 1777 5008 intervallis,
1804 4943 1827 4996 si
1843 4957 1871 4994 es

526 5019 634 5078 illorum
660 5016 846 5088 magnitudine
873 5031 1000 5074 mensura
1026 5013 1141 5073 istarhm
1158 5035 1214 5075 aon
1231 5020 1387 5088 rependent
1377 5020 1512 5075 tiinito
1535 5021 1606 5076 enim
1624 4985 1805 5079 dionaeam
1821 5018 1871 5088 pis·

527 5104 607 5152 netas
625 5098 731 5154 facium
748 5097 891 5154 intervalla
907 5096 1017 5166 singuli,
1034 5112 1116 5166 quam
1134 5096 1203 5154 haec
1218 5113 1320 5166 genera
1337 5106 1443 5170 cautus,
1463 5099 1514 5154 etsi
1532 5105 1661 5156 muntani
1678 5099 1730 5154 et
1722 5115 1780 5168 ipsa
1796 5100 1870 5152 inter·

528 5173 608 5233 rallis
626 5177 790 5247 quibusdam
807 5177 931 5234 minimis
967 5177 1093 5246 Denique
1111 5175 1286 5234 Ptolemaeus
1310 5177 1431 5248 applicat
1454 5179 1614 5254 generibus
1623 5188 1720 5235 cantus
1737 5173 1870 5234 intervalla

527 5255 697 5328 singulorum
714 5253 893 5326 planetarum,
911 5272 965 5313 nou
984 5264 1057 5314 recte
1069 5267 1231 5327 comparans
1249 5259 1320 5314 iuter
1337 5273 1368 5315 se
1380 5258 1548 5316 diversarum
1564 5260 1656 5346 rerum
1673 5260 1783 5330 species
1809 5255 1868 5309 Tres
