4242 6384
741 781 826 841 Liber
842 782 888 840 lv.
906 783 996 854 capnt
1011 782 1072 840 vn.
1522 790 1584 851 258

240 983 308 1040 quse
330 963 558 1025 Mirandnlanns
580 963 748 1039 sspeotibus
770 961 958 1039 opponebat,
985 962 1094 1038 opponi
1124 978 1211 1039 posse
1234 959 1373 1021 ridebam
1400 969 1430 1023 et
1452 972 1585 1023 contem-

239 1054 375 1128 peratioui
399 1052 524 1120 dumam
547 1068 662 1111 secum.
706 1050 787 1111 Nihil
809 1066 881 1109 saue
903 1048 992 1109 elficit
1005 1068 1051 1113 ‚ne
1074 1064 1212 1109 sonorum
1228 1049 1346 1125 quidem
1359 1050 1482 1109 duorum
1498 1051 1586 1127 triple

238 1144 382 1216 proportio
403 1140 453 1199 rel
477 1139 680 1214 sesquialtera,
704 1156 794 1197 cause
817 1138 977 1209 acuminis,
1000 1144 1151 1203 ettamen
1174 1139 1249 1211 grati
1272 1146 1341 1195 sunt
1363 1140 1494 1211 soui„si
1517 1147 1585 1198 sunt

238 1232 262 1283 in
284 1227 372 1304 tripla
396 1228 443 1285 rel
466 1227 678 1302 sesquialtera,
708 1235 809 1285 contra
832 1224 1006 1295 abhorrent,
1031 1226 1058 1282 ni
1081 1232 1150 1283 suut
1178 1226 1206 1281 in
1230 1224 1365 1301 septupla
1395 1224 1443 1284 vel
1466 1228 1587 1301 sesqui·

238 1324 321 1375 serta.
369 1314 446 1373 Cum
476 1316 565 1391 igitur
594 1314 767 1372 rationalem
797 1319 932 1388 oporteat
961 1328 1026 1369 esse
1047 1328 1123 1385 rem,
1154 1326 1230 1387 quae
1260 1312 1377 1389 triplam
1407 1310 1586 1389 aseptapla

240 1400 385 1476 dijudicat,
410 1404 538 1461 animem
552 1418 592 1462 sc.
615 1400 728 1459 auditui
751 1400 943 1474 praelectam,
976 1400 1124 1473 oportebit
1146 1406 1176 1457 et
1198 1402 1227 1455 in
1250 1398 1444 1459 radiationum
1466 1402 1586 1476 negotio

240 1488 407 1547 rationalem
431 1506 497 1547 esse
520 1496 696 1558 creaturam,
726 1504 803 1561 quae
826 1485 964 1545 discernit
986 1490 1061 1543 inter
1084 1488 1125 1544 60
1147 1485 1290 1561 graduum
1316 1489 1450 1563 interque
1474 1490 1513 1547 59
1537 1488 1585 1547 rel

241 1575 272 1635 el
295 1575 468 1649 subteusas,
491 1578 555 1635 sire
577 1575 629 1633 illa
648 1574 782 1633 discursu
803 1572 841 1631 ad
856 1573 913 1631 lroc
925 1580 1032 1647 utatur,
1056 1580 1088 1631 ut
1104 1573 1191 1631 bomo
1208 1574 1375 1649 intelligens
1385 1576 1586 1650 geometriam,

240 1682 284 1721 seu
305 1682 325 1722 a
346 1664 418 1730 solo
440 1666 580 1721 instinctu
602 1670 757 1721 coucrcuto
779 1659 809 1717 id
831 1659 957 1730 habent,
988 1670 1020 1718 ut
1041 1661 1151 1719 termae
1174 1662 1354 1735 plantarum,
1383 1678 1459 1737 quse
1481 1679 1586 1721 nume·

241 1769 293 1807 rum
315 1758 434 1809 certum
455 1750 592 1809 loliorum
621 1749 690 1809 inde
711 1770 731 1808 a
752 1764 848 1805 rerum
874 1755 940 1805 ortu
963 1749 1019 1805 sibl
1049 1747 1191 1806 creditum
1220 1749 1388 1807 custodiunt
1416 1766 1587 1826 semperque

244 1838 474 1897 nclritectantur.
517 1836 608 1897 Nulla
634 1836 683 1895 bic
705 1839 750 1893 ris
772 1842 817 1893 est
839 1835 1003 1904 mixtionis,
1033 1834 1176 1893 velutad
1199 1853 1349 1897 mensures
1381 1837 1508 1897 medices
1532 1850 1607 1896 ex-·

243 1936 328 1997 actae,
364 1925 451 1983 nulla
483 1927 612 2001 corporis
640 1927 917 1995 instrumentorum
948 1938 1004 1979 nec
1034 1922 1182 1981 delectant
1215 1926 1280 1985 soni
1309 1925 1477 1983 animarrtre
1501 1922 1585 1999 redii,

244 2016 301 2087 quia
324 2014 371 2073 sic
395 2020 465 2070 narrt
487 2012 714 2087 contemperati,
745 2017 778 2067 ut
800 2025 866 2068 cum
888 2008 1002 2068 oelidne
1030 2009 1138 2083 frigida
1160 2012 1312 2085 miscetur,
1345 2012 1443 2087 quoad
1467 2012 1588 2071 resultet

243 2100 371 2173 qualitas,
397 2101 511 2175 corpori
534 2099 631 2157 loturo
654 2096 846 2173 respondens,
878 2112 946 2155 nam
969 2100 998 2153 iu
1021 2097 1131 2155 talibus
1154 2100 1298 2157 mixturis·
1311 2100 1420 2175 optime
1442 2108 1588 2175 tempera·

242 2199 297 2245 tura
318 2205 389 2247 esse
413 2187 491 2247 solet
512 2188 613 2255 unica,
636 2194 749 2245 ceterae
772 2183 817 2240 illi
839 2200 940 2241 omnes
961 2184 1239 2261 secundummagis
1261 2194 1290 2247 ct
1310 2188 1412 2245 miuus
1428 2189 1589 2263 appropin-

243 2286 331 2348 quent.
371 2277 418 2332 At
439 2276 513 2333 inter
529 2272 772 2347 configurationes
794 2274 927 2345 interque
941 2286 1079 2329 sonorum
1095 2272 1250 2331 intervalla
1269 2272 1368 2349 plures
1398 2282 1466 2332 sunt
1482 2283 1597 2347 metae,

245 2374 266 2418 n
286 2364 313 2418 in
337 2362 417 2421 solis
439 2360 485 2419 bis
508 2362 594 2421 metis
617 2369 660 2418 est
683 2361 757 2417 ratio
788 2358 855 2415 binc
877 2360 1150 2433 consonantiarum,
1179 2359 1246 2417 inde
1273 2368 1460 2436 aspectuum
1492 2363 1589 2420 abiis

245 2452 318 2507 metis
341 2452 367 2505 si
393 2448 445 2507 vel
466 2466 569 2523 parum
591 2446 778 2521 digrediaris,
810 2445 872 2519 jaun
893 2448 991 2504 statim
1014 2448 1102 2520 periit
1124 2449 1198 2505 rutio
1230 2450 1258 2504 in
1281 2446 1419 2506 solidum.
1465 2446 1504 2507 Ut
1526 2451 1589 2524 pri·

243 2554 311 2593 mum
334 2538 418 2593 enirn
443 2534 504 2606 Sol,
527 2534 611 2593 serbi
633 2550 731 2604 musa,
755 2532 872 2591 Saturni
896 2532 1072 2608 quadratum
1094 2536 1252 2609 superavit,
1273 2535 1335 2609 jem
1355 2537 1450 2593 omnis
1467 2544 1589 2594 naturae

244 2622 438 2681 exstimulatio
462 2621 606 2679 deferbuit
628 2630 781 2694 cessatque
802 2636 855 2693 per
876 2621 996 2695 triginta
1017 2620 1081 2678 dies
1098 2630 1176 2679 totos
1200 2615 1314 2701 (quoad
1330 2621 1447 2683 Saturni
1472 2622 1590 2698 quidem

244 2719 267 2766 et
286 2710 363 2767 Solis
388 2705 504 2789 radios)
528 2726 658 2783 eousque
680 2707 749 2765 dum
771 2706 823 2766 Sbl
845 2705 883 2764 ad
907 2710 1012 2765 trinum
1028 2708 1147 2766 Saturni
1170 2710 1297 2782 venerit,
1320 2718 1390 2768 tunc
1413 2712 1516 2769 iterum
1539 2712 1587 2766 in·

249 2800 365 2855 citantur
388 2804 580 2872 tempestates
601 2800 687 2855 unico
711 2794 767 2853 die
781 2803 955 2867 cessantque
978 2797 1097 2867 iterum,
1122 2794 1170 2853 lllo
1195 2798 1374 2856 transmisso.
1419 2796 1508 2855 Tales
1531 2814 1590 2855 uon

249 2895 305 2941 sunt
325 2886 522 2943 alterationes
545 2898 711 2957 corporum,
744 2891 776 2939 ut
798 2897 874 2955 quse
902 2890 1017 2957 tempus
1039 2898 1125 2941 omne
1157 2883 1194 2941 ab
1217 2884 1302 2940 initio
1330 2884 1369 2943 sd
1391 2884 1477 2943 finem
1498 2888 1590 2943 'occu-

250 2980 317 3045 paut,
340 2988 495 3047 nunquam
518 2972 751 3039 intermittentes,
776 2968 828 3027 sed
851 2984 917 3025 cum
933 2976 1092 3043 augmento
1107 2986 1214 3029 causae
1228 2987 1351 3045 cumque
1366 2978 1496 3047 tempore
1512 2988 1591 3029 cres-

252 3068 348 3131 centes,
375 3062 541 3133 iterumque
563 3057 707 3115 diminuta
728 3054 780 3113 illa
802 3057 989 3114 remittentes.
1036 3054 1101 3115 Uno
1123 3056 1223 3130 verbo,
1246 3060 1323 3117 sicut
1345 3074 1377 3117 sc
1400 3058 1490 3117 babet
1513 3059 1591 3117 linea
1700 3040 1705 3055 ⁸

253 3144 281 3202 sd
303 3162 468 3218 numerum,
490 3147 535 3205 sio
555 3144 646 3220 vulgo
669 3151 758 3201 notae
781 3159 937 3217 corporeae
960 3145 1170 3203 commotiones
1196 3161 1227 3201 se
1250 3144 1360 3203 hubent
1382 3146 1418 3203 ad
1443 3146 1496 3203 lros
1520 3163 1592 3205 con-

250 3232 453 3306 figurationum
472 3232 616 3291 stimulos.
661 3227 744 3305 Quae
766 3232 791 3287 ni
813 3232 879 3305 quis
902 3229 1056 3307 diligenter
1078 3231 1245 3307 perpendit,
1268 3232 1350 3291 nulla
1373 3234 1397 3291 is
1420 3232 1592 3293 difficultate

251 3336 336 3377 secum
359 3319 538 3380 concludere
560 3320 676 3395 poterit,
701 3326 733 3377 ut
755 3334 921 3389 numerum,
943 3320 986 3376 sic
1008 3318 1063 3376 has
1086 3310 1203 3394 quoque
1227 3322 1436 3379 commotiones
1459 3338 1592 3381 momen·

252 3416 351 3480 uncas,
375 3408 418 3466 ab
441 3415 570 3483 aspectu,
593 3406 714 3465 rationis
738 3413 812 3476 ente,
835 3406 990 3479 prolectss,
1014 3422 1073 3464 non
1097 3408 1226 3483 corporis
1249 3424 1321 3477 esse,
1345 3407 1397 3466 sed
1422 3410 1593 3466 animalium

252 3492 426 3568 lscaltatum,
449 3496 577 3553 animam
599 3495 701 3568 itaque
722 3508 788 3551 ease
810 3500 953 3567 oportere,
982 3508 1058 3567 quee
1080 3494 1118 3551 ab
1142 3502 1264 3569 aspectu
1287 3494 1438 3555 admonita
1460 3504 1489 3554 et
1512 3496 1593 3555 velut

253 3584 367 3641 excitata
391 3584 470 3641 cieat
491 3588 674 3641 meteone-et
695 3586 891 3655 tempestates.
1066 3646 1068 3651 ,
1380 3646 1384 3655 1

327 3668 415 3742 Quae
439 3686 509 3727 rero
532 3676 584 3727 aut
606 3666 770 3742 cujusmodi
792 3666 865 3725 baec
888 3674 966 3725 esset
987 3668 1095 3738 anime,
1118 3669 1302 3741 potissimum
1325 3669 1363 3727 eb
1387 3670 1450 3745 ejus
1472 3669 1541 3729 sede
1564 3672 1592 3727 in
1683 3730 1686 3737 ,

256 3755 349 3814 nando
373 3755 515 3831 colligere
537 3757 630 3831 potui.
676 3753 749 3811 Cum
771 3755 849 3811 enim
870 3761 1023 3828 aspectus,
1052 3753 1090 3811 ad
1113 3772 1188 3828 quos
1216 3765 1371 3815 morentur
1393 3764 1593 3832 tempestales,

256 3844 301 3899 siut
321 3844 427 3918 anguli
449 3845 569 3901 duorum
591 3842 749 3913 radiorum,
774 3858 832 3897 non
854 3843 889 3912 ii,
913 3842 1016 3915 quiin
1037 3856 1097 3898 uno
1121 3840 1167 3898 vel
1192 3841 1283 3901 altero
1312 3860 1343 3899 se
1366 3852 1467 3902 mutuo
1491 3844 1593 3919 adspi-

257 3932 381 3989 cientium
403 3930 597 4007 plsneumrn,
619 3946 677 3987 nou
699 3930 749 4003 qni
773 3930 809 3984 in·
824 3926 903 4011 Sele,
926 3929 1099 4002 quantitatis
1114 3926 1283 4002 longissime
1298 3928 1442 4002 diversae,
1466 3929 1517 3989 sed
1542 3934 1592 4007 qui

256 4014 292 4073 bic
312 4020 339 4074 in
363 4018 457 4076 Terre
478 4019 652 4086 formantur,
675 4012 769 4090 neque
792 4014 929 4089 planetae
945 4017 1000 4088 ipsi
1017 4015 1147 4073 habeant
1163 4018 1295 4073 notitiem
1311 4018 1493 4092 angulorum,
1518 4034 1593 4093 quos

258 4100 357 4163 illomm
381 4104 458 4163 rudii
488 4105 536 4163 bic
558 4106 595 4161 in
617 4103 707 4161 Terra
729 4105 865 4173 l'ormant,
895 4103 951 4160 nisi
974 4100 1042 4159 illos
1064 4108 1247 4160 astronomos
1276 4104 1436 4165 laciemnss
1462 4107 1593 4179 sequitur

260 4190 348 4261 igitur,
373 4200 408 4249 ut
429 4194 542 4263 anime,
566 4208 643 4266 quas
665 4188 702 4247 ed
725 4192 935 4267 praescriptum
958 4196 1130 4265 aspectuum
1153 4192 1341 4264 cietee'rem,
1374 4191 1422 4250 bic
1444 4193 1473 4248 in
1497 4190 1594 4251 Terris

260 4276 295 4333 sit.
337 4280 472 4354 Cumque
495 4277 540 4336 ris
564 4278 624 4349 ille,
648 4278 789 4335 comitans
812 4287 964 4354 aspectus,
991 4294 1044 4351 per
1066 4280 1159 4333 totum
1182 4278 1281 4335 orbem
1305 4277 1458 4339 Terrarum
1481 4281 1593 4338 sentin·

260 4369 307 4433 tur,
327 4368 427 4425 anima
448 4364 503 4427 illa
524 4381 618 4441 aeque
648 4364 707 4423 late
730 4364 795 4421 susa
818 4366 887 4437 erit3
918 4373 947 4422 et
977 4381 1044 4423 cum
1067 4366 1190 4422 materia
1219 4364 1395 4441 pluviarum,
1429 4376 1591 4440 ventorum,

261 4451 433 4524 nebularum,
465 4455 642 4524 tonitruum,
677 4451 874 4523 chasmatnm,
906 4468 982 4526 quae
1004 4459 1136 4528 tempore
1159 4463 1330 4527 aspectuum
1355 4455 1524 4526 eliciuntur,
1556 4456 1595 4513 sit

263 4552 340 4611 sapor
361 4540 498 4599 humidus
523 4539 569 4599 vel
592 4541 720 4614 spiritus,
744 4538 821 4595 alius
842 4540 938 4599 siccus
960 4546 990 4597 et
1010 4541 1124 4612 igneus,
1158 4556 1193 4597 cx
1208 4538 1299 4598 Terra
1321 4542 1464 4601 ebulliens
1488 4550 1522 4599 et
1541 4558 1594 4600 ex·

263 4619 350 4684 balans
372 4632 452 4695 inam
475 4644 527 4687 cur
548 4627 596 4685 hic
616 4627 713 4685 solum
736 4626 923 4683 Aristotelem
953 4624 1056 4684 audiet
1078 4624 1286 4702 philosophus,
1315 4638 1413 4707 spreto
1437 4628 1594 4704 Redolpho

265 4710 393 4787 lenonia,
414 4716 475 4773 imo
497 4713 633 4788 agricolis
656 4713 790 4771 omnibus
813 4715 933 4788 suisque
956 4714 1031 4771 adeo
1054 4715 1180 4788 propriis
1195 4716 1352 4774 sensibus?
1375 4734 1440 4774 curn
1464 4715 1595 4791 quotidie

266 4797 356 4873 rideat,
379 4802 581 4875 ingruentibus
603 4799 713 4876 pluuiis
736 4802 877 4859 montium
899 4803 1051 4859 cacumina
1073 4800 1245 4859 nebularum
1276 4805 1333 4861 rim
1357 4820 1494 4879 megnnm
1521 4818 1596 4861 ero-

266 4888 352 4963 uere),
374 4892 429 4948 erit
450 4890 538 4963 igitur
560 4890 658 4947 anima
679 4890 737 4946 ista
759 4904 817 4945 non
839 4889 869 4944 in
892 4888 1045 4962 superficie
1065 4888 1267 4947 tantummodo
1281 4889 1416 4965 Telluris,
1430 4890 1492 4949 sed
1516 4891 1594 4952 inlus

267 4972 339 5031 eliam
359 4976 387 5032 iu
409 4977 543 5035 sasernis
565 4976 774 5047 subterraneis,
798 4977 833 5035 in,
849 4975 1002 5033 meatibus
1017 4976 1176 5049 montium
1209 4974 1333 5051 denique
1357 4978 1465 5038 Terrae
1480 4977 1594 5057 ¹globus

268 5055 313 5116 isle
332 5078 431 5138 corpus
455 5064 518 5135 erit,
541 5062 629 5137 quale
644 5074 697 5122 est
718 5061 843 5136 alicujus
865 5062 1011 5134 animalis,
1036 5061 1174 5138 quodque
1197 5064 1316 5125 animali
1340 5072 1385 5125 est
1406 5082 1461 5123 sue
1483 5067 1591 5139 anima,

269 5140 313 5203 bno
332 5151 381 5209 erit
401 5148 513 5209 Telluri
534 5148 619 5224 baec,
642 5166 731 5227 quam
753 5152 934 5225 quaerimus,
956 5158 1064 5209 natura
1084 5149 1267 5228 sublunaris,
1288 5168 1365 5227 quse
1388 5153 1425 5214 ed
1448 5167 1592 5228 praesen·

271 5230 326 5291 liam
346 5244 513 5315 aspectuum
535 5244 635 5299 moret
656 5244 856 5315 tempestates.
