4242 6384
749 814 834 871 metr
850 788 1068 885 ruccone
1520 818 1581 879 ara

239 998 300 1056 beia
320 997 445 1071 lamina,
478 998 526 1056 oui
556 1012 662 1055 nomen
690 1001 736 1055 ert
762 994 911 1055 residuum
935 946 1000 1076 (sel
1021 1001 1081 1054 tres
1113 1000 1236 1071 quanae
1258 989 1374 1077 circuli)
1395 992 1498 1069 juncta
1521 981 1605 1053 erat¹

242 1087 358 1160 patricio
382 1087 472 1160 (parti
497 1102 537 1143 ec.
562 1092 686 1160 ecanae
708 1079 842 1165 circuli),
866 1084 951 1159 eujus
972 1082 1113 1142 nobilitas
1136 1084 1165 1139 in
1187 1084 1347 1157 geometria
1369 1090 1413 1141 ast
1436 1098 1471 1141 ex
1492 1088 1583 1139 tetra-

240 1188 316 1247 gono.
360 1172 440 1229 Nam
472 1187 509 1229 ex
532 1170 588 1231 bec
617 1180 710 1230 matre
741 1165 852 1252 (tribus
880 1165 1009 1252 quartis)
1031 1188 1084 1246 per
1106 1163 1323 1245 generationem
1352 1164 1492 1227 musicam
1516 1162 1583 1249 (per

240 1259 412 1317 additionem
442 1262 531 1316 unitis
553 1256 711 1337 diapason)
737 1266 809 1317 nata
831 1266 876 1317 eet
904 1274 987 1335 pers,
1019 1266 1078 1317 tres
1102 1264 1240 1329 octavae,
1270 1259 1331 1329 cni,
1365 1256 1449 1315 salvo
1471 1254 1582 1317 nonore

239 1348 389 1417 senatorio,
412 1345 483 1405 licet
502 1346 565 1421 jam
588 1346 695 1404 ducere
711 1344 800 1405 aliam
822 1344 979 1421 plebeiam,
1002 1347 1049 1403 cui
1070 1360 1179 1403 nornen
1192 1346 1320 1421 quinque
1342 1336 1476 1417 octenae,
1500 1343 1583 1418 cujus
1664 1372 1670 1381 ·

240 1445 308 1492 ortus
332 1432 441 1492 eadem
464 1442 512 1491 est
533 1432 678 1511 conditio,
708 1448 779 1491 narn
800 1441 895 1491 mater
916 1432 960 1491 illi
983 1448 1100 1507 quoque
1131 1426 1294 1505 residuum,
1320 1432 1437 1499 ¹scilicet
1460 1437 1584 1506 quatuor

240 1523 415 1596 quintarum,
448 1530 534 1596 pater
558 1523 716 1597 patricius,
751 1536 810 1578 nna
839 1523 956 1595 quinta,
990 1520 1075 1595 cnjus
1106 1519 1245 1577 nobilitas
1277 1522 1452 1593 geometrica
1481 1524 1582 1577 estex

241 1609 463 1685 quinquangulo.
488 1608 671 1667 Duodecimn
693 1624 763 1667 vcro
775 1607 876 1665 circuli
897 1624 975 1683 pars,
999 1608 1054 1666 etei
1075 1607 1124 1683 J'us
1148 1608 1274 1665 civitatis
1299 1606 1387 1665 babet
1409 1608 1438 1663 in
1461 1607 1581 1677 musica,

241 1714 291 1755 etun
313 1697 383 1771 ejus
416 1698 557 1755 subtecsa
586 1697 625 1753 eit
657 1698 687 1752 in
716 1697 877 1771 geometria
907 1696 1083 1771 praecipuae
1114 1692 1288 1771 nobilitatis,
1319 1702 1378 1752 iam
1401 1708 1463 1760 sua,
1478 1695 1582 1751 virtute

243 1793 326 1857 panae
359 1779 419 1863 (ob
448 1778 684 1863 congruentiam)
715 1800 803 1857 qoam
834 1800 853 1840 a
882 1782 1051 1859 parentibus
1085 1788 1226 1856 acceptae
1254 1777 1337 1861 (sunt
1368 1784 1444 1840 enim
1471 1780 1581 1855 figurae

244 1870 339 1928 nobiles
361 1871 559 1945 sexangulum
583 1878 612 1929 et
634 1869 825 1944 triangulum,
854 1883 890 1928 ex
913 1886 1036 1944 quarum
1058 1867 1182 1927 laterum
1205 1868 1402 1945 duplicatione
1425 1874 1469 1926 eet
1492 1866 1583 1925 dode·

243 1975 371 2033 agonen,
390 1960 600 2034 ·praeatantior
625 1957 686 2015 iliis
707 1957 746 2015 ob
768 1973 866 2015 aream
889 1953 1055 2035 affabilem),
1080 1963 1110 2015 at
1134 1958 1203 2031 quie
1225 1955 1300 2015 baec
1321 1966 1389 2031 part
1412 1951 1584 2015 duodecimo

243 2062 348 2103 morem
371 2045 480 2117 habet,
503 2044 639 2103 undecim
663 2042 900 2108 duodecimarum
922 2043 1088 2115 residuum,
1112 2058 1190 2117 quae
1213 2045 1242 2099 in
1266 2046 1378 2102 musica
1399 2042 1533 2118 adeoque
1554 2048 1584 2101 et

242 2136 262 2187 in
280 2134 445 2207 geometria
467 2134 639 2208 peregrinae
662 2140 708 2190 ert
722 2133 852 2207 originis,
877 2148 970 2207 genos
992 2130 1031 2190 ad
1046 2128 1282 2205 undecaugulum
1304 2131 1440 2201 relerens,
1462 2129 1582 2206 liguram

243 2238 286 2276 non
313 2210 592 2291 demonstrabilem,
627 2235 722 2295 acque
751 2220 879 2298 civitatis
909 2218 959 2293 jue
985 2218 1109 2293 adipisci
1131 2234 1189 2277 non
1218 2224 1332 2294 polest:
1363 2218 1476 2277 nullum
1498 2219 1584 2291 igitur

242 2308 346 2364 uanius
370 2308 404 2364 in
427 2308 539 2365 musica
567 2307 616 2381 jus
643 2306 734 2365 babet
755 2301 981 2382 septemviratus
1015 2304 1053 2364 ad
1076 2304 1310 2365 constituendum
1331 2322 1483 2365 numerum
1507 2304 1584 2363 divi-

243 2398 341 2451 sionum
363 2393 569 2453 monochordi.
615 2393 724 2452 Contra
746 2396 776 2451 in
798 2393 1088 2468 meteorologiamos
1111 2400 1156 2452 est
1179 2392 1264 2451 aliua.
1309 2392 1384 2451 Nam
1406 2394 1584 2469 utquisque

243 2484 292 2554 ipse
312 2483 427 2541 nobilia
450 2498 503 2539 seu
526 2489 591 2539 ortu
613 2489 666 2540 seir
680 2478 792 2538 meritis
808 2477 989 2563 (scibilitata
1003 2478 1044 2539 s'c.
1059 2486 1112 2539 aut
1127 2474 1343 2560 congruentia),
1367 2482 1409 2538 ita
1429 2480 1584 2555 plurimum

245 2568 309 2627 salet
329 2570 518 2639 auctoritate,
541 2568 646 2643 reliqui
668 2566 796 2626 volitant
817 2567 900 2627 velut
919 2568 1055 2642 umbrae;
1079 2567 1250 2626 laminarum
1265 2568 1341 2626 ratio
1356 2566 1478 2636 habetur
1492 2566 1581 2625 nulla.

244 2654 287 2713 llic
305 2659 396 2731 igitur
420 2655 515 2714 cctilis
529 2654 578 2714 vel
594 2654 770 2730 sesquadrus
793 2663 823 2714 et
845 2654 1025 2731 sequadrus,
1058 2646 1229 2729 posthabito
1252 2670 1305 2712 suo
1325 2654 1390 2730 jure
1412 2657 1441 2711 in
1465 2657 1582 2726 musica,

245 2745 300 2816 qnia
320 2746 480 2802 subtantias
502 2742 614 2801 habent
635 2742 797 2816 ignobiles,
828 2751 897 2801 sunt
919 2742 955 2801 de
976 2741 1104 2818 populo,
1139 2742 1222 2817 cujus
1245 2748 1376 2816 potestas
1400 2741 1502 2815 nulla,
1527 2743 1582 2799 nisi

245 2848 284 2902 per
302 2832 469 2889 absentiam
493 2832 725 2904 magistratuum,
748 2838 870 2905 urgente
892 2830 969 2888 mola
991 2832 1185 2904 negotiorum.
1230 2826 1296 2887 Hoc
1318 2836 1372 2901 ort,
1397 2832 1421 2887 si
1443 2828 1493 2887 din
1512 2826 1583 2887 nulli

247 2926 326 2975 ceant
347 2926 489 2995 aspectos
511 2919 648 2994 primarii,
673 2918 802 2976 iacerent
823 2919 955 2976 fortassis
977 2912 1090 2992 aliquid
1113 2918 1201 2977 etiam
1223 2914 1254 2973 lii
1277 2922 1427 2992 aspectus,
1451 2932 1583 2993 praeser-

248 3005 285 3060 tin
304 3006 326 3063 si
349 3005 445 3063 Terra
466 3004 589 3063 bumore
609 3004 698 3081 mana
720 3005 773 3077 sit,
808 3020 866 3079 quc
890 3022 959 3063 casu
983 3021 1014 3062 ee
1045 3005 1140 3079 ipsam
1163 3012 1301 3061 exonerat
1324 3003 1499 3079 quandoque
1521 3005 1582 3062 sine

248 3094 308 3149 unu
329 3092 596 3167 configurationum
618 3090 747 3150 stimulo.
795 3091 834 3149 At
856 3093 926 3167 qnia
946 3091 1119 3167 plerumque
1141 3097 1259 3167 praesto
1281 3098 1350 3149 sunt
1370 3092 1507 3173 primarii,
1529 3108 1584 3149 na·

250 3191 298 3235 nrm
324 3180 494 3237 srrblunarie
532 3180 571 3237 ab
603 3180 639 3236 iis
675 3179 799 3254 fatigata
834 3194 892 3236 non
930 3181 1018 3237 sentit
1048 3178 1183 3237 stimulos
1210 3177 1265 3236 lros
1295 3180 1428 3238 minores
1474 3176 1583 3237 Docilis

249 3282 302 3322 sero
323 3277 352 3326 et
374 3264 535 3339 tridecilis,
565 3282 603 3324 ex
624 3266 730 3324 illustri
754 3264 872 3341 quidem
895 3274 963 3325 snut
985 3266 1113 3345 familia,
1143 3264 1295 3324 divisionis
1318 3266 1417 3326 circuli
1440 3266 1583 3337 denariae,

250 3368 308 3424 quae
328 3358 422 3413 utitur
445 3354 632 3429 proportione
648 3352 757 3424 divina,
781 3370 874 3427 genus
890 3361 994 3412 -tarneu
1018 3369 1104 3413 suom
1128 3354 1211 3413 iactis
1228 3368 1288 3412 oon
1302 3352 1483 3413 illustrarunt
1504 3354 1584 3433 (qnia

250 3438 376 3498 insolide
401 3457 460 3498 non
484 3439 650 3499 omnimode
665 3438 848 3518 congruunt),
871 3460 926 3500 nec
949 3443 1048 3517 capita
1061 3448 1130 3500 sunt
1144 3440 1281 3513 familiae,
1306 3448 1335 3501 et
1357 3443 1382 3500 ei
1406 3442 1476 3518 quid
1498 3436 1584 3501 etiam

252 3536 353 3596 poscunt
376 3524 591 3608 (congruentes
613 3528 799 3603 aliquatenus
822 3531 851 3584 in
873 3529 1136 3604 plano'etiamquo
1168 3546 1233 3587 cum
1256 3526 1323 3587 aliis
1345 3530 1375 3586 in
1398 3524 1524 3611 solido),
1555 3528 1584 3587 id

252 3631 318 3671 ‹cune
339 3617 516 3691 praeripitur
537 3616 609 3690 ipsis
641 3616 679 3674 ab
703 3616 894 3697 optimatibus
924 3634 960 3675 ex
982 3615 1047 3673 aliis
1070 3615 1204 3689 lamiliia,
1234 3622 1286 3681 aut
1308 3608 1464 3676 offuscetur
1486 3634 1585 3676 eorum

254 3701 326 3759 ulcria
347 3700 504 3778 splendore
528 3702 640 3776 majori.
673 3702 797 3761 Nomai
820 3711 925 3761 natura
946 3720 999 3777 per
1022 3710 1172 3779 aspectum
1197 3698 1264 3760 30⁰
1280 3706 1351 3763 satis
1373 3704 1428 3762 tuit
1451 3706 1584 3772 exercita,

253 3784 322 3845 'lena
343 3791 418 3848 satis
440 3806 492 3865 per
515 3788 596 3846 ilium
620 3788 781 3854 exhaustis.
804 3808 908 3865 parum
931 3790 1104 3865 relinquitur
1126 3791 1257 3866 aspectui
1280 3793 1378 3850 vicino
1402 3788 1468 3851 36⁰
1492 3792 1585 3850 imbe-

255 3874 352 3947 cilliori,
384 3875 465 3951 quod
499 3886 643 3951 operetur.
699 3876 865 3936 Semieexto
898 3877 1025 3952 deniqne
1057 3874 1132 3935 30⁰
1164 3876 1302 3936 nobilitas
1334 3887 1378 3937 est
1410 3877 1585 3955 praecellent

255 3976 278 4014 cr
298 3962 494 4039 dodeeagono,
517 3972 547 4022 et
569 3962 664 4022 scibili
689 3970 860 4040 etcongruo
884 3966 998 4037 eximie,
1021 3981 1076 4023 nec
1092 3964 1268 4022 connubium
1291 3967 1483 4041 peregrinum,
1508 3964 1586 4040 quod

255 4048 274 4101 in
291 4053 398 4109 musica
420 4059 638 4127 praestruxerat
662 4050 704 4107 illi
728 4051 839 4110 aditum
863 4052 900 4108 ed
915 4051 1052 4122 honores,
1076 4054 1106 4108 in
1129 4050 1339 4127 meteorologia
1364 4052 1512 4112 ullatenus
1532 4053 1586 4110 ob·
1645 4070 1648 4075 ·

256 4143 305 4193 sut
347 4138 420 4197 Post
443 4137 520 4196 hunc
543 4136 765 4212 dodeeagonum
788 4155 865 4214 quae
889 4146 1051 4213 sequuntur
1073 4137 1194 4213 figurae,
1218 4146 1277 4195 tarn
1301 4141 1330 4195 in
1353 4140 1445 4197 tribus
1468 4141 1591 4219 secretis¹

257 4219 595 4299 iunriiiis„tetrngonica,
628 4227 788 4300 trigonioa,
821 4228 1030 4301 peritugcnica,
1067 4243 1155 4301 quam
1182 4227 1211 4283 in
1239 4226 1586 4301 mixturaqulndenarin,

258 4319 436 4387 praeterquam
471 4310 550 4387 quod
579 4328 680 4371 omnes
705 4313 768 4387 jam
798 4320 867 4373 sunt
894 4313 1058 4372 nobilitatis
1087 4313 1248 4385 inferioris,
1281 4312 1363 4373 nulla
1392 4316 1477 4372 etiarn
1501 4314 1586 4389 plane

258 4391 345 4456 haberit
367 4400 471 4457 merita
492 4400 611 4474 propria
628 4398 876 4477 (congruentiae);
900 4401 1000 4477 itaque
1015 4400 1081 4476 lege
1099 4402 1227 4459 civitatis
1243 4399 1406 4459 inviolabili
1430 4402 1587 4459 honoribus

261 4486 280 4535 ti
296 4494 432 4557 potestate
456 4485 650 4545 constituendi
675 4496 810 4561 aspectus
833 4496 975 4547 arcentur.

324 4572 363 4630 llx
378 4573 425 4631 bis
441 4580 564 4649 apparet
586 4573 625 4645 id,
649 4574 727 4649 quod
744 4576 772 4631 in
787 4567 1004 4650 prolegomenis
1021 4572 1245 4651 Ephenreridunt
1262 4572 1331 4647 dixi,
1355 4578 1389 4633 in
1411 4582 1585 4649 aspectuum

262 4661 443 4721 anomacus
465 4662 566 4718 colere
588 4674 697 4719 cousus
712 4661 846 4720 diversae
861 4681 1028 4738 eorumque
1042 4678 1238 4736 concursum,
1262 4668 1290 4720 ei
1310 4668 1459 4720 naturum
1482 4662 1588 4721 dobere

262 4739 375 4805 dilidam
397 4764 513 4820 eorum,
538 4751 592 4821 qui
612 4740 753 4823 pluribus
767 4756 839 4807 eunt
859 4752 1000 4808 turbasti
1011 4752 1237 4825 praerogativis
1243 4794 1252 4827 ,
1276 4756 1304 4807 et
1317 4752 1470 4808 eemiecsto
1493 4766 1587 4824 quoc-

264 4824 316 4886 tlcu
336 4834 411 4905 ,iuro
441 4852 500 4892 aree
528 4838 704 4893 communio
734 4853 804 4893 cum
832 4836 1003 4911 quadrato,
1042 4838 1178 4894 nimirum
1214 4834 1413 4895 affabilitatem
1443 4852 1528 4895 areae
1558 4837 1585 4893 in

265 4911 347 4991 fiiinu
368 4920 520 4996 quostiam
543 4923 745 4996 tremescenti,
781 4940 821 4984 sc,
844 4923 1032 4983 multifariam
1056 4924 1274 4999 congruentiam
1296 4926 1326 4981 iu
1349 4922 1455 4999 plan03
1479 4924 1588 4999 quibua

264 4999 350 5097 buda
368 5011 462 5083 copiis
483 5008 896 5084 semicoctas-quodammodo
915 5015 1069 5085 potentior
1089 5010 1190 5070 evodii
1211 5012 1275 5087 ipro
1297 5000 1412 5087 cauti,
1443 5018 1586 5085 quatenus

267 5092 370 5151 iiinirnm
393 5097 491 5172 potior
515 5103 559 5154 eet
581 5095 818 5170 dodecagonicae
851 5114 937 5157 areae
960 5100 1117 5159 eilabiiitas
1140 5097 1310 5157 affabilitate
1334 5098 1432 5155 lateris
1455 5098 1586 5173 hexago-

267 5173 314 5247 nici,
332 5184 395 5254 quia
418 5182 498 5241 illam
519 5184 653 5259 sequitur
676 5184 828 5260 perfectior
861 5187 891 5242 in
913 5185 1004 5261 plano
1027 5186 1225 5261 congruentia.
1271 5186 1335 5245 Etsi
1358 5184 1414 5244 boc
1435 5184 1510 5245 libro
1533 5184 1586 5243 IV.

270 5266 422 5329 nummum
445 5286 502 5346 ego
523 5272 608 5347 sequi
627 5271 705 5346 jussi
725 5272 868 5347 sextilem,
890 5272 944 5334 sed
966 5273 1070 5335 eodem
1092 5278 1121 5333 in
1143 5270 1247 5351 gradu.
1320 5346 1325 5366 ἱ
