4242 6384
749 830 998 893 Demonstratione.
1031 831 1115 891 liner
1131 833 1153 893 1.
1330 812 1334 823 ’
1584 836 1624 898 93

361 1014 588 1094 Propterlruuc
607 1030 779 1077 concmsam
800 1016 939 1076 sectionis
967 996 1193 1092 proportionalis
1222 1010 1415 1101 circationis
1443 1012 1566 1071 mironis
1591 1013 1624 1071 in

276 1121 330 1163 sua
353 1104 501 1165 elementa
523 1102 610 1165 credo
644 1102 738 1165 indita
759 1102 849 1165 icisse
871 1102 918 1163 his
939 1102 1098 1181 speciebus⁸
1116 1102 1235 1161 nomina
1257 1098 1432 1177 qualitative
1453 1102 1575 1160 miconis
1598 1106 1627 1160 at

277 1192 427 1251 emmonis
475 1241 479 1250 .
677 1205 682 1217 ’
883 1236 887 1243 ,
1012 1202 1015 1213 ·

360 1276 533 1341 Cauendum
556 1286 656 1339 eutem
680 1278 729 1338 lrio
758 1284 803 1339 est
825 1264 991 1353 diligenter,
1021 1293 1059 1336 ne
1089 1276 1256 1337 discrimina
1277 1291 1370 1334 rerum
1394 1272 1623 1351 confundamus3
1732 1350 1735 1359 y

276 1369 366 1427 motio
386 1367 617 1445 proportionalis
647 1359 692 1427 es't
720 1365 858 1427 absoluta
878 1366 1044 1441 proportio,
1076 1377 1134 1423 uon
1161 1362 1284 1439 alligata
1311 1362 1348 1421 ad
1377 1378 1465 1421 uuam
1495 1363 1625 1439 aliquam

276 1456 397 1529 ineam,
420 1458 452 1513 in
474 1456 578 1515 nodfie
599 1456 837 1533 primam,‚quee
859 1440 1011 1529 proposita
1033 1452 1158 1512 effabilis
1181 1451 1300 1511 dicitur:
1324 1452 1437 1527 species
1460 1468 1528 1510 vero
1552 1453 1626 1511 istae

276 1545 397 1602 mironis
419 1552 452 1603 ct
474 1542 618 1603 classonis
645 1548 714 1602 suut
741 1540 884 1618 figuratae
914 1540 1161 1617 certis,gradibus
1184 1539 1371 1619 discessionis
1399 1554 1471 1599 suae
1493 1556 1512 1597 e
1533 1538 1627 1615 prima

275 1634 428 1706 proposita
450 1628 569 1691 effabili.
614 1628 719 1707 Itaque
746 1630 838 1701 sectio
865 1626 967 1685 diviua
988 1628 1172 1705 progreditur
1194 1630 1224 1687 iu
1245 1626 1407 1701 inlinitum,
1441 1632 1473 1685 at
1494 1642 1552 1685 nou
1575 1642 1625 1687 ss·

276 1720 371 1793 quitur
394 1735 464 1777 eam
485 1718 602 1778 allectio
625 1718 748 1780 mironis
771 1724 801 1777 et
822 1714 979 1776 elessonis:
1011 1716 1041 1773 in
1064 1714 1116 1775 illa
1139 1711 1302 1797 (sectione)
1325 1730 1406 1791 pare,
1440 1728 1515 1791 quae
1538 1712 1625 1773 modo

277 1806 367 1880 major
391 1813 467 1881 erat,
489 1808 624 1882 proximo
647 1804 741 1883 pedu
762 1803 796 1863 iit
816 1804 926 1878 minor,
953 1800 989 1859 in
1010 1802 1068 1863 hac
1087 1802 1205 1865 alasson
1230 1802 1372 1879 qualitate
1394 1818 1449 1861 sua
1477 1818 1627 1879 nimquam

276 1892 415 1970 nulloque
443 1901 580 1970 respectu
602 1892 635 1951 iit
655 1894 773 1966 miron,
804 1908 859 1953 nec
880 1892 978 1949 miton
1000 1890 1127 1949 classen.
1172 1890 1277 1967 Itaque
1298 1893 1325 1949 si
1338 1887 1409 1950 ΙΘΧ
1430 1890 1526 1959 micon
1549 1889 1627 1948 divi·-

277 1978 358 2039 datur
379 1997 499 2040 rursum
524 1978 804 2058 proportionaliter,
824 1989 898 2057 pers
923 1977 987 2053 ejus
1009 1978 1104 2055 maior
1135 1980 1189 2037 erit
1204 1966 1343 2055 'aequalis
1371 1977 1427 2053 ipsi
1449 1975 1510 2057 PG,
1533 1992 1626 2054 eoque

278 2067 389 2128 elmon
413 2068 549 2129 mauebit
570 2068 764 2145 qualitativ03
786 2067 904 2143 usquaq
925 2084 975 2125 am
996 2082 1067 2127 vero
1083 2064 1185 2125 'miron
1201 2065 1345 2142 qualitate
1367 2065 1426 2140 liet,
1449 2072 1482 2127 ut
1504 2064 1537 2125 iit
1557 2080 1626 2142 pars

277 2156 366 2233 major
388 2158 573 2232 quantitate,
596 2155 737 2231 quamdiu
759 2154 878 2230 quidam
900 2084 958 2213 {A
980 2160 1026 2213 cst
1046 2153 1173 2213 effabilis
1194 2156 1354 2231 proposita.
1382 2218 1384 2223 .
1679 2162 1684 2177 ¹

359 2242 500 2319 Quaeris,
521 2246 548 2302 si
569 2244 667 2303 mizon
682 2245 724 2302 sit
732 2240 822 2301 PGX
844 2240 996 2317 qualitate,
1018 2243 1115 2301 mizon
1139 2242 1228 2301 etism
1243 2240 1305 2301 ΘΧ
1327 2240 1479 2317 qualitate,
1503 2256 1554 2300 eur
1567 2255 1626 2299 non

277 2332 362 2391 aiarn
384 2334 482 2409 ipalus
497 2329 559 2390 ΘΧ
581 2319 757 2391 elementum
776 2329 873 2404 maius
895 2331 990 2406 possit
1011 2346 1077 2390 esse
1099 2327 1199 2407 aliqua
1213 2330 1319 2402 miron,
1342 2328 1418 2409 sicut
1432 2329 1524 2405 ipsius
1538 2326 1626 2387 ΡΘΧ

277 2420 397 2478 muenis
418 2419 518 2495 majus
541 2417 716 2479 elementum
736 2424 800 2479 seat
821 2415 898 2488 ΘΧ,
932 2418 1030 2480 mizon
1059 2424 1090 2477 et
1120 2416 1206 2493 ipsa‘l
1243 2415 1329 2491 ¹Quia
1359 2418 1414 2478 etsi
1436 2424 1563 2493 utroquo
1583 2423 1645 2491 estv

278 2510 386 2583 maon,
410 2515 474 2565 tam
496 2505 585 2567 ΡΘΧ
607 2524 695 2583 quem
718 2503 794 2580 ΘΧ,
822 2505 883 2564 ulia
897 2512 995 2563 temen
1010 2503 1083 2578 illic,
1107 2504 1226 2563 alialric
1246 2512 1291 2563 est
1313 2504 1457 2563 iormatio.
1501 2502 1578 2562 Nam
1597 2505 1631 2561 in

279 2597 463 2669 quadratum
478 2592 565 2653 ΡΘΧ
597 2598 677 2654 veuit
699 2592 874 2670 quadratum
889 2591 947 2650 PX
962 2598 1065 2664 totum,
1088 2589 1289 2669 rectengulum
1312 2590 1367 2651 sub
1391 2589 1498 2667 duplici
1522 2588 1586 2650 GA¹
1601 2600 1630 2651 ct

278 2685 328 2741 sub
351 2682 414 2741 PX
438 2689 544 2744 totum.
581 2682 623 2741 tt
643 2685 673 2740 iu
696 2680 871 2758 quadratum
882 2678 943 2739 ΘΧ
966 2678 1126 2755 ingreditur
1150 2678 1185 2739 de
1202 2679 1344 2755 quadrato
1367 2678 1484 2753 quidem
1498 2676 1557 2737 ΡΧ
1581 2676 1627 2736 di-

278 2770 413 2844 midium,
445 2787 486 2830 sc.
511 2769 594 2846 quod
612 2770 668 2829 sub
690 2768 766 2843 ΜΧ,
788 2768 856 2841 ΧΡ,
881 2767 917 2827 da
938 2766 1109 2843 rectangulo
1132 2783 1202 2826 vero
1225 2767 1280 2826 sub
1304 2766 1412 2843 duplici
1436 2764 1491 2825 ΘΑ
1520 2774 1549 2827 et
1572 2762 1627 2847 sub

278 2856 332 2916 ΡΧ
352 2874 426 2936 pars
449 2851 634 2917 solummodo
662 2864 781 2933 quarta,
811 2874 852 2916 sc.
876 2853 955 2931 quod
977 2854 1032 2915 sub
1054 2852 1117 2913 ΑΜ
1139 2861 1168 2914 et
1190 2844 1245 2915 rub
1268 2849 1335 2913 PX.
1380 2852 1449 2913 Alie
1471 2854 1559 2930 igitur
1579 2852 1628 2913 hic

280 2955 319 3004 est
339 2947 496 3023 proportio
517 2946 592 3006 mesi
613 2943 653 3004 ad
676 2943 807 3018 effabile,
838 2942 899 3003 alia
912 2940 989 3002 illic.
1033 2941 1140 3010 Nostra
1167 2958 1238 3001 uero
1268 2943 1431 3019 propositio
1455 2958 1626 3001 concursum

282 3032 354 3093 hunc
376 3034 521 3093 sectionis
543 3032 661 3093 divinae
683 3040 721 3104 et·
734 3030 926 3109 qualitativas
950 3030 1170 3107 compositionis
1192 3030 1376 3106 inpartibus
1405 3026 1500 3091 finees
1523 3027 1625 3089 iisdem

280 3116 312 3179 de
331 3122 434 3198 priore
457 3118 555 3180 solum
577 3118 665 3181 ΡΘΧ
687 3120 810 3197 ejusque
840 3120 959 3196 propria
984 3120 1174 3197 proportione
1205 3120 1284 3181 meai¹
1300 3116 1340 3178 ad
1363 3116 1478 3179 effabile
1500 3114 1624 3179 demon·

280 3216 367 3268 auare
389 3209 504 3283 nititur,
524 3224 585 3269 non
606 3207 707 3268 itidem
729 3207 766 3267 de
787 3207 950 3284 posteriori.

361 3296 445 3356 Note
466 3313 538 3356 vero
560 3303 590 3357 et
611 3296 667 3357 hoc
688 3293 727 3357 ad
748 3294 955 3372 perlectionem
968 3293 1135 3371 analogiae,
1158 3291 1238 3371 quod
1252 3292 1328 3353 sicut
1343 3290 1403 3353 ΘΧ
1425 3294 1522 3353 miron
1545 3310 1627 3355 com·

280 3384 426 3459 positione
439 3386 635 3460 proportionis
651 3382 769 3442 divinae
783 3377 816 3441 iit
828 3382 923 3459 major
936 3381 1037 3459 aliqua
1051 3384 1157 3457 mizon,
1179 3398 1220 3449 ae.
1236 3380 1331 3457 ΡΘΧ,
1349 3380 1450 3441 addita
1465 3380 1529 3457 PG,
1552 3398 1628 3459 quae

283 3478 325 3530 est
347 3474 446 3548 ipsius
459 3468 521 3531 ΘΧ
542 3488 611 3549 pars
624 3470 718 3547 major
740 3472 770 3529 iu
792 3472 921 3532 sectione
944 3470 1058 3531 divine:
1082 3471 1125 3529 sic
1148 3472 1333 3544 econtrario,
1356 3467 1411 3529 ΡΘ
1432 3467 1549 3533 elasson
1571 3464 1629 3531 hu·

278 3558 323 3633 jus
344 3560 476 3636 speciei,
498 3562 628 3620 sectione
650 3558 847 3635 proportionis
870 3557 1004 3633 divinae,
1027 3554 1079 3618 dat
1101 3556 1154 3617 ΡΥ
1175 3560 1317 3617 minorem
1339 3557 1469 3634 aliquam
1491 3557 1628 3619 classone

281 3662 312 3704 aa
329 3646 408 3724 ipsa,
431 3663 475 3707 sc.
495 3648 588 3723 ipsius
610 3644 665 3706 ΡΘ
687 3654 785 3707 sectae
807 3652 920 3723 partem
941 3643 1098 3759 paperem,
1122 3643 1171 3705 vel
1192 3646 1285 3723 ipsius
1309 3642 1371 3709 ΘΧ
1392 3652 1493 3707 sectae
1515 3652 1628 3723 partem

281 3735 421 3793 minorem
444 3732 517 3793 GV:
548 3742 583 3795 ut
603 3734 680 3795 sicut
705 3736 833 3795 maxime
846 3732 942 3815 ῬΘΧ
971 3733 1051 3811 cadit
1080 3750 1132 3809 per
1147 3735 1319 3793 sectionem
1350 3732 1481 3793 divinam
1510 3735 1540 3793 iu
1567 3732 1629 3793 ΧΘ

281 3823 395 3882 muana
416 3828 449 3882 et
471 3820 524 3883 GP
546 3822 693 3897 classone,
715 3824 758 3882 sic
779 3823 908 3881 secunda
929 3824 1027 3881 miron
1050 3818 1111 3881 ΘΧ
1135 3818 1221 3881 cadet
1243 3823 1271 3879 iu
1296 3818 1369 3879 duas
1393 3820 1544 3885 classones
1557 3820 1628 3895 XV,

281 3904 343 3979 vc,
366 3906 514 3987 aequales
535 3927 576 3970 sc.
600 3912 671 3988 ipsis
695 3908 763 3985 GP,
793 3908 860 3983 PY,
891 3902 980 3991 e'tqqe
1002 3910 1045 3967 ita
1068 3908 1145 3970 duae
1168 3906 1327 3977 classense,
1341 3916 1519 3985 componant
1540 3926 1628 3972 unam

280 3999 407 4072 munna,
432 4000 529 4057 mizon
551 4016 622 4060 uero
644 4003 675 4059 et
697 3998 815 4059 altason
837 3996 926 4083 eliam
947 3997 1089 4072 maj0rem
1112 3996 1238 4081 mirone.
1343 4060 1346 4067 ,
1402 4020 1406 4029 ·
1594 4018 1602 4037 ·

362 4098 477 4164 XXX.
499 4100 738 4180 Propositio.
783 4101 900 4168 Classes
922 4100 1081 4179 figurarum
1102 4099 1233 4176 singulas
1256 4098 1364 4176 singuli
1385 4100 1496 4161 iaciunt
1517 4104 1630 4163 numeri

281 4184 405 4281 uterum
426 4190 530 4265 primi,
546 4197 576 4251 et
597 4197 767 4268 reputantur
790 4192 820 4249 in
843 4188 964 4267 classes,
985 4204 1063 4267 quae
1079 4186 1189 4249 hebent
1211 4196 1363 4249 numerum
1384 4186 1509 4249 laterum
1533 4191 1628 4249 contl-

280 4294 333 4338 nue
356 4276 482 4354 duplum
503 4280 617 4339 numeri
638 4281 685 4339 sui
706 4280 801 4356 primi.

364 4375 498 4445 Sequitur
513 4376 567 4431 hoc
585 4392 619 4432 ex
637 4376 717 4433 defin.
736 4378 770 4435 il.
788 4378 878 4449 hujus.
913 4378 988 4434 Nam
1001 4376 1025 4432 si
1043 4376 1162 4433 omnium
1179 4375 1336 4447 figurarum,
1356 4392 1425 4448 quae
1444 4392 1572 4435 numeros
1589 4377 1626 4435 la-

281 4460 365 4511 terum
382 4454 488 4509 habent
503 4454 584 4510 unius
603 4448 718 4525 alicuius
737 4458 864 4513 continue
881 4456 993 4527 domos,
1021 4455 1116 4511 eadem
1140 4462 1183 4511 est
1208 4454 1296 4511 forma
1313 4456 1551 4513 demonstrationis
1569 4474 1630 4529 pro·

282 4534 369 4600 prise:
398 4535 520 4613 omnium
545 4534 628 4603 igitur
649 4535 757 4591 illarum
781 4537 876 4593 eadem
899 4544 942 4593 est
960 4536 1057 4593 clusus
1080 4550 1163 4592 causa
1181 4534 1429 4595 demonstrationis.
1464 4538 1526 4593 Non
1540 4543 1631 4593 metm

283 4614 379 4683 quippe
395 4614 511 4669 biseetio
528 4628 615 4683 genus
632 4614 675 4670 rel
692 4614 816 4684 classem,
835 4617 972 4675 associata
990 4626 1084 4671 earum
1102 4613 1229 4683 singulis,
1257 4622 1414 4685 propiaret
1432 4616 1630 4687 simplicitatem

283 4700 308 4746 et
320 4692 518 4761 aequalitatem
534 4694 653 4764 partium
668 4696 795 4764 jdnetim:
814 4709 850 4749 ex
867 4695 982 4767 singulis
1000 4695 1074 4767 enim
1089 4692 1188 4763 prioris
1205 4693 1307 4763 figurae
1319 4696 1436 4753 arcubus
1453 4696 1521 4752 iacit
1537 4702 1631 4765 partes

284 4768 355 4828 binas
372 4777 482 4827 tanturn
499 4787 601 4841 easque
618 4772 757 4842 aequales,
793 4774 829 4831 At
846 4776 1003 4839 insertione
1025 4781 1074 4830 aut
1097 4773 1293 4843 quiuisectiouo
1317 4782 1366 4833 aut
1383 4773 1558 4844 'sequentibus
1576 4792 1631 4832 non
1721 4778 1724 4791 '

284 4848 400 4922 megia,
420 4852 486 4920 quia
504 4859 553 4908 eut
569 4852 728 4922 inaequales
747 4852 875 4925 designes
889 4861 991 4925 partes,
1009 4853 1033 4909 si
1051 4853 1131 4911 binae
1150 4857 1256 4907 tantum
1276 4868 1337 4909 esse
1355 4852 1481 4923 debeant,
1499 4860 1547 4909 aut
1563 4854 1630 4915 mul-

285 4936 329 5001 las,
345 4930 375 4989 id
393 4938 439 4987 est
454 4932 548 5001 plures
563 4932 681 5007 duabus,
700 4939 725 4988 sl
743 4933 880 5005 aequales.
916 4932 954 4989 Ut
971 4933 999 4989 in
1016 4932 1173 4991 trisectione
1191 4948 1270 4988 arcus
1288 4934 1304 4989 3
1323 4932 1365 4991 sel
1391 4939 1498 4990 secatur
1514 4932 1543 4989 in
1561 4934 1586 5001 2,
1607 4936 1630 5003 l,

285 5006 356 5065 binas
375 5018 405 5066 et
421 5010 586 5079 inaequales,
602 5011 647 5066 rel
663 5012 692 5067 in
711 5014 735 5083 1,
754 5014 778 5085 1,
797 5014 819 5067 1·’
832 5011 969 5083 aequales,
988 5012 1036 5069 sed
1054 5012 1161 5069 multas.

365 5087 621 5147 antecedentiam
639 5090 679 5147 sic
696 5090 834 5161 probatur.
870 5091 1073 5146 Demonstratio
1091 5091 1229 5159 petitura
1251 5103 1363 5145 numero
1390 5088 1507 5157 laterum
1529 5090 1578 5161 per
1595 5090 1629 5147 X.

285 5161 370 5235 hujus.
404 5168 471 5224 Jam
485 5169 565 5238 primi
581 5170 688 5226 numeri
704 5185 760 5226 non
778 5170 977 5225 communicant
994 5168 1085 5238 eliqua
1107 5176 1185 5237 parte
1203 5180 1355 5235 numerose,
1372 5181 1435 5223 nam
1453 5170 1557 5240 unitas,
1576 5172 1630 5239 qua

286 5250 495 5318 mmmunicent,
518 5250 676 5307 divisionem
694 5264 749 5323 non
766 5248 927 5317 admittens,
945 5264 1000 5303 non
1018 5253 1060 5303 est
1079 5262 1142 5315 pars
1160 5262 1304 5303 numerosa
1321 5246 1363 5303 rel
1380 5263 1517 5305 numerus.
1552 5247 1627 5317 Ergo

287 5326 362 5381 edm
380 5315 624 5391 demonstrationes
640 5344 692 5400 per
708 5342 757 5388 eos
774 5327 865 5387 iactae
881 5327 1154 5387 noncomnmtoant
1175 5326 1247 5385 inter
1270 5343 1309 5385 se.
1346 5326 1454 5385 Classes
1476 5326 1558 5401 igitur
1576 5327 1631 5385 sin·
