4242 6384
849 785 991 856 Apologia
1532 776 1596 840 442

247 964 281 1017 ιι
295 961 337 1018 ιιι
360 958 400 1020 do
423 964 536 1022 eatenis.
583 959 615 1042 3)
637 961 751 1040 Quodsi
772 977 864 1040 urges*
880 953 1101 1024 similitudinem
1124 967 1214 1034 tuam,
1237 966 1271 1018 nt
1286 955 1393 1017 olando
1413 957 1505 1016 etiam
1519 954 1595 1035 peda

244 1055 387 1122 properet,
410 1047 457 1108 die
480 1065 598 1125 quaeso,
624 1049 772 1126 quodnam
795 1069 831 1111 ex
854 1053 1003 1111 concinnis
1019 1065 1169 1128 compares
1193 1048 1386 1110 comunitate
1407 1053 1499 1103 eausa
1512 1045 1596 1119 prio-

245 1133 360 1191 ritatis?
406 1136 491 1196 Anna
514 1153 572 1195 nou
603 1153 692 1202 uuum
715 1140 858 1218 primum,
888 1139 939 1200 sed
964 1142 1062 1198 emnia
1084 1140 1140 1197 tria
1162 1133 1248 1194 simul
1270 1136 1398 1192 eximant
1430 1138 1499 1191 anta
1522 1147 1595 1189 oon-

244 1221 417 1280 sonantiasi
461 1223 498 1282 iit
528 1239 578 1282 cur
604 1239 662 1283 nou
690 1225 791 1301 plura,
824 1243 882 1285 non
905 1227 1072 1303 pauciora?
1099 1225 1152 1282 ‘Et
1174 1239 1263 1299 quam
1285 1221 1324 1282 ob
1347 1233 1466 1279 caueam
1497 1218 1595 1294 quod·

246 1307 339 1367 libet?
386 1309 522 1386 Denique
545 1321 626 1404 quae*
644 1329 735 1371 cenea
757 1313 933 1390 triplicitatis
964 1317 991 1379 in
1015 1317 1081 1390 ipso
1103 1311 1192 1372 ortui
1235 1308 1325 1368 Hisce
1352 1306 1496 1382 angustiis
1518 1303 1596 1364 iibe-

243 1403 317 1453 ratur
340 1397 378 1468 ιι,
401 1399 451 1472 qni
473 1396 619 1458 concinna
641 1398 758 1474 singule
782 1401 883 1460 definit
898 1412 963 1461 esse
989 1401 1165 1460 differentias
1180 1398 1436 1475 consonantiarum
1452 1390 1594 1466 binemus,

244 1485 350 1560 priores
376 1491 509 1544 statuens
532 1489 756 1560 consonantias,
789 1497 851 1547 ium
875 1489 996 1550 demum
1019 1491 1100 1567 ipsae
1122 1486 1236 1545 mitens
1266 1464 1433 1557 intelligens
1458 1479 1596 1540 disemo-

243 1572 371 1646 namque
401 1571 459 1631 boc
484 1575 602 1632 nomine
630 1575 762 1632 concinni
796 1575 978 1654 indigeians,
1009 1591 1076 1635 nam
1107 1591 1161 1652 pro
1189 1571 1359 1631 diversitate
1389 1561 1533 1644 bigarum
1545 1568 1595 1626 die

244 1673 325 1714 rersa
356 1657 401 1715 llil
425 1661 585 1733 gignuntur
606 1659 764 1736 concinneq
796 1661 921 1740 denique
944 1667 1073 1723 omnium
1102 1662 1301 1739 quaesitorum
1325 1668 1430 1716 causas
1458 1656 1596 1732 expediat

243 1763 273 1802 ex
297 1743 355 1804 boc
381 1753 445 1803 ortu
470 1749 628 1824 assignato.
675 1748 733 1808 Hic
761 1757 793 1808 tu
815 1751 908 1810 multa
930 1751 1094 1822 interseris,
1124 1764 1200 1825 qnae
1224 1745 1386 1822 dispeream
1417 1743 1444 1801 si
1467 1743 1602 1819 rideam,¹

244 1830 402 1906 quomedo
415 1849 529 1894 mecum
550 1843 700 1911 pugnent,
723 1853 800 1912 quae
823 1841 895 1915 qula
916 1857 962 1899 me
985 1855 1043 1898 non
1066 1837 1199 1908 attinent,
1221 1841 1318 1910 neque
1340 1827 1475 1905 deiende,
1497 1848 1595 1908 neque

242 1920 341 1978 resuta.

325 2006 507 2066 absurdam
528 2009 622 2088 form,
654 2011 767 2086 inquis,
796 2017 916 2086 punctu
944 2011 1080 2071 derivari
1112 2029 1132 2069 c
1154 2007 1251 2078 tinea,
1295 2006 1382 2065 liora
1402 2005 1595 2068 similitudine

243 2111 354 2168 pugnas
380 2099 508 2154 omniurn
533 2095 737 2156 dissimillima.
783 2097 928 2157 Punctum
958 2105 987 2158 et
1008 2098 1088 2158 linea
1119 2104 1183 2156 toto
1205 2111 1312 2172 genere
1339 2092 1489 2166 amemus,
1519 2093 1594 2160 illud

244 2190 325 2256 negat
349 2185 566 2256 quantitatem,
579 2183 708 2256 bocait.
754 2183 905 2245 Continuo
927 2194 956 2246 et
979 2201 1109 2245 consona
1130 2185 1187 2243 sub
1208 2183 1312 2242 eodem
1330 2183 1464 2257 proximo
1487 2193 1595 2257 genere

245 2271 461 2343 proportionum
485 2269 677 2329 eontinentur.
724 2271 761 2330 Et
784 2281 881 2332 tamen
905 2281 938 2332 nt
959 2271 1020 2331 fieri
1043 2271 1119 2332 solet
1141 2274 1170 2328 ln
1193 2269 1299 2348 plano,
1327 2274 1492 2344 utpunsta
1515 2275 1595 2330 certa

246 2351 468 2428 determinentur
497 2373 639 2416 concursu
670 2358 828 2432 linearum,
862 2361 911 2420 ubi
941 2359 1038 2422 lineae
1068 2361 1155 2418 binae
1175 2349 1289 2435 pri’ores
1310 2361 1378 2414 euni
1408 2361 1518 2430 puncto
1535 2356 1595 2417 ilio

246 2457 329 2500 caussa
354 2446 402 2501 sui
426 2443 610 2503 determinati
634 2449 716 2519 situs,
741 2449 783 2505 sic
807 2450 895 2508 etiam
919 2465 954 2506 ex
978 2447 1177 2506 consonantiis
1205 2443 1283 2502 binis
1305 2455 1396 2500 unum
1420 2446 1593 2502 concinnum

247 2527 460 2603 determinatur,
484 2532 513 2590 id
531 2531 609 2608 quod
626 2526 831 2594 declarationis
842 2533 938 2593 solum
954 2552 1043 2594 eausa
1056 2534 1165 2593 dictum
1177 2531 1255 2603 volo,
1279 2545 1338 2588 non
1352 2517 1545 2604 probatioris.
1553 2521 1595 2610 ⁴⁰)

319 2613 498 2693 Sequuntur
522 2619 697 2679 Cimmerias
726 2622 881 2696 tenebrae3
911 2607 1031 2697 ignosce
1053 2616 1181 2679 Roberte
1214 2617 1389 2696 obtusitati
1385 2623 1502 2693 captus
1525 2620 1593 2682 mei

247 2703 274 2760 ln
297 2704 402 2780 figuris
426 2705 521 2782 plenis
545 2707 726 2766 consideras
734 2711 880 2782 trigonoe,
904 2717 938 2766 ut
960 2709 1138 2768 elementum
1160 2689 1318 2783 ugernum
1338 2701 1594 2792 simplicissimum,

246 2793 269 2846 in
292 2795 410 2864 trigono
434 2793 575 2868 observas
598 2794 700 2867 lineas,
724 2811 798 2870 quas
821 2803 933 2880 partes
940 2797 1046 2871 trigoni
1070 2795 1211 2874 appellas,
1234 2795 1264 2850 ln
1279 2791 1366 2850 lineis
1382 2785 1502 2866 puncta,
1527 2795 1596 2868 qdi-

245 2878 293 2936 bus
316 2879 388 2946 illae
413 2889 596 2940 concurrunt.
642 2879 710 2940 Jam
735 2885 941 2942 consonantias
964 2883 1065 2959 figuris
1081 2898 1242 2959 comparas,
1265 2885 1367 2938 tonum
1389 2879 1495 2938 lineae.
1533 2881 1595 2938 is’x·
1631 2933 1634 2942 .

248 2968 505 3039 spectabamus
528 2969 605 3028 sicut
636 2985 654 3026 a
683 2971 805 3043 trigonis
836 2969 960 3053 figuras,
993 2974 1036 3029 sic
1070 2985 1089 3029 a
1116 2971 1195 3028 tonis
1223 2967 1429 3027 consonantes
1458 2969 1595 3044 compend

247 3071 404 3126 assereres,
436 3053 493 3113 hoc
515 3055 592 3114 enlm
616 3054 771 3114 videbatur
793 3061 937 3132 requirere
967 3057 1102 3116 instituta
1127 3057 1203 3115 ratio
1224 3043 1441 3127 similitudinis,
1473 3055 1596 3130 jamque

247 3137 385 3198 habebam
418 3143 446 3198 in
471 3159 537 3210 ore,
570 3142 640 3218 quid
664 3142 720 3201 lnoc
742 3143 850 3202 dicenti
876 3160 1055 3219 reponerem.
1102 3145 1144 3202 At
1171 3151 1277 3220 tonas,
1305 3135 1342 3197 ut
1359 3139 1468 3213 rideo,
1499 3141 1596 3200 lineae

249 3235 442 3303 eomparatur,
473 3235 506 3287 ut
528 3231 635 3296 sicui·
627 3247 656 3287 ιιι
678 3229 779 3304 liguris
802 3231 1033 3308 multiplicantur
1054 3232 1183 3303 latera,
1195 3231 1288 3289 sicin
1311 3231 1511 3288 consonantiis
1533 3231 1596 3287 toni
1619 3264 1628 3276 ι

248 3314 598 3390 inlelliganturaccrvari.
617 3315 684 3374 'At
700 3317 770 3392 quid
786 3333 859 3394 opus
875 3325 929 3390 est,
952 3318 1089 3391 Roberte,
1114 3325 1207 3403 ortum
1224 3317 1479 3376 consonantiarum
1495 3330 1596 3377 muers

249 3399 277 3458 tle
297 3419 376 3460 novo
401 3419 437 3460 ex
459 3403 604 3462 similibus
625 3403 875 3476 claudicantibus,
906 3415 970 3465 curn
994 3407 1064 3464 ιιι
1056 3423 1085 3462 ιιι
1107 3394 1229 3482 promtu
1253 3404 1397 3479 genuinus
1419 3410 1450 3462 et
1472 3406 1595 3462 veris'si-
1614 3452 1622 3468 ,

249 3501 304 3545 mus
328 3505 432 3547 earum
456 3499 536 3548 ortus
560 3493 748 3550 exsectione
770 3491 899 3552 'chordae
923 3493 1085 3564 circularis,
1114 3509 1191 3569 quae
1213 3491 1247 3550 iit
1268 3507 1319 3567 per
1340 3489 1473 3565 dgurasi
1517 3489 1595 3566 Quid

250 3589 313 3649 opus
335 3577 530 3653 transfugere
547 3576 584 3636 ad
605 3577 823 3638 multitudinem
846 3565 981 3638 laterum'
992 3580 1112 3654 ligurae,
1124 3583 1159 3639 ai
1174 3579 1258 3637 loeus
1273 3584 1319 3637 est
1336 3579 1413 3635 ortui
1428 3592 1596 3638 consonan-

249 3663 343 3719 tiarum
367 3665 399 3720 in
422 3667 610 3741 proportione
641 3669 864 3725 constitutarum
888 3669 1013 3743 partium
1044 3665 1166 3726 cimelii
1209 3665 1275 3724 Nou
1298 3664 1423 3738 liabent,
1455 3658 1594 3739 Roberte,

249 3752 452 3810 consonantiae
474 3769 529 3810 sue
543 3751 751 3810 multitudinis
762 3755 880 3812 nomina
898 3769 1048 3812 enumero
1064 3753 1187 3811 lateram
1207 3753 1328 3827 ligures,
1355 3767 1431 3826 qnae
1447 3761 1595 3828 quamque

249 3835 365 3910 gignit.
388 3837 429 3896 Et
452 3837 580 3913 quiade
604 3837 707 3900 iisdem
729 3840 830 3915 figuris
853 3847 884 3898 tn
907 3839 1046 3912 baibntis,
1071 3852 1146 3915 quna
1168 3847 1209 3899 ιι.
1220 3853 1276 3914 ego
1298 3837 1421 3897 aditibui
1443 3839 1481 3897 ad
1504 3855 1594 3913 gene-

249 3925 384 3983 rationem
404 3929 679 4002 consonantiarum,
711 3945 781 4001 age,
804 3927 964 3986 discrimen
988 3927 1141 3987 ostendam
1164 3928 1240 3985 inter
1261 3923 1305 3996 ld,
1337 3924 1418 4000 quod
1439 3941 1542 3985 rerem
1564 3934 1595 3985 et

250 4008 360 4082 clarum,
384 4019 414 4070 ei
437 4011 475 4085 id,
500 3999 578 4087 'quod
602 4019 633 4071 tu
657 4016 796 4077 somnias
842 4013 887 4074 Sit
909 4015 990 4073 verbi
1014 4031 1104 4072 eausa
1134 4021 1332 4090 pentagonum
1361 4011 1456 4071 bunc
1467 4020 1501 4071 tu
1521 4029 1595 4090 pro-

252 4095 290 4152 cul
313 4098 403 4158 dubio
426 4115 610 4177 comparares
633 4103 748 4174 eattae,
779 4103 849 4177 qula
874 4107 909 4160 nt
929 4109 1115 4178 pentagonus
1142 4101 1233 4159 babet
1263 4102 1393 4175 quinque
1415 4097 1523 4173 latera,
1551 4102 1595 4160 sle

253 4191 326 4243 sexta
348 4187 480 4262 quinque
504 4188 593 4246 babet
617 4194 702 4247 tonos
725 4191 915 4266 promiscuos.
963 4189 1002 4248 at
1031 4188 1112 4247 irrisa
1142 4193 1186 4247 est
1207 4179 1406 4264 comparatio,
1433 4189 1595 4248 nou-euim

254 4267 399 4332 discrimen
422 4273 513 4334 ullum
536 4275 646 4332 indicat
669 4276 744 4335 inter
766 4271 873 4346 sextas,
897 4275 1037 4352 majorem
1061 4282 1091 4334 et
1105 4278 1254 4333 mitiorem.
1301 4273 1395 4334 Aliter
1417 4285 1489 4351 eger
1519 4273 1595 4334 Nam

253 4362 476 4432 consonantiam,
503 4377 587 4438 ‚quae
616 4364 702 4422 tertia
724 4362 819 4438 major
841 4361 959 4432 dicitur,
991 4362 1078 4422 elicio
1101 4379 1138 4421 ex
1159 4370 1344 4438 pentagono,
1374 4363 1424 4438 qui
1456 4361 1594 4420 circulum

247 4441 396 4523 ,distinguit
418 4450 447 4504 in
472 4467 556 4508 arcus
579 4449 719 4522 aequales
742 4451 883 4525 quinque.
929 4449 999 4509 Sive
1030 4451 1240 4524 igitur'totnm
1262 4447 1402 4510 circulum
1429 4462 1596 4526 comparem

256 4543 310 4589 oum
331 4543 459 4610 quatuor
475 4538 541 4594 suls
565 4537 683 4612 quintis,
708 4537 773 4595 sire
796 4539 927 4620 quinque
942 4538 1100 4614 pentagoni
1125 4536 1218 4596 latera
1239 4538 1269 4594 in
1284 4543 1497 4595 unamrectam
1513 4553 1596 4596 eosn-

254 4620 338 4689 posita
366 4637 432 4681 cunr
455 4623 595 4682 lateribus
621 4622 688 4698 ejus
718 4627 858 4699 quatuor,
890 4625 1026 4699 utrinque
1047 4623 1121 4682 milri
1148 4625 1278 4700 gignitur
1303 4625 1454 4699 proportio
1471 4619 1535 4706 Ἃ,
1566 4631 1596 4684 ιι

256 4703 394 4771 inveniunt
417 4724 517 4784 auree,
551 4725 711 4769 consonare
734 4709 858 4770 chordas
879 4711 1020 4786 ejusdem
1043 4709 1185 4778 tensionis
1214 4707 1261 4770 sio'
1279 4718 1474 4786 comparatas.
1518 4710 1595 4768 illisi

256 4791 330 4864 igitur
355 4798 486 4872 gignitur
513 4797 612 4873 aliqua
636 4799 835 4856 'consonantia
863 4811 1087 4874 spemagono,
1117 4807 1148 4858 et
1173 4813 1232 4856 non
1254 4797 1361 4873 accipit
1381 4812 1504 4870 nomen,
1536 4813 1594 4855 uon

257 4891 392 4941 numerans
421 4891 558 4943 tonorum
581 4901 606 4942 «a
628 4892 808 4960 pentagono.
855 4885 892 4944 Et
914 4887 939 4942 si
968 4885 1052 4943 nulle
1074 4884 1134 4946 alia
1155 4893 1235 4944 esset
1257 4887 1449 4948 consonantia
1478 4892 1596 4960 praeter

257 4960 327 5039 hanc,
349 4979 455 5029 natura
477 4969 555 5031 banc
578 4973 693 5032 unicam
717 4980 775 5029 non
799 4971 918 5030 doceret
947 4974 976 5029 in
1000 4981 1086 5031 iones
1110 4970 1259 5045 dividere,
1291 4970 1343 5031 sed
1367 4971 1401 5028 nt
1425 4971 1488 5046 jam
1512 4975 1594 5030 eom'·

258 5057 393 5122 paratione
415 5057 543 5134 plurium
567 5059 828 5118 consonantiarum
847 5061 1012 5134 quantitate
1026 5059 1236 5135 inaequalium,
1257 5065 1293 5125 ut
1310 5056 1471 5120 eemndam
1494 5073 1595 5120 eorum

259 5151 378 5203 excessus
408 5147 558 5220 minimos,
591 5162 666 5224 quos
695 5147 838 5205 ιιιιιιιιιιι
869 5144 1007 5222 dicimus,
1038 5154 1069 5207 ei
1090 5147 1165 5206 irase
1195 5154 1226 5205 et
1254 5146 1331 5205 aliae
1353 5158 1455 5205 omnes
1486 5149 1517 5204 iu
1539 5143 1596 5239 sua'

557 5249 561 5279 ,
746 5249 748 5257 ,
856 5257 866 5273 ,
934 5247 940 5256 .
1047 5264 1051 5272 ,
1541 5253 1545 5260 .
