4242 6384
773 800 859 857 uuor
873 800 922 855 lv.
940 800 1030 871 capnt
1045 802 1093 859 vt
1547 814 1610 875 245

342 981 414 1035 Nam
432 978 543 1035 nubiles
561 984 628 1035 sunt
642 975 762 1046 figurae,
786 973 836 1029 sed
862 972 910 1029 ilia
925 974 1089 1046 improprie,
1115 977 1184 1033 baec
1201 986 1305 1035 remoto
1326 982 1425 1049 pradia
1454 986 1486 1037 ut
1501 980 1571 1039 libro
1589 982 1611 1039 l.

269 1077 334 1131 prop.
345 1060 387 1114 st.
406 1058 631 1113 demonstratum
667 1056 705 1109 Et
722 1068 860 1124 congruae
879 1061 954 1118 sunt,
977 1056 1027 1109 sed
1043 1055 1090 1110 illa
1108 1073 1163 1113 uon
1181 1058 1304 1113 omnibus
1326 1060 1431 1127 angulis
1454 1062 1612 1131 aequaliter,

266 1140 395 1195 inanem
413 1138 505 1192 torma
521 1135 728 1205 congruentiam
752 1133 821 1191 haec
843 1132 969 1187 omuibus
987 1133 1096 1200 quidem
1115 1136 1235 1203 angulis,
1258 1137 1306 1191 sed
1329 1139 1506 1205 congruentia
1531 1140 1612 1210 plane

266 1236 310 1271 non
327 1216 512 1282 continuabili,
533 1213 606 1283 quod
624 1221 764 1267 ostensum
781 1212 851 1267 libro
870 1212 904 1267 IL
923 1228 1002 1283 prop.
1019 1214 1062 1269 29.
1099 1214 1291 1281 Rudimcntum
1309 1216 1392 1285 igitur
1414 1214 1552 1287 quoddam
1569 1225 1613 1274 cat

265 1294 422 1350 emaciatis
441 1302 470 1347 ct
488 1292 572 1348 saluti
590 1299 718 1355 conatus,
737 1300 767 1345 at
787 1289 903 1346 effectus
921 1290 964 1347 sel
981 1291 1074 1351 nullus
1092 1294 1134 1347 rel
1153 1294 1337 1365 imperfectus.

337 1406 452 1465 ldultas
475 1402 587 1462 babent
614 1402 673 1460 bac
694 1399 807 1475 figurae
829 1400 947 1473 stellas,
977 1400 1031 1459 illa
1053 1402 1172 1477 quidem
1195 1407 1340 1481 quinque,
1373 1422 1496 1481 quarum
1518 1406 1612 1466 latera

264 1493 434 1554 subtendunt
455 1507 541 1551 arcus
563 1488 663 1548 circuli
686 1487 752 1559 hos,
786 1485 859 1559 48⁰,
889 1484 966 1558 96⁰,
999 1488 1091 1561 ll‘li',
1120 1489 1212 1563 156⁰,
1239 1490 1330 1565 168⁰,
1361 1492 1417 1552 hae
1441 1510 1511 1553 vero
1534 1512 1611 1571 qun.

264 1594 333 1653 tuor,
361 1598 490 1657 quarum
511 1577 607 1635 latera
627 1574 810 1635 subtendunt
829 1591 915 1633 arcus
938 1575 1042 1633 circuli
1071 1578 1111 1635 54
1119 1573 1142 1650 ⁰,
1180 1575 1272 1652 126⁰,
1307 1582 1366 1638 163
1376 1577 1399 1653 ⁰,
1433 1576 1524 1639 lll⁰.
1570 1584 1612 1641 At

264 1688 317 1727 curn
338 1668 397 1727 bae
419 1666 527 1727 stellae
548 1680 639 1723 caros
661 1662 792 1721 babeant
813 1662 953 1738 angulos,
983 1666 1013 1719 in
1036 1680 1122 1739 quos·
1140 1682 1199 1723 non
1227 1669 1406 1743 recipiuntur
1435 1666 1537 1743 anguli
1559 1668 1611 1727 alii

264 1758 369 1831 roupui
395 1756 453 1831 (sic
474 1762 508 1811 ut
529 1754 559 1809 in
582 1767 673 1810 cavos
695 1750 821 1825 angulos
843 1753 1057 1825 pentagouicae
1081 1760 1111 1810 st
1133 1751 1329 1829 decagonicac
1352 1752 1531 1831 recipiuntur
1554 1772 1610 1813 au-

265 1846 313 1914 ruli
334 1842 538 1919 pentagoniei,
573 1841 604 1897 iu
625 1839 819 1912 octogouicae
838 1836 964 1912 angulus
987 1842 1143 1913 tetragoni,
1177 1842 1205 1899 in
1223 1840 1461 1918 dodeeagouicac
1483 1842 1610 1917 angulus

264 1928 382 2009 ingoni),
408 1937 503 1987 restat
524 1929 615 2003 igitur
629 1928 666 1982 iis
680 1924 747 1983 sola
760 1931 923 1998 acutorum,
947 1942 1023 2001 quos
1036 1926 1135 1987 radios
1155 1926 1288 2001 dicimus,
1313 1931 1519 2005 congruentias
1542 1936 1612 1989 sunt

263 2022 337 2095 igitur
359 2016 483 2077 viliores
505 2017 578 2093 ipsis
599 2014 662 2072 suis
684 2013 874 2089 primigeniis.

823 2244 968 2317 CAPUT
997 2246 1048 2317 Vl.

263 2394 338 2460 Quae
355 2395 408 2449 ait
426 2390 585 2461 cognatio
609 2390 815 2459 aspectibus
833 2404 904 2443 cum
923 2392 1163 2447 consonantiis
1181 2394 1321 2448 musicis
1339 2394 1373 2450 in
1392 2408 1554 2463 nurnero,
1574 2400 1611 2449 ct

822 2490 939 2531 causta
958 2478 1038 2547 ejus.

336 2624 458 2701 Quibus
491 2623 696 2683 occmiouibua
727 2619 861 2681 detectae
894 2624 954 2680 sint
988 2622 1235 2698 configurationes
1273 2625 1408 2687 efficaces
1441 2632 1609 2703 auctusque

264 2731 350 2771 mrum
371 2730 525 2785 numerus,
547 2728 606 2769 nou
629 2719 675 2769 est
696 2708 785 2783 bujus
807 2709 865 2767 loci
888 2726 1126 2785 commemorare,
1149 2715 1276 2789 pertinet
1290 2716 1367 2771 enim
1382 2714 1441 2773 hoc
1461 2713 1500 2774 sd
1515 2724 1613 2773 astro·

263 2801 359 2876 loginm
389 2803 499 2877 egique
521 2798 558 2857 de
581 2816 619 2857 ea
639 2815 670 2855 re
698 2806 767 2855 ante
789 2813 883 2855 annos
908 2800 946 2855 12
977 2800 1008 2855 in
1030 2797 1107 2857 libro
1137 2800 1174 2860 de
1196 2800 1289 2860 Stella
1312 2801 1398 2860 Nova
1429 2808 1458 2861 at
1481 2801 1611 2876 Trigono

264 2888 341 2963 lgneo
363 2906 432 2964 cap.
456 2890 484 2959 3,
510 2888 541 2964 9,
566 2887 614 2957 10,
648 2886 700 2943 nbi
722 2900 780 2942 nou
804 2890 918 2942 tantum
941 2885 1095 2943 discrimen
1119 2888 1222 2962 ingens
1246 2887 1361 2947 ostendi
1384 2891 1459 2949 iuter
1473 2896 1611 2965 aspectus

266 2987 288 3032 st
310 2980 382 3035 inter
406 2984 507 3035 cetera
537 2980 718 3043 commenta,
750 2988 819 3029 vere
844 2974 990 3031 vanitates
1019 2972 1231 3049 astrologicae,
1265 2975 1316 3034 sed
1340 2978 1430 3033 etiam
1452 2974 1524 3037 Job.
1547 2976 1612 3035 Pici

265 3061 440 3123 blirsndnlaa
464 3061 588 3120 Comitis
616 3063 745 3135 rationes
768 3058 1006 3135 philosophicas,
1039 3059 1109 3119 buic
1138 3065 1226 3121 etiam
1255 3063 1434 3137 astrologiae
1455 3067 1531 3139 parti
1555 3080 1611 3139 op·

267 3154 372 3223 positas,
397 3148 494 3209 solide
517 3157 550 3206 ut
565 3149 670 3223 opinor
692 3146 827 3217 dissolvi,
851 3162 911 3221 qua
927 3146 1119 3207 dissolvenda
1141 3157 1170 3209 at
1185 3150 1339 3209 refutanda
1354 3149 1480 3209 fuerunt.
1520 3150 1611 3209 Cum-

224 3241 225 3244 ’
267 3245 404 3311 queunte
427 3253 536 3295 novem
557 3252 652 3300 annos
674 3232 834 3293 Helisaeus
855 3232 996 3293 Riisliuus
1018 3234 1061 3295 lt.
1085 3236 1124 3294 D.
1148 3246 1179 3296 et
1200 3236 1394 3314 philosophus
1418 3254 1477 3296 non
1500 3238 1611 3299 incele-

266 3324 314 3381 bris
332 3325 412 3384 libro
434 3324 599 3383 Teutonico
619 3322 723 3397 lingua
745 3319 824 3378 edito
847 3337 956 3380 novam
980 3320 1058 3381 banc
1072 3322 1299 3400 philosophiam,
1322 3327 1386 3400 ipse
1406 3326 1498 3385 reteri
1514 3333 1612 3384 astro-

267 3410 351 3485 logiae
380 3410 519 3482 deditus,
551 3407 782 3484 impugnandam
796 3406 983 3480 ‘sumsissct‚
1020 3411 1149 3486 itemque
1180 3412 1257 3471 alius
1280 3412 1425 3485 medicus,
1441 3411 1611 3489 ‘Philippus

269 3497 408 3569 chelnrs,
440 3501 470 3555 iu
500 3499 677 3556 contrarium
706 3495 886 3571 astrologiae
916 3498 1015 3572 capita
1043 3501 1209 3572 promiscue
1233 3502 1332 3559 omnia
1359 3501 1492 3574 interque
1514 3516 1550 3557 ca
1582 3506 1612 3559 et

269 3584 420 3651 doctrinam
442 3585 481 3644 dc
502 3584 783 3659 configurationibus
806 3594 1018 3657 oppugnasset,
1042 3601 1099 3659 ego
1122 3589 1238 3662 utrique
1261 3588 1362 3659 restiti,
1387 3586 1473 3646 aditis
1497 3586 1612 3647 duobus

267 3671 360 3732 libellis
376 3674 561 3741 Teutonicis‚
585 3687 709 3746 quorum
731 3671 816 3729 altari
834 3669 956 3729 titulus:
980 3670 1148 3746 Responsio
1170 3673 1213 3732 od
1227 3674 1341 3744 objectu
1355 3672 1486 3746 Riislini,
1509 3674 1611 3736 alteri:

271 3759 377 3819 latim
399 3759 619 3819 Interveniunt.
665 3758 702 3815 Et
724 3760 753 3813 iu
769 3756 826 3815 boc
849 3757 968 3832 quidam
992 3762 1147 3819 veritatem
1171 3760 1286 3819 delendi
1302 3770 1482 3837 aspectuum,
1507 3762 1535 3818 iu
1559 3761 1611 3820 illo

268 3863 325 3904 roro
347 3846 469 3907 modum
492 3858 614 3918 causac,
644 3862 703 3921 quo
726 3853 864 3920 aspectus
894 3847 953 3903 siut
981 3844 1131 3919 efficaces,
1160 3850 1280 3907 asserui.
1326 3848 1430 3923 ltaque
1455 3849 1508 3905 riri
1525 3846 1610 3907 docti

268 3938 369 4010 scriptia
399 3933 439 3992 sd
466 3951 513 3993 me
541 3934 634 3992 literis
662 3934 762 3991 testati
793 3940 875 4004 snut,
908 3949 985 3990 nunc
1014 3931 1130 3991 demum
1154 3933 1318 4009 astrologos
1349 3950 1435 3993 ame
1462 3936 1610 4010 puriorem

267 4020 473 4097 philosophiam
497 4021 605 4080 doceri.
632 4020 685 4085 ,ln
715 4020 851 4079 omnibus
879 4018 988 4078 libellis
1012 4023 1196 4092 cognationis
1225 4022 1360 4093 memini,
1391 4038 1468 4096 quae
1491 4024 1610 4081 musicis

268 4111 455 4167 consonantiis
477 4107 640 4167 intercedat
661 4124 727 4165 curn
750 4106 930 4185 aspectibus,
952 4106 1003 4175 ned
1026 4108 1055 4163 iu
1071 4110 1165 4183 primo
1188 4107 1285 4167 adhue
1307 4108 1389 4167 haesi
1412 4110 1489 4166 circa
1506 4124 1611 4167 nume·

269 4211 319 4252 turn
340 4204 524 4273 aspectuum,
548 4193 692 4271 quosdam
713 4196 829 4271 spurios
859 4193 907 4255 rel
931 4202 1008 4253 ccrtc
1030 4193 1192 4253 imbecilles
1216 4196 1376 4253 observans
1399 4196 1473 4253 inter
1494 4197 1611 4271 praeei-

270 4298 341 4361 puos,
362 4284 510 4359 qarosdsm
531 4284 666 4341 tortiores
688 4284 806 4357 penitus
828 4280 996 4357 negligens,
1027 4283 1057 4339 in
1081 4281 1251 4341 Teutonicis
1274 4298 1344 4341 vero
1373 4284 1458 4357 coepi
1479 4282 1534 4341 lros
1557 4282 1611 4342 de·

270 4368 347 4429 lenus
369 4371 582 4447 speculationis
604 4387 688 4428 meac
711 4368 862 4444 detegere,
886 4368 966 4443 quod
988 4368 1079 4444 paulo
1101 4370 1225 4445 pleniori
1249 4368 1455 4443 declaratione,
1478 4370 1554 4429 loco
1569 4372 1611 4429 sic

271 4457 442 4529 postulante,
466 4456 658 4532 repetendum
680 4458 782 4515 censui
804 4472 898 4531 nuper
920 4459 949 4513 in
971 4454 1187 4531 prolegomenis
1211 4456 1453 4533 premeridum,
1484 4456 1534 4516 lol.
1558 4459 1610 4529 33,

271 4542 317 4614 il,
344 4548 402 4618 36,
418 4541 530 4621 ,salu
576 4542 667 4618 Quae·
683 4543 821 4602 raroibi
849 4542 907 4599 loci
937 4550 1057 4620 propter
1087 4546 1251 4603 institutam
1274 4545 1448 4603 brevitatem
1470 4544 1611 4621 explicari

223 4625 225 4628 ⁴
271 4626 349 4688 iunius
369 4648 430 4690 non
443 4640 611 4707 potnerunt,
635 4648 672 4691 aa
689 4630 754 4705 jam
768 4629 826 4698 bic,
850 4628 952 4689 ordine
970 4632 1014 4689 sic
1028 4630 1148 4705 serente,
1172 4631 1326 4708 supplebo.
1371 4632 1507 4705 Axiuma,
1530 4630 1611 4706 quod

223 4751 225 4794 ;
273 4731 336 4775 auno
359 4720 453 4778 1606.
476 4726 658 4794 usurpatum,
692 4717 759 4775 loco
782 4719 871 4776 citato
894 4717 1121 4793 premeridum
1146 4721 1235 4777 sumai
1260 4717 1486 4779 examinandum
1513 4726 1543 4776 ct
1564 4734 1612 4777 ra-

223 4795 226 4826 ³
272 4799 417 4880 lntaudum,
437 4806 497 4865 lroc
519 4814 597 4865 crat:
631 4804 803 4865 Occatorcm
825 4802 929 4861 Deum
951 4812 1009 4863 cut
1029 4822 1067 4864 ca
1089 4806 1260 4865 barnonis
1282 4812 1390 4864 contus
1416 4805 1504 4882 infru
1525 4812 1610 4865 octus

275 4904 344 4965 uun,
361 4894 449 4951 dibre
472 4890 538 4951 111.
561 4891 729 4966 dampna,
761 4892 935 4950 dcrumsissc
957 4892 1033 4966 lcpes
1060 4892 1306 4951 ordinandorum
1330 4900 1522 4966 aspectuum,
1554 4898 1611 4951 out

275 4975 308 5031 td
324 4980 451 5039 sociates
471 4986 607 5055 aspectus
633 4987 846 5055 attemperare
872 4994 963 5036 cures
990 4979 1137 5053 bominis,
1165 4978 1453 5039 concordantiumm
1483 4978 1610 5037 illarum

272 5062 376 5128 Μῶα
421 5065 488 5125 Hoc
508 5068 626 5125 axioma
647 5068 675 5123 ai
697 5084 797 5125 rerum
820 5063 1011 5141 undiquaque
1033 5074 1127 5140 essct,
1152 5072 1298 5143 oporteret
1321 5082 1386 5124 esse
1408 5064 1529 5123 totidem
1552 5082 1610 5123 nu-

224 5197 226 5240 ,
277 5163 340 5210 nero
366 5162 518 5230 aspectus,
548 5160 621 5229 quot
648 5162 719 5213 suut
745 5150 971 5213 concordantiae
998 5170 1093 5229 usque
1122 5153 1161 5213 ad
1188 5152 1342 5229 diapason.
1393 5151 1469 5211 Nam
1496 5152 1610 5212 sextilis

224 5263 225 5298 ;
278 5239 414 5313 respondet
436 5244 540 5302 tardae
561 5241 657 5315 molli,
689 5240 821 5324 quintilis
843 5241 948 5301 tertiae
970 5238 1078 5316 durae,
1109 5240 1269 5319 quadratus
1291 5240 1488 5314 diatessaron,
1514 5242 1609 5307 trinus
