4242 6384
1048 846 1166 906 102
1924 839 2007 895 ne
2042 838 2364 909 Figuratum
2398 813 2844 898 Harmoniam

1036 1021 1097 1079 in
1142 1017 1388 1094 circulo,
1452 1021 1560 1081 etsi
1615 1018 1864 1080 laterum
1912 1020 2210 1097 quantitas
2256 1024 2347 1079 est
2388 1021 2757 1150 necessaria,
2808 1019 2967 1081 illam
3011 1026 3204 1083 tamen
3248 1025 3492 1101 ignorari
3532 1043 3687 1104 aeque

1038 1112 1427 1258 neomagi.
1451 1204 1538 1246 res
1576 1189 1780 1259 agitur,
1822 1204 1920 1260 per
1952 1183 2101 1248 hunc
2138 1190 2277 1244 enim
2313 1176 2566 1244 effectum
2605 1143 2773 1257 stetit,
2810 1206 2919 1260 quo
2955 1190 3129 1246 minus
3178 1191 3512 1262 heptagonus
3545 1203 3594 1250 et
3624 1213 3690 1253 ce·

1307 1295 1410 1346 ῃ,
1442 1294 1507 1338 1⁶
1770 1275 1918 1323 terae
1954 1267 2117 1337 hujus
2158 1268 2370 1339 generis
2406 1266 2612 1336 figurae
2647 1283 2681 1323 a
2705 1269 2823 1324 Deo
2858 1269 3059 1325 fuerint
3084 1269 3355 1327 adhibitae
3390 1274 3458 1329 ad
3480 1284 3694 1333 ornatum

1403 1389 1432 1425 Β
1776 1347 1987 1415 mundi,
2033 1353 2094 1401 ut
2131 1354 2259 1402 sunt
2293 1345 2510 1417 quidem
2542 1339 2820 1404 adhibitae
2856 1349 3070 1405 scibiles
3105 1348 3309 1420 figurae
3351 1351 3408 1406 in
3441 1354 3694 1423 superiori·

1291 1449 1399 1497 χχι-ι]
1408 1457 1522 1505 ,ιι-..χ
1775 1424 1881 1482 bus
1916 1424 2285 1502 explicatae.

1159 1493 1424 1593 ‘42:³⁴
1484 1533 1512 1553 .-
1508 1509 1656 1581 —131
1953 1505 2036 1561 Sit
2069 1505 2234 1576 igitur
2266 1507 2609 1577 heptagonus
2644 1506 2986 1565 BCDEFGH
3021 1513 3077 1563 et
3117 1515 3503 1566 connectantur
3544 1513 3701 1583 anguli

1211 1605 1279 1657 ις
1211 1593 1448 1729 ᾜι
1387 1596 1568 1681 ,sss
1544 1609 1608 1657 ιχχι
1636 1595 1676 1649 ιι
1779 1599 1964 1639 omnes
2000 1600 2120 1639 cum
2159 1586 2420 1655 omnibus,
2459 1594 2516 1642 et
2545 1586 2618 1642 sit
2639 1587 2690 1644 A
2712 1600 2955 1647 centrum
2979 1588 3163 1646 circuli
3195 1595 3250 1643 et
3283 1588 3539 1648 diameter
3567 1592 3697 1652 BAP.

1131 1731 1135 1745 ι
1484 1689 1644 1749 at
1656 1677 1688 1721 ,Ι
1778 1671 1834 1719 et
1869 1665 1918 1719 A
1954 1672 2306 1724 connectatur
2338 1685 2459 1726 cum
2493 1669 2560 1724 Ε.

1095 1765 1127 1801 n
1159 1781 1175 1797 -,
1298 1761 1585 1826 ·,·*3'2-;‘s·“-‡‘
1619 1723 1716 1825 s's'ff,
1915 1744 2151 1801 Primum
2197 1746 2360 1816 igitur
2410 1749 2548 1807 tales
2583 1750 2788 1821 figurae
2835 1746 3178 1838 impropriam
3212 1763 3379 1818 supra
3413 1748 3597 1807 dictam
3629 1751 3702 1806 de·

1227 1829 1263 1893 f*
1552 1825 1564 1841 ³
1580 1877 1596 1897 Ι,
1780 1824 2222 1881 monstrationem
2256 1826 2459 1884 nullam
2494 1830 2903 1886 nanciscuntur:
2949 1831 3038 1880 est
3069 1826 3210 1880 enim
3259 1841 3445 1884 earum
3478 1846 3701 1885 numerus

1219 1901 1239 1921 ”
1476 1901 1480 1905 ”
1572 1901 1576 1905 ’
1604 1901 1616 1913 ”
1781 1901 2011 1957 laterum
2046 1910 2103 1959 et
2137 1905 2454 1974 angulorum
2491 1923 2559 1963 ex
2593 1906 2782 1978 primis
2815 1919 2981 1973 unus,
3020 1910 3078 1960 at
3110 1904 3261 1961 nulla
3282 1906 3410 1977 biga
3444 1908 3702 1979 figurarum

1779 1982 2196 2054 praemissarum
2248 1992 2422 2051 totum
2457 1987 2717 2043 circulum
2755 1985 2942 2041 dividit
2983 1984 3040 2039 in
3074 1991 3256 2054 partes
3293 2004 3514 2045 numero
3550 1990 3701 2059 aliquo

1045 2067 1219 2138 primo
1256 2063 1640 2132 numerabiles,
1697 2062 1794 2118 sed
1829 2062 2130 2140 sortiuntur
2172 2060 2299 2119 illae
2346 2080 2624 2120 numerum
2674 2063 3024 2134 multiplicem
3066 2080 3406 2122 numerorum
3455 2070 3704 2138 utriusque

1050 2146 1274 2215 figurae.
1348 2143 1455 2201 Sed
1492 2158 1668 2213 neque
1703 2141 1975 2213 propriam
2028 2141 2233 2196 habent
2267 2142 2576 2215 hujusmodi
2622 2144 2826 2213 figurae
2864 2142 3375 2199 demonstrationem
3412 2162 3477 2201 ex
3512 2147 3702 2218 angulo·

1048 2240 1170 2279 rum
1205 2238 1455 2292 numero,
1494 2221 1619 2289 qnia
1654 2219 1909 2291 quicquid
1945 2235 2013 2275 ex
2051 2219 2156 2276 hoc
2191 2220 2425 2292 elicitur,
2468 2223 2522 2278 id
2554 2238 2753 2292 vagum
2789 2228 2844 2276 et
2878 2220 3161 2290 multiplex
3198 2222 3522 2296 minimeque
3555 2226 3703 2280 deter-

1043 2301 1303 2357 minatum
1340 2306 1441 2356 est.
1514 2298 1737 2354 Secetur
1772 2300 1913 2355 enim
1949 2298 2291 2368 heptagonus
2327 2300 2381 2354 in
2420 2316 2519 2356 sua
2554 2298 2826 2368 triangula
2851 2300 3104 2370 quinque,
3143 2299 3249 2355 duo
3284 2309 3527 2358 extrema
3550 2303 3703 2371 aequi·

1044 2395 1201 2435 crura
1237 2377 1594 2447 obtusangula
1627 2380 1786 2449 BDC,
1824 2378 1992 2447 ΒΘΗ,
2029 2395 2198 2433 unum
2234 2379 2480 2436 intimum
2515 2381 2892 2455 aequicrurum
2927 2376 3309 2447 acutangulum
3337 2381 3498 2450 BEF,
3535 2390 3586 2438 et
3617 2382 3702 2436 duo

1044 2458 1262 2515 scalena
1295 2457 1581 2527 interjecta
1617 2459 1781 2528 BED,
1819 2458 1979 2515 BFG.
2053 2459 2184 2514 Cum
2222 2460 2388 2530 igitur
2422 2457 2882 2526 circumferentia,
2920 2471 3085 2526 super
3121 2472 3230 2526 qua
3263 2464 3413 2513 stant
3448 2475 3597 2515 crura
3629 2477 3704 2515 an·

1043 2536 1173 2606 guli,
1210 2535 1280 2591 ad
1317 2535 1780 2593 circumferentiae
1814 2543 2027 2606 partem
2063 2537 2369 2607 oppositam
2403 2538 2552 2607 facti,
2589 2536 2911 2592 admetiatur
2951 2535 3149 2603 angulo
3182 2552 3335 2591 suam
3361 2536 3703 2607 quantitatem,

1043 2621 1275 2692 angulus
1311 2619 1456 2676 BEF
1492 2623 1604 2675 stat
1637 2632 1801 2685 super
1836 2615 2011 2671 tribus
2048 2615 2509 2671 circumferentiae
2544 2616 2790 2686 partibus
2824 2616 2948 2677 BH,
2983 2615 3112 2685 HG,
3151 2615 3274 2684 GF,
3317 2615 3550 2687 angulus
3583 2615 3703 2671 BFE

1050 2699 1298 2756 similiter
1336 2714 1501 2768 super
1534 2695 1706 2752 tribus
1743 2695 1861 2765 Bc,
1901 2694 2020 2761 CD,
2057 2695 2188 2763 DE,
2248 2701 2307 2750 at
2339 2693 2481 2749 EBF
2526 2709 2691 2763 super
2724 2708 2833 2749 una
2866 2692 2990 2763 EF,
3040 2708 3167 2762 ergo
3202 2693 3346 2748 ΒΕΕ
3384 2700 3470 2749 est
3501 2693 3601 2750 tale
3635 2692 3708 2746 tri·

1043 2775 1315 2847 angulum,
1353 2775 1501 2845 quod
1534 2775 1703 2831 habet
1738 2780 2026 2842 utrumque
2063 2770 2323 2843 angulum
2357 2771 2427 2828 ad
2463 2773 2618 2830 basin
2652 2772 2874 2842 triplum
2911 2772 3031 2841 ejus
3066 2771 3160 2841 qui
3196 2770 3265 2826 ad
3288 2773 3557 2829 verticem.
3614 2772 3703 2825 Eo·

1043 2853 1165 2909 dem
1220 2852 1379 2909 modo
1416 2852 1705 2922 probatur,
1753 2848 2026 2904 scalenum
2062 2850 2211 2905 BED
2258 2849 2459 2905 habere
2510 2851 2739 2922 angulos
2775 2851 2832 2907 in
2876 2851 3226 2920 proportione
3260 2851 3517 2906 continue
3552 2848 3704 2919 dupla

1044 2931 1306 3004 Simplum
1344 2931 1485 2985 enim
1520 2935 1605 2985 est
1639 2926 1870 2996 angulus
1895 2926 1959 2995 B,
1997 2923 2221 2995 duplum
2258 2928 2322 2994 Ε,
2361 2930 2721 3001 quadruplum
2755 2930 2823 2998 D,
2865 2930 2972 2985 hoc
3008 2935 3092 2985 est
3125 2928 3301 2998 ipsius
3330 2928 3383 2983 Ε
3416 2927 3648 2998 duplum.

1219 3021 1446 3098 Quodsi
1509 3020 1658 3081 haec
1713 3018 1901 3095 figura
1960 3018 2411 3097 descriptionem
2468 3039 2636 3081 suam
2703 3030 2919 3082 certam
2979 3021 3159 3081 habet
3219 3028 3382 3079 extra
3439 3019 3704 3090 circulum,

1045 3126 1165 3170 non
1210 3111 1403 3169 minus
1450 3125 1627 3184 quam
1671 3106 1929 3166 habebat
1973 3121 2150 3181 supra
2195 3108 2715 3187 quinquangulum,
2763 3115 2991 3187 oportet
3036 3104 3134 3191 (ut
3166 3107 3293 3184 jam
3322 3106 3462 3167 olim
3489 3122 3705 3167 monue-

1045 3204 1181 3256 runt
1241 3196 1575 3272 Campanus
1638 3202 1697 3253 et
1753 3192 2147 3270 Hieronymus
2206 3193 2506 3255 Cardenus
2561 3204 2619 3256 et
2677 3194 2963 3256 Candalla
3005 3191 3294 3270 mussas),
3349 3187 3486 3255 ante
3539 3194 3707 3254 omnis

1051 3281 1197 3354 talia
1242 3282 1533 3357 triangula
1578 3279 1701 3340 dari
1745 3296 1951 3357 posse,
2013 3281 2165 3349 sicut
2208 3288 2344 3341 ante
2388 3290 2782 3362 pentagonum
2828 3283 3075 3344 dabatur
3131 3281 3510 3358 triangulum,
3567 3280 3707 3382 cnjus

1050 3380 1302 3447 uterque
1349 3369 1427 3429 ad
1487 3367 1654 3429 basin
1702 3374 1827 3427 erat
1872 3365 2083 3444 duplus
2148 3368 2348 3444 anguli
2392 3368 2468 3428 ad
2521 3373 2811 3431 verticem
2904 3370 3085 3446 Atqui
3145 3369 3390 3429 dabatur
3448 3369 3611 3429 nobis
3662 3368 3707 3423 in

1050 3456 1152 3517 illo
1197 3446 1488 3533 triangulo
1534 3456 1922 3533 pentagonico
1966 3453 2215 3515 laterum
2258 3459 2591 3534 proportio
2602 3467 2759 3519 certa
2806 3475 2875 3517 ex
2935 3456 3197 3534 angulis,
3258 3458 3318 3514 in
3372 3456 3485 3517 hoc
3524 3456 3708 3532 hepta-

1051 3545 1263 3621 gonico
1309 3541 1602 3620 triangulo
1648 3550 1804 3602 certa
1849 3543 2150 3619 proportio
2196 3542 2358 3604 nulla
2419 3544 2606 3604 datur.
2697 3543 2827 3605 Sint
2888 3547 3039 3604 enim
3083 3544 3130 3617 Ι,
3163 3541 3222 3603 Κ
3264 3546 3466 3621 signa,
3523 3543 3709 3645 quibus

1050 3631 1154 3691 BF
1185 3638 1433 3691 secatur
1476 3630 1553 3689 ab
1598 3628 1736 3701 ΕΗ,
1798 3627 1936 3702 EG,
1986 3630 2394 3690 trisecantibus
2454 3630 2732 3709 angulum
2778 3628 2949 3693 BEF.
3038 3630 3325 3707 Igitur.in
3371 3631 3535 3705 ΕΕῙ,
3593 3630 3711 3706 quia

1053 3720 1311 3779 bisectus
1356 3724 1445 3778 est
1490 3716 1739 3794 angulus
1783 3716 1946 3790 ΕΕῙ,
2009 3724 2105 3776 ιιι
2120 3718 2218 3776 FE
2265 3718 2341 3778 ad
2385 3718 2492 3793 EI,
2557 3721 2642 3779 sic
2687 3718 2792 3779 FK
2836 3718 2912 3779 ad
2955 3717 3062 3785 ΚΙ.
3151 3717 3267 3777 Sed
3312 3718 3412 3778 EF
3456 3724 3712 3795 aequatur

1052 3808 1162 3866 toti
1222 3804 1337 3881 F13
1401 3809 1489 3864 est
1546 3805 1700 3865 enim
1758 3803 1891 3862 FEI
1948 3804 2201 3879 partium
2243 3803 2289 3891 ἦ
2345 3807 2517 3866 unius
2571 3808 2741 3881 resti,
2801 3805 3058 3883 qualium
3119 3805 3251 3864 EFI
3317 3813 3408 3869 est
3460 3803 3533 3891 ⁸,
3592 3818 3709 3878 ergo

1054 3892 1184 3952 EIF
1232 3900 1322 3952 est
1368 3893 1544 3953 etiam
1588 3889 1650 3975 '⁴1²
1700 3907 1865 3952 crura
1910 3891 2084 3966 igitur
2129 3891 2247 3967 ΕΕ,
2296 3892 2393 3968 ΕΙ,
2441 3894 2786 3971 aequalibus
2832 3892 3062 3970 angulis
3107 3894 3409 3970 opposita,
3455 3899 3586 3953 sunt
3625 3906 3711 3949 ae-

1056 3978 1276 4056 qualia,
1324 3978 1646 4055 eademque
1692 3978 1763 4038 de
1811 3995 1991 4039 causa
2036 3981 2212 4038 etiam
2260 3978 2340 4039 EI
2369 3987 2429 4040 et
2457 3980 2541 4040 IB
2584 3990 2721 4042 sunt
2764 3981 3068 4057 aequales·
3117 3998 3296 4057 quare
3343 3981 3519 4062 etiam
3561 3986 3622 4038 nt
3647 3973 3713 4035 ΕΙ

1057 4067 1131 4126 ad
1178 4066 1277 4141 IB,
1325 4070 1411 4127 sic
1453 4063 1562 4128 ΕΚ
1608 4065 1684 4126 ad
1730 4064 1835 4124 KI.
1910 4064 2178 4143 Amplius
2222 4070 2283 4126 in
2311 4066 2516 4143 ΚΕΒ,
2539 4071 2679 4145 quia
2723 4067 2971 4146 angulus
3015 4067 3174 4127 ΚΕΒ
3219 4068 3476 4127 bisectus
3520 4074 3601 4127 est
3628 4078 3714 4141 per

1052 4153 1224 4213 ΕΙΗ.
1276 4163 1339 4213 ιιι
1384 4157 1560 4232 igitur
1602 4152 1712 4213 ΚΕ
1757 4152 1834 4213 ad
1876 4152 1997 4229 ΕΒ,
2040 4154 2125 4213 sic
2154 4153 2244 4214 ΚΙ
2288 4154 2364 4214 ad
2394 4155 2497 4215 113.
2574 4155 2654 4215 At
2695 4156 2802 4216 ΚΕ
2848 4162 2905 4216 et
2935 4156 3033 4215 FE
3078 4161 3213 4214 sunt
3257 4154 3550 4234 aequales,
3595 4151 3712 4228 quia

1057 4240 1217 4299 KEF
1265 4244 1670 4316 aequicrurum
1717 4249 1775 4299 et
1818 4240 2007 4300 simile
2052 4243 2164 4318 ipsi
2212 4240 2384 4316 EBF;
2430 4248 2553 4302 erat
2597 4234 2735 4303 ιρι-ο
2783 4244 2880 4303 EF
2925 4241 3186 4319 aequalis
3230 4244 3342 4320 ipsi
3386 4242 3484 4317 IF,
3534 4248 3589 4302 et
3628 4236 3711 4297 ΕΒ

1057 4334 1148 4387 est
1192 4326 1458 4403 aequalis
1504 4330 1614 4404 ipsi
1643 4328 1772 4398 FB;
1821 4345 1999 4404 quare
2046 4332 2222 4389 etiam
2268 4337 2332 4389 ut
2360 4329 2440 4389 IF
2487 4328 2564 4389 ad
2593 4329 2694 4389 FB
2739 4332 2825 4391 sic
2850 4330 2939 4390 ΚΙ
2986 4330 3062 4389 ad
3098 4329 3200 4390 IB.
3273 4330 3346 4389 In
3389 4328 3586 4389 eadem
3617 4326 3715 4402 igi·

1058 4420 1150 4473 tur
1196 4413 1317 4487 BF,
1366 4414 1648 4474 subtensa
1691 4414 1877 4474 tribus
1922 4417 2188 4492 septimis
2233 4417 2453 4491 circuli,
2500 4415 2651 4477 duae
2695 4426 2832 4479 suut
2871 4421 3141 4479 inventae
3169 4418 3568 4521 proportiones
3594 4428 3713 4491 par·

1056 4503 1204 4561 tium
1248 4501 1451 4560 trium.
1497 4503 1746 4578 primum
1804 4508 1869 4560 ut
1910 4502 2105 4563 media
2148 4504 2238 4563 ΚΙ
2295 4503 2370 4564 ad
2427 4506 2725 4568 minimam
2766 4507 2908 4578 ΚΕ,
2972 4508 3058 4567 sic
3101 4507 3352 4567 maxima
3398 4504 3479 4563 IB
3537 4502 3606 4562 ad
3646 4496 3712 4557 IF

1060 4590 1478 4693 compositam
1491 4606 1563 4651 ex
1608 4594 1853 4665 utraque
1896 4592 2144 4665 minore,
2201 4591 2315 4652 hoc
2372 4599 2461 4653 est
2513 4591 2590 4652 ad
2634 4594 2731 4653 FE
2787 4593 2941 4654 latus
3001 4592 3359 4671 septanguli·
3418 4594 3616 4653 iterum
3657 4591 3711 4643 ut

1056 4679 1313 4738 maxima
1343 4669 1427 4736 IB
1473 4676 1549 4736 ad
1593 4675 1845 4735 mediam
1876 4677 1983 4751 IK,
2028 4680 2114 4738 sic
2158 4685 2281 4739 tota
2311 4678 2413 4739 BF
2442 4679 2518 4740 ad
2547 4679 2627 4740 ΕΙ
2672 4683 3053 4759 compositam
3086 4698 3158 4742 ex
3192 4683 3229 4739 2
3261 4680 3526 4739 minimis.
3570 4675 3714 4735 Haec

1058 4765 1359 4843 proportio
1405 4765 1660 4840 speciem
1707 4763 1942 4841 quidem
1987 4782 2128 4843 prae
2184 4784 2247 4827 se
2291 4767 2400 4827 sert
2456 4771 2820 4829 necessariae
2865 4768 3360 4829 determinationis
3405 4766 3480 4826 ad
3522 4770 3711 4825 certam

1058 4861 1118 4914 et
1162 4870 1340 4912 unam
1383 4854 1818 4930 proportionem
1865 4853 2050 4930 ipsius
2095 4853 2194 4913 EF
2240 4853 2316 4914 ad
2362 4854 2508 4930 FB,
2531 4857 2921 4933 imposuitque
2969 4855 3255 4930 Cardano,
3303 4855 3400 4933 qui
3446 4870 3571 4913 cum
3613 4845 3711 4908 tale

1058 4939 1201 5017 quid
1263 4943 1321 5000 in
1376 4939 1657 5001 lateribus
1701 4939 1923 5001 scaleni
1976 4941 2254 5018 trianguli
2300 4942 2458 5002 BED
2505 4942 3035 5019 animadvertisset,
3101 4942 3258 5021 quod
3312 4942 3711 5021 proportionem

1057 5028 1331 5092 reflexam
1380 5027 1720 5107 appellavit,
1769 5027 1842 5089 de
1887 5030 2127 5089 invento
2172 5030 2503 5108 septanguli
2546 5023 2728 5092 latere
2774 5032 2983 5092 frustra
3025 5030 3308 5109 gloriatus
3352 5022 3526 5113 αι’)
3583 5023 3713 5084 Nam

1058 5114 1221 5176 nulla
1267 5122 1425 5177 certa
1468 5118 1732 5194 sequitur
1778 5118 2075 5194 quantitas
2121 5119 2303 5194 ipsius
2350 5119 2446 5178 EF
2493 5119 2588 5179 vel
2632 5118 2742 5196 1133
2804 5120 2944 5196 quia
2998 5119 3057 5179 id
3103 5118 3259 5196 quod
3302 5122 3568 5195 putamus
3621 5124 3712 5167 110⁸

1056 5204 1319 5266 nancisci
1363 5220 1584 5264 novum
1628 5206 1687 5264 in
1731 5204 1989 5266 secunda
2034 5207 2191 5280 vice,
2260 5205 2534 5268 coincidit
2593 5224 2723 5268 cum
2767 5209 2972 5285 primo.
3062 5205 3531 5283 Quotiescunque
3581 5198 3710 5259 enim

1059 5300 1198 5360 sunt
1243 5295 1283 5352 4
1328 5293 1813 5378 proportionales,
1861 5294 1919 5352 in
1965 5293 2178 5373 quibus
2223 5293 2372 5356 duae
2419 5297 2638 5376 primae
2683 5303 2938 5379 aequant
2982 5296 3242 5356 tertiam:
3302 5292 3367 5353 flt
3411 5293 3604 5362 etiam,
3647 5292 3712 5339 '¹¹1
