4242 6384
603 816 607 825 1
721 730 867 793 tana-111.
883 729 1022 807 Digressio
1039 731 1154 815 politius.
1548 738 1608 807 195

346 913 586 992 Reliquas-artis
609 917 830 990 compositones
853 914 968 991 regulas
989 914 1149 975 artificibus
1166 914 1236 993 ipsis
1257 913 1391 993 relinquo
1414 918 1608 995 comproban-

263 1000 314 1060 das
344 1011 402 1060 aut
432 1003 576 1061 rationem
607 1018 706 1060 earnm
734 1002 917 1064 reddendam.
962 1001 1036 1061 Mihi
1068 1005 1143 1061 euim
1173 1018 1248 1079 quae
1279 1002 1429 1081 nucusque
1460 1004 1608 1083 disputavi

260 1088 377 1147 abunde
402 1088 561 1162 sufiiciunt,
585 1107 651 1148 cum
674 1088 714 1173 ad
733 1099 867 1149 naturam
890 1100 991 1149 cantus
1014 1088 1230 1163 illustrandam,
1253 1092 1353 1166 primis
1375 1092 1479 1153 saltem
1502 1100 1531 1153 et
1552 1111 1607 1170 ge·

261 1176 415 1235 ncraiihns
437 1176 502 1253 ejus
525 1170 720 1236 tuirddmentis
743 1179 772 1234 in
795 1185 899 1236 natura
920 1178 1102 1247 monstratis,
1134 1182 1196 1237 tutu
1218 1180 1342 1237 maxime
1371 1178 1409 1237 ad
1431 1180 1610 1256 speculatio-

262 1282 310 1322 nes
333 1263 407 1323 libri
430 1262 469 1322 V.
492 1267 650 1341 sequentis,
674 1264 756 1341 cnjus
779 1262 844 1323 libri
865 1266 988 1347 materia
1010 1264 1080 1321 mihi
1104 1266 1206 1325 unicus
1234 1266 1263 1321 in
1285 1271 1347 1323 toto
1370 1282 1456 1343 opere
1478 1267 1543 1329 finis
1567 1276 1611 1329 est

260 1354 445 1426 propositus.
492 1354 684 1411 listronomns
712 1354 789 1411 enim
819 1368 874 1430 ego
901 1354 976 1411 sient
1005 1350 1041 1409 de
1063 1350 1162 1427 figuris
1190 1350 1373 1427 regularibus
1404 1353 1521 1431 disputo
1551 1360 1610 1415 non

261 1448 318 1496 nm
340 1440 524 1514 geometrice
547 1434 620 1520 (nisi
652 1440 701 1497 uhi
729 1437 781 1499 illa
809 1438 904 1498 adhuc
931 1438 1106 1522 incompleta
1139 1440 1202 1498 visa
1224 1434 1284 1521 est)
1308 1456 1394 1515 quarn
1417 1445 1610 1503 astronomica

260 1535 287 1583 et
307 1526 532 1603 metaphysica,
562 1529 604 1585 sic
627 1528 715 1585 etium
744 1524 780 1584 de
808 1538 909 1585 cantus
937 1524 1173 1602 proportionibus
1198 1526 1293 1587 scribo
1322 1544 1380 1586 non
1411 1536 1471 1587 tam
1499 1532 1609 1590 musice

261 1630 347 1687 qnam
371 1616 562 1689 geometrice,
584 1612 715 1689 physice,
739 1612 863 1689 denique
886 1616 1022 1689 ueprius,
1045 1615 1236 1675 astronomiae
1256 1622 1285 1673 et
1306 1616 1518 1693 metaphysica:
1542 1619 1611 1693 qnia

260 1704 333 1758 sicut
358 1702 535 1776 corporibus
567 1703 694 1776 quinque
716 1700 898 1776 regularibus
925 1718 961 1759 ex
982 1702 1157 1776 geometria,
1189 1702 1231 1761 sic
1258 1703 1345 1759 etlam
1373 1704 1609 1779 proportionibus

260 1796 383 1865 totoque
417 1794 564 1864 apparatu
595 1788 765 1847 harmonico
794 1806 828 1847 ex
859 1789 971 1845 musica
1003 1804 1076 1865 opus
1105 1787 1200 1849 habeo
1230 1787 1268 1849 ad
1292 1787 1477 1865 explicandas
1507 1807 1611 1851 causas

261 1876 464 1951 proportionis
492 1876 606 1933 orbium
638 1874 807 1934 coelestium
835 1876 1137 1951 eccentricitatumque
1168 1884 1198 1934 et
1229 1884 1360 1935 motuum
1389 1878 1418 1933 in
1449 1877 1610 1954 apsidihus.

261 1963 360 2021 Artem
388 1979 461 2023 vero
485 1961 678 2041 componendi
700 1968 811 2035 cantus,
836 1978 911 2037 qnae
933 1963 1031 2039 praxis
1054 1972 1098 2021 est
1113 1964 1233 2036 musica,
1256 1980 1441 2039 nequaqnam
1464 1964 1609 2041 profiteor,

262 2068 346 2125 quam
372 2067 413 2109 ex
436 2050 548 2109 etrtnsii
570 2066 657 2128 supra
680 2048 747 2109 dicti
771 2066 864 2124 exque
886 2048 968 2107 Sethi
991 2048 1125 2124 Calvisii,
1149 2051 1235 2111 amici
1258 2050 1403 2125 quondam
1426 2054 1492 2127 mei,
1516 2053 1606 2126 libris,

263 2138 294 2196 de
316 2144 384 2196 arte
410 2126 619 2213 compositoris
641 2145 742 2195 cautus
765 2135 860 2207 editis,
883 2138 990 2195 rectius
1012 2138 1063 2212 qni
1086 2136 1165 2196 volet
1187 2144 1283 2212 petet3
1306 2154 1380 2213 quos
1403 2139 1481 2215 ipsos
1504 2146 1610 2214 nmen,

264 2242 318 2283 non
341 2222 428 2301 qnod
452 2226 578 2301 optimos
601 2234 717 2301 putem,
740 2223 791 2294 scd
813 2226 882 2301 quia
905 2224 1058 2283 aliusnon
1082 2223 1159 2297 vidi,
1182 2226 1310 2284 nomino.

517 2440 568 2509 lie
597 2440 708 2509 tribus
735 2440 981 2510 medietatibus
1007 2438 1177 2524 digressio
1207 2438 1356 2527 politica.

345 2583 748 2653 renasceremur
770 2584 815 2639 lin
834 2584 877 2652 29)
899 2582 1086 2652 paragraphus
1110 2597 1226 2651 sequens
1250 2582 1310 2637 loco
1334 2598 1384 2637 suo
1407 2582 1534 2643 exclusus
1561 2592 1611 2651 est,

267 2661 335 2727 quon
352 2675 458 2731 operae
483 2661 550 2717 iulia
572 2662 734 2731 exemplaris
756 2662 865 2717 incaute
887 2660 1087 2717 distribuissent
1122 2701 1128 2714 .
1163 2699 1170 2713 .
1206 2661 1315 2731 (quippe
1342 2660 1395 2729 ²110)
1432 2700 1612 2720 .....

346 2754 458 2831 Neque
479 2764 576 2815 umen
606 2756 643 2813 oh
667 2754 697 2813 id
720 2754 950 2833 reprehendendi
972 2762 1040 2813 suut
1055 2763 1197 2825 auctores,
1222 2754 1271 2829 qui
1291 2756 1493 2830 proportiones
1508 2755 1612 2831 hujus-

268 2840 341 2899 nodi
363 2840 457 2901 titulo
477 2841 708 2901 humanitatum
730 2850 760 2899 ln
783 2860 872 2919 remp.
895 2843 1045 2918 recipiunt.
1065 2846 1139 2911 (Vide
1158 2850 1239 2897 lucum
1256 2848 1448 2910 pulcherrimum
1470 2850 1497 2897 in
1515 2850 1612 2899 liodinn

270 2925 430 2998 respubl.)
454 2928 529 2987 Nam
551 2932 606 2988 etsi
627 2946 738 3006 paucae
766 2947 802 2987 cx
824 2931 867 2988 sic
895 2929 1025 2989 termetis
1045 2944 1140 2987 meras
1167 2928 1332 2988 harmonias
1356 2926 1509 3003 deliniunt,
1543 2928 1613 2989 reii-

271 3033 339 3089 quae
361 3032 467 3076 omnes
493 3018 532 3075 ah
554 3017 712 3076 harmoniis
734 3016 848 3075 alienae
870 3026 952 3089 suut,
984 3032 1084 3074 omnes
1117 3024 1214 3073 tamen
1243 3014 1330 3091 hujus
1360 3013 1535 3075 definitionis
1556 3016 1613 3077 boc
1700 3066 1709 3075 .

270 3101 389 3177 hahent,
422 3103 503 3178 quod
525 3111 759 3179 contemperatae
787 3112 855 3161 sunt
885 3102 1085 3162 ex¹ambabus
1109 3102 1357 3177 proportionibus,
1381 3101 1563 3163 arithmetica
1584 3113 1613 3164 ei

272 3194 460 3264 geometrica3
484 3209 521 3250 cx
543 3209 602 3267 qua
626 3193 889 3269 contemperatione
911 3192 988 3250 inest
1011 3188 1069 3248 illis
1092 3188 1165 3247 haec
1187 3190 1215 3245 in
1231 3186 1304 3269 hiep.
1328 3188 1469 3265 aptitudo.
1514 3188 1613 3250 Vicis-

272 3278 321 3334 sim
342 3296 415 3337 rero
440 3278 470 3334 in
483 3278 558 3355 Rep.
581 3280 606 3336 si
629 3281 745 3355 quavis
768 3286 811 3335 cst
833 3277 1077 3349 harmonicarnm,
1105 3284 1138 3335 ut
1159 3274 1357 3346 harmonicae,
1381 3294 1475 3353 neque
1498 3286 1613 3338 nostrae

274 3364 440 3425 medietates
461 3364 647 3426 harmonicen
668 3367 766 3442 sperni
781 3370 925 3441 poterunt,
949 3380 1023 3439 quas
1037 3364 1141 3423 laxiori
1157 3362 1322 3423 definitione
1343 3365 1385 3422 sic
1400 3362 1497 3423 trado:
1527 3364 1615 3443 Quod

274 3454 305 3509 rit
324 3470 414 3512 omne
435 3452 481 3526 id,
505 3452 587 3529 quod
605 3451 761 3511 interoedit
782 3455 861 3510 iuter
874 3450 951 3510 duas
966 3468 1050 3511 voces
1059 3457 1263 3523 remanentes,
1286 3467 1453 3511 consonano
1473 3459 1501 3511 ct
1515 3454 1613 3528 iprum

276 3555 335 3597 arm
354 3540 481 3599 iilum
502 3548 642 3616 utraque.
671 3538 721 3597 ¹In
743 3538 921 3603 sectionibus
943 3540 1030 3614 igitur
1052 3544 1107 3597 etc.

356 3627 512 3686 Hactenus
542 3630 659 3687 omissa.
705 3626 777 3688 Cum
807 3634 906 3685 autem
928 3625 1034 3685 Bodini
1062 3624 1257 3683 meminissem
1284 3624 1404 3699 jamque
1435 3622 1516 3682 finito
1538 3624 1612 3685 libro

278 3716 353 3773 tertio
375 3724 407 3773 et
428 3714 532 3773 addito
553 3716 694 3791 superiori
722 3712 916 3789 paragrapho,
945 3716 1016 3773 satis
1040 3713 1192 3787 operatum
1217 3726 1281 3771 esse
1309 3710 1522 3770 mathematicis
1544 3728 1612 3790 spe-

278 3799 467 3861 culationibus
489 3804 679 3874 censuissem,
712 3801 794 3866 linita
825 3799 880 3860 hac
901 3801 1021 3875 spinosa
1049 3800 1185 3861 materia.
1215 3796 1325 3873 placuit
1355 3816 1391 3857 ex
1413 3799 1476 3873 ipso
1498 3798 1613 3857 Bodino

279 3892 428 3965 praecipua
450 3888 656 3965 disputationis
679 3888 765 3963 hujus
786 3888 925 3964 politicae
948 3889 1045 3961 capita
1067 3884 1280 3956 transscribere,
1303 3885 1400 3943 verbis
1416 3890 1444 3942 et
1460 3884 1559 3946 ordine
1582 3894 1615 3945 ui
1666 3930 1676 3967 :

279 3972 426 4047 plurimum
454 3994 490 4036 ex
511 3991 578 4035 meo
606 3975 663 4035 loci
684 3975 762 4034 iilius
786 3984 873 4051 captu
904 3974 1106 4044 conformatis,
1136 3978 1168 4029 ut
1197 3980 1225 4029 et
1246 3970 1320 4029 lucis
1342 3970 1453 4046 ¹aliquid
1483 3970 1613 4033 afferrem

280 4058 410 4140 lumper
433 4080 466 4123 se
488 4061 622 4137 oh‘seuro,
645 4064 752 4140 quippe
774 4061 906 4120 Bodinus
930 4077 964 4119 ex
988 4058 1201 4118 mathematicis
1224 4056 1383 4133 disciplinis
1406 4061 1551 4119 nonsatis
1573 4058 1612 4118 ad

281 4146 347 4210 bane
367 4150 599 4228 speculationem
622 4148 760 4226 praesidii
782 4147 897 4226 attulit,
926 4156 955 4206 et
977 4156 1009 4205 nt
1032 4145 1161 4206 taedium
1188 4160 1367 4204 morosarum
1391 4142 1616 4205 demonstratio-

283 4250 340 4295 num
369 4238 657 4310 matbematicarnm,
697 4235 803 4313 quibus
834 4243 914 4295 totns
944 4234 1018 4293 liber
1047 4239 1177 4304 constat,
1215 4231 1434 4308 interpositione
1465 4232 1616 4310 popularis

283 4320 418 4394 jucundae
446 4328 586 4386 materiae
616 4325 736 4385 lenirem
766 4338 895 4400 ususque
923 4322 987 4397 ejus
1016 4337 1073 4380 non
1107 4318 1215 4378 nullius
1248 4320 1277 4376 in
1309 4319 1511 4395 cognoscenda
1540 4318 1614 4397 Rep.

286 4420 392 4482 gustum
418 4412 594 4473 exhiberem.
638 4412 788 4488 Incipiam
810 4418 907 4470 autern
935 4410 972 4469 sb
996 4406 1190 4484 explicatione
1221 4407 1261 4467 rci
1283 4404 1488 4468 mathematica
1517 4408 1617 4467 fusiori

288 4497 371 4575 adque
393 4500 512 4560 lectoris
533 4517 593 4559 non
616 4499 813 4559 mathematici
836 4505 953 4575 captum
976 4494 1240 4555 accommodatiori.

362 4586 487 4663 Quando
509 4589 636 4647 numeris
651 4584 773 4662 aliquot,
796 4601 853 4643 non
870 4591 982 4645 attenta
1003 4600 1102 4643 eorum
1116 4580 1325 4660 magnitudine,
1349 4578 1493 4641 adduntur
1506 4598 1618 4657 aequa·

288 4666 335 4744 iia,
355 4683 423 4733 imre
446 4680 491 4735 est
513 4676 661 4753 proportio
683 4672 873 4733 arithmetica.
918 4669 972 4731 Ut:

379 4812 403 4880 3,
457 4810 483 4877 3,
535 4812 560 4877 h,
614 4809 656 4875 10,
710 4809 751 4875 ti,
805 4808 847 4859 38.
969 4804 1105 4871 Quantum
1122 4804 1192 4859 enim
1209 4804 1225 4861 u
1243 4805 1328 4872 mmor
1346 4812 1388 4859 est
1404 4820 1484 4873 quam
1502 4804 1533 4873 3,
1558 4811 1617 4861 tan·

293 4872 355 4931 ldie
380 4882 405 4949 3,
460 4882 484 4948 3,
537 4878 562 4946 3,
633 4880 657 4947 3,
727 4878 752 4944 3,
824 4875 848 4928 3.
901 4880 958 4929 tum
984 4874 1109 4938 (totidem
1135 4874 1374 4945 solimitatibus)
1404 4876 1436 4931 12
1463 4882 1506 4929 est
1532 4875 1619 4945 major

379 4944 857 4963 ‘ffl—————-d———t

379 4971 404 5035 o,
440 4969 483 5039 12,
535 4968 561 5035 8,
616 4969 656 5033 13,
711 4966 753 5033 20,
806 4964 847 5018 ιι,
902 4958 984 5013 uuam
1002 4946 1027 5000 9.

364 5076 446 5139 Haec
467 5078 616 5155 proportio
647 5077 677 5133 in
700 5072 757 5133 hoc
779 5072 911 5150 exemplo
934 5079 978 5132 est
1003 5071 1160 5148 disJuncta:
1191 5085 1259 5144 ergo
1286 5070 1434 5145 proportio
1464 5068 1618 5145 coniuncta

1396 5170 1461 5231 13*
