4242 6384
515 813 554 872 78
1106 803 1257 864 Dedicatio.

511 983 604 1045 valuti
634 991 735 1045 votum
764 999 860 1046 mcum
888 983 994 1062 legatis
1016 984 1074 1044 tuis
1096 983 1135 1046 ad
1156 983 1256 1046 aulam
1274 983 1490 1063 imperatoriam
1518 981 1609 1045 murel
1638 987 1731 1061 atque
1754 983 1858 1043 iterum

512 1079 651 1134 testatum
681 1072 744 1136 leci
788 1072 908 1147 Causas,
931 1071 967 1133 da
995 1071 1052 1132 boc
1079 1071 1323 1133 Harmonicorum
1349 1088 1480 1134 meorum
1505 1071 1667 1150 patrocinio
1696 1070 1857 1148 cogitandi,

513 1159 719 1239 suppeditabat
740 1160 811 1220 mihi
833 1160 1014 1220 dissonantia
1035 1158 1089 1220 illa
1109 1158 1262 1238 multiplex
1283 1162 1313 1218 in
1334 1161 1420 1221 rebus
1441 1160 1585 1234 humanis,
1611 1159 1771 1219 modesta
1793 1159 1859 1234 qui-

512 1247 587 1321 dem,
610 1255 642 1308 ut
664 1265 722 1308 non
743 1250 837 1325 possit
858 1263 916 1307 non
941 1245 1103 1324 offendere3
1126 1265 1163 1307 ex
1183 1249 1332 1308 concinnis
1348 1254 1446 1310 tamen
1467 1254 1498 1310 et
1511 1245 1672 1308 articulatis
1693 1244 1860 1308 intervallis

512 1335 645 1411 conflata,
668 1351 791 1412 quorum
814 1336 887 1396 haec
909 1341 954 1395 est
967 1341 1081 1411 natura,
1103 1342 1137 1394 ut
1151 1334 1283 1395 auditum
1297 1336 1328 1392 in
1340 1333 1438 1395 media
1453 1333 1650 1395 discordantia
1664 1335 1860 1412 promissione

509 1439 697 1484 successurae
719 1425 819 1483 snavh
851 1421 1021 1483 concordiae
1043 1421 1207 1484 demulceat
1237 1421 1427 1499 ejusdemquo
1453 1423 1670 1502 exspectatione
1699 1427 1860 1481 emicaret.

512 1509 666 1571 Enimvero
698 1508 787 1588 digna
822 1517 883 1571 erat
910 1511 1027 1570 homine
1050 1509 1214 1570 Christiano
1242 1511 1394 1588 persuasio
1401 1553 1411 1585 ,
1438 1509 1534 1570 Deum
1556 1526 1637 1583 esse,
1669 1510 1721 1586 qni
1746 1525 1862 1568 omnem

493 1597 668 1670 ‚melodiam
690 1597 936 1658 vitaehumanae
964 1597 1179 1672 moderaretur,
1211 1596 1301 1674 digna
1322 1595 1521 1675 magnitudine
1543 1598 1599 1658 Dei
1621 1587 1777 1675 patientia,
1804 1612 1861 1653 non

434 1762 437 1768 Ι
512 1685 620 1746 offendi
641 1685 806 1762 prolixitate
829 1685 1073 1746 dissonantiarum
1094 1701 1149 1745 nec
1170 1701 1237 1762 spes
1259 1685 1400 1761 abjicereq
1421 1691 1612 1764 reputantem,
1634 1700 1694 1742 non
1708 1684 1771 1743 Dei
1792 1699 1861 1760 pro·

513 1769 675 1842 videntium
697 1771 774 1834 lente
796 1791 893 1850 agere,
916 1771 969 1832 sed
990 1780 1122 1832 nostrum
1140 1772 1323 1850 singulorum
1344 1773 1411 1833 aevi
1432 1773 1558 1852 spatium
1574 1770 1714 1833 velociter
1728 1771 1859 1831 avolare

461 1897 463 1902 ·
513 1860 649 1920 Ducebar
673 1860 808 1936 equidem
822 1863 912 1920 sacris
927 1861 1064 1941 oraculis,
1086 1860 1184 1920 omnia
1200 1859 1296 1920 aDeo
1319 1862 1404 1920 certis
1427 1867 1457 1919 et
1478 1859 1660 1921 smutaubus‘
1677 1859 1785 1918 usibus
1799 1875 1861 1918 esse

516 1947 670 2022 desanaus,
694 1950 783 2008 ctiam
806 1948 926 2008 dissona
947 1950 1013 2022 ista,
1036 1946 1076 2008 ad
1098 1946 1301 2008 elucidandam
1323 1954 1352 2007 et
1367 1947 1627 2008 commendandam
1648 1947 1860 2006 consonantiae

512 2035 696 2095 suavitatem.
742 2035 800 2094 Gur
821 2042 920 2096 autem
941 2053 960 2096 a
982 2043 1033 2096 tua
1053 2036 1239 2114 potissimum
1259 2033 1360 2113 Harpe
1376 2033 1529 2104 Dauidica,
1551 2034 1615 2095 Rex
1629 2033 1756 2112 inclyte,
1780 2035 1860 2110 prin-

512 2123 620 2200 cipium
646 2120 766 2199 aliquod
795 2131 962 2200 exspectare
985 2124 1193 2183 consonantiae
1214 2121 1420 2183 restaurandae
1445 2121 1590 2182 desideria
1615 2139 1682 2181 mea
1703 2138 1753 2181 rue
1772 2120 1863 2196 juhe-

511 2216 590 2268 rent:
621 2211 676 2270 etsi
698 2227 757 2269 non
780 2218 825 2270 eat
847 2211 934 2287 huJ'us
956 2210 1015 2270 loci
1037 2210 1130 2270 insius
1152 2209 1315 2288 explicare,
1338 2227 1375 2270 ne
1397 2208 1570 2288 prudentum
1592 2210 1702 2268 monita
1725 2216 1860 2269 cuntem-

511 2313 579 2356 nere
605 2293 721 2370 videa'r,
744 2296 820 2358 banc
834 2305 930 2360 umen
952 2305 1015 2358 toto
1039 2296 1149 2370 eludam
1171 2299 1209 2357 ab
1233 2299 1302 2358 orbe
1317 2297 1604 2376 coulessampartem
1628 2296 1741 2374 moriae
1765 2312 1861 2354 rerum

511 2385 565 2444 ahs
587 2383 630 2444 Te
652 2392 799 2462 gestamm
825 2388 968 2462 ablegare
998 2378 1090 2446 'nemo
1112 2383 1282 2462 probibeat:
1313 2383 1394 2460 qnod
1415 2383 1542 2461 Angliae
1571 2399 1694 2460 regnum
1720 2381 1861 2443 haeredi-

512 2477 572 2532 tate
595 2479 624 2531 et
646 2489 789 2532 consensu
810 2473 912 2550 populi
933 2471 1066 2550 adeptor,
1088 2473 1170 2532 brevi
1192 2470 1237 2532 illi
1259 2488 1409 2533 commane
1424 2487 1490 2532 cum
1504 2471 1607 2549 Regno
1621 2471 1751 2545 iieodse,
1774 2469 1862 2545 Mag-

513 2575 569 2618 nae
592 2557 760 2620 Britanniae
792 2577 897 2621 nomen
921 2559 1043 2635 dedisti,
1073 2575 1110 2619 ex
1131 2567 1257 2636 ubsque
1291 2560 1443 2638 provincia
1463 2558 1598 2636 Regnum
1618 2565 1647 2619 et
1667 2556 1861 2618 Harmoniam

512 2648 706 2726 unam-(nam
728 2647 799 2724 quid
820 2648 904 2708 aliud
928 2657 973 2708 est
994 2648 1145 2724 Regnum,
1168 2663 1257 2724 qnam
1279 2645 1454 2722 Harmonia)
1476 2645 1716 2723 contempersati,
1747 2644 1860 2706 discor-

512 2732 589 2793 diam
611 2733 832 2794 haereditariam
855 2738 1005 2796 uatiormm
1027 2735 1286 2794 intensissimamm
1307 2735 1474 2795 ielicissima
1496 2732 1658 2807 sustulisti,
1687 2735 1860 2793 memoriam

511 2821 677 2882 crebrarum
699 2829 728 2882 et
750 2825 1013 2884 cruentissimarum
1035 2821 1171 2894 cladum,
1195 2823 1302 2898 quibus
1324 2839 1380 2884 ceu
1400 2822 1479 2882 ιιοιὶι
1500 2819 1676 2898 quibusdam
1697 2824 1791 2882 series
1813 2836 1860 2880 se-

512 2909 644 2970 culorum
671 2917 734 2971 arat
763 2913 955 2986 interstincta,
986 2911 1102 2988 penitus
1129 2911 1301 2980 exstinxisti
1345 2908 1414 2968 Hoc
1439 2907 1631 2970 domesticum
1661 2915 1751 2970 tuum
1784 2923 1858 2986 opus

513 3013 599 3066 omen
620 2993 706 3078 (iuter
728 3003 824 3058 cetera
846 2993 1067 3078 ponderosiora)
1096 3014 1155 3056 non
1180 2996 1300 3058 nidum
1327 2996 1399 3057 mibi
1422 2997 1568 3058 continere
1598 2994 1772 3076 videbatur,
1800 2995 1858 3053 lore

513 3091 547 3142 ut
569 3085 658 3144 etiam
680 3083 764 3158 loris,
793 3083 857 3146 Rex
878 3087 952 3145 inter
974 3083 1087 3161 Reges,
1115 3081 1200 3144 Fidei
1221 3085 1365 3165 Deieuspr
1393 3085 1468 3144 inter
1490 3082 1597 3144 Christi
1618 3081 1736 3164 fideles,
1764 3081 1858 3158 majus

513 3168 635 3248 aliquod
657 3178 687 3232 et
707 3174 902 3248 praestantius
925 3173 1072 3251 etiamque
1095 3168 1256 3250 durabilius
1284 3189 1357 3250 opus
1389 3169 1558 3250 perficeres:
1586 3169 1811 3248 quodquidam
1832 3175 1859 3226 et

512 3259 592 3318 uotis
613 3259 687 3318 meis
709 3259 807 3318 tacitis
828 3265 858 3319 et
880 3260 1057 3320 ominatione
1087 3257 1206 3337 publiea
1226 3261 1257 3316 in
1277 3259 1353 3320 libro
1376 3258 1413 3320 de
1434 3256 1528 3321 Stella
1547 3255 1645 3338 Nora,
1667 3274 1744 3334 quae
1764 3256 1859 3317 veluti

513 3343 706 3406 carbunculus
735 3345 848 3406 arderet
871 3345 968 3426 (notus
990 3346 1107 3407 Seotiae
1130 3342 1310 3426 versiculus),
1337 3362 1402 3405 sum
1428 3354 1606 3424 prosecutus.
1649 3345 1760 3422 Itaque,
1778 3342 1859 3405 velut

505 3433 574 3510 ¹jaus
596 3432 737 3508 conlecto,
766 3432 846 3510 quod
874 3435 1012 3512 optabam
1040 3440 1071 3494 ct
1091 3434 1272 3510 augmabar,
1302 3432 1476 3497 Hermastus
1503 3441 1565 3498 tan
1591 3429 1747 3508 laudabili,
1779 3446 1858 3492 meas

513 3519 672 3598 aliquando
696 3518 861 3582 Mandanes
883 3520 1059 3583 Harmoniae
1080 3523 1212 3582 accinere
1233 3528 1315 3587 muto
1335 3519 1446 3580 firmius
1467 3519 1538 3582 mihi
1558 3521 1769 3600 proponebam.
1883 3589 1887 3600 ‚

599 3606 714 3668 Vellem
736 3607 801 3690 bic,
830 3609 1040 3670 dissonantiam
1062 3608 1210 3686 publicam
1231 3625 1338 3669 vocum
1358 3609 1497 3668 ananam
1518 3608 1747 3688 obstrepentium
1769 3603 1858 3686 paulo

512 3694 584 3756 mihi
605 3696 749 3756 mitiorem
771 3713 845 3772 esse,
868 3704 901 3756 ut
923 3695 1017 3758 audiri
1038 3694 1158 3774 publice
1179 3713 1215 3758 ex
1237 3697 1326 3756 animi
1347 3697 1405 3756 mei
1426 3696 1571 3774 ιιιιιιιιιιίιι
1592 3713 1724 3774 possem:
1748 3712 1810 3774 qua
1829 3695 1859 3751 iu

512 3799 544 3844 re
567 3784 650 3846 visus
671 3783 758 3844 luerit
775 3782 926 3863 adspirare
948 3786 1027 3845 rotis
1049 3782 1195 3846 eventus?
1223 3800 1299 3862 quae
1321 3783 1443 3844 vulnera
1464 3785 1582 3862 eapitis,
1610 3784 1717 3860 quihus
1739 3783 1858 3844 harmo-

513 3871 569 3930 niis
591 3877 717 3947 tentata,
748 3890 768 3934 a
789 3889 848 3950 quo
869 3869 1003 3934 medicei
1033 3878 1064 3932 et
1092 3878 1125 3940 ut
1150 3873 1240 3932 etiam
1265 3871 1344 3932 bunc
1372 3888 1428 3948 ego
1455 3873 1486 3930 in
1506 3870 1582 3932 libro
1605 3869 1642 3931 de
1665 3868 1751 3932 stella
1771 3869 1858 3930 Nova

511 3955 600 4036 longe
624 3965 712 4020 antea
733 3961 811 4020 vivis
833 3959 979 4022 coloribus
1002 3957 1204 4036 depinxerim?
1232 3958 1275 4018 At
1296 3957 1521 4038 quodnamurit
1542 3959 1812 4036 operaepretium,
1834 3954 1857 4012 si

512 4037 694 4108 harmoniam
716 4047 854 4108 affectans
877 4049 992 4128 privato
1014 4049 1139 4127 strepitu
1159 4063 1215 4108 nec
1235 4048 1353 4108 mecam
1366 4046 1497 4106 fremitus
1512 4044 1645 4124 publicos
1659 4045 1857 4106 imbecillitate

512 4131 636 4194 laterum
658 4142 688 4195 et
708 4135 857 4197 molestias
878 4135 998 4198 absurdi
1020 4141 1177 4196 coercemus
1199 4136 1230 4194 in
1250 4137 1324 4195 meis
1345 4134 1465 4196 aruihns
1486 4135 1605 4211 insuper
1626 4133 1777 4212 augeam?
1798 4131 1857 4191 Fa·

513 4221 633 4282 tendum
656 4223 790 4298 equidem
814 4230 867 4300 est,
890 4221 966 4303 proh
988 4221 1081 4302 dolor,
1103 4230 1215 4283 tumere
1235 4221 1333 4281 adhuc
1353 4220 1459 4281 vulnus
1482 4220 1677 4296 decussatum,
1702 4237 1741 4280 an
1761 4217 1857 4281 mdo·

511 4325 577 4368 mus
598 4311 749 4370 sacratiori
771 4309 951 4388 ichciorique
977 4308 1141 4381 vocabulo,
1168 4308 1349 4383 auciiorme,
1380 4315 1507 4388 tumere,
1540 4309 1677 4385 inqmm,
1704 4305 1856 4385 multipiici

512 4393 613 4472 labro,
643 4402 674 4455 et
694 4395 776 4455 nullo
809 4396 926 4456 illorum
948 4397 1138 4472 connivente,
1168 4393 1341 4457 medicinam
1362 4393 1504 4457 Ιιιιοιιιιιιι
1524 4394 1637 4466 irritam
1665 4395 1856 4469 omnibusque

512 4482 645 4560 partibus
667 4471 796 4556 irrisam,
819 4491 973 4562 propterea
996 4482 1076 4559 quod
1097 4482 1243 4561 medicus,
1265 4489 1299 4544 ut
1318 4499 1407 4562 aegro
1430 4482 1520 4546 aare
1542 4481 1731 4562 pharmacum
1751 4481 1855 4542 fallens

516 4571 638 4646 ingerat,
660 4565 753 4652 multa
774 4569 900 4644 simulet,
913 4565 1016 4630 *multa
1031 4569 1118 4643 dicat,
1140 4587 1216 4648 quaa
1238 4588 1258 4631 a
1271 4585 1345 4631 sana
1357 4573 1470 4634 ratione
1483 4570 1639 4651 plurimum
1657 4569 1740 4633 abire
1754 4569 1855 4630 viden·

513 4662 568 4716 tnr.
611 4655 738 4718 Recreor
759 4663 856 4719 umen
878 4655 934 4721 hac
956 4659 1021 4736 ipsa
1042 4659 1232 4737 cogitatione,
1253 4657 1333 4734 quod
1354 4675 1506 4736 supremus
1519 4658 1672 4720 vulnerum
1693 4664 1855 4737 nocherum

513 4742 636 4804 Curatur
656 4746 729 4806 artis
750 4761 822 4818 suae
844 4751 940 4812 certus
962 4747 1000 4808 sit
1022 4761 1076 4809 nec
1098 4747 1255 4822 quicquam
1275 4745 1382 4806 trustra
1402 4746 1540 4825 applicet
1583 4743 1662 4824 Hrgo
1684 4747 1734 4823 qni
1756 4757 1854 4806 euram

509 4830 573 4907 jam
595 4837 640 4892 est
661 4849 835 4910 aggressus,
868 4833 918 4910 qui
943 4831 1006 4908 jam
1028 4831 1194 4911 expedivit,
1217 4832 1281 4909 jam
1309 4819 1418 4892 mundo
1445 4835 1618 4895 monstravit
1644 4831 1854 4898 comolidaatis

512 4919 578 4992 ista,
601 4920 716 4980 interim
738 4919 808 4982 vero
830 4937 882 5000 per
904 4919 1085 4980 calamitates
1107 4918 1242 4999 publicas
1263 4919 1450 4982 erodentibus
1471 4923 1569 4996 utitur,
1593 4919 1691 4998 quoad
1706 4925 1854 4988 consumta

513 5003 598 5066 carne
620 5007 738 5086 putrida
758 5015 788 5070 at
810 5007 888 5082 lara,
919 5006 1069 5068 chadutis
1098 5007 1210 5070 scilicet
1231 5009 1392 5087 munem,
1409 5024 1525 5073 seusus
1555 5006 1662 5087 aliquis
1688 5000 1798 5071 doloris
1817 5001 1853 5066 sd

512 5095 600 5154 uiuae
622 5097 716 5156 earnis
738 5093 964 5173 profunditatem
987 5093 1184 5161 descenderit:
1214 5093 1293 5155 idem
1321 5093 1423 5176 procul
1451 5093 1541 5157 dubio
1566 5095 1741 5156 lenientibus
1767 5097 1853 5156 eoam

510 5185 610 5249 utetur
632 5199 722 5262 prope
750 5181 827 5244 diem
856 5181 895 5243 ad
917 5181 1126 5262 deprimendos
1142 5189 1286 5263 tumores,
1313 5190 1347 5244 ut
1375 5181 1624 5247 consolidantibua
1649 5181 1708 5268 illis
1730 5181 1853 5259 denique

512 5267 595 5331 locus
626 5286 690 5332 esse
718 5273 813 5350 possit
847 5269 1025 5348 tandemque
1058 5269 1239 5334 diuonanha
1267 5269 1341 5332 baec
1370 5269 1506 5333 dietum
1535 5268 1581 5354 (ιιι
1609 5270 1648 5332 ad
1675 5273 1853 5350 propositam
