4242 6384
520 755 582 821 att
1037 758 1187 818 huiemael
1203 759 1356 818 fflrmcnla

516 926 689 988 hamaticae
707 929 742 988 ab
759 929 819 988 aliis
838 933 979 1006 creaturis,
999 950 1079 1006 qnae,
1098 936 1196 994 mentis
1214 944 1363 1008 compotes,
1381 935 1443 996 illan
1460 938 1601 1010 percipere
1611 947 1678 996 eunt
1688 947 1775 1010 aptae.
1799 939 1852 996 iris

515 1005 577 1064 libri
595 1009 646 1066 mei
662 1011 754 1080 quarti
771 1011 860 1082 capite
876 1013 964 1070 tertie
1561 1017 1564 1028 '

535 1163 572 1177 ..
604 1087 677 1146 licta
694 1089 741 1145 IV.
777 1092 907 1160 lesciis,
927 1093 973 1168 ait,
992 1095 1035 1165 iis,
1054 1097 1276 1168 qumseprimo
1295 1105 1401 1174 moueat
1427 1115 1547 1170 quaeqae
1569 1105 1634 1154 aaut
1650 1103 1773 1158 ναιιοιιιι
1784 1105 1857 1171 porti·

516 1177 597 1234 etpso,
617 1168 753 1224 euidenter
770 1173 892 1242 conspici
906 1179 1037 1241 murum
1048 1173 1246 1232 harmonicam.
1282 1175 1351 1230 Num
1365 1177 1454 1230 omnia
1472 1175 1580 1246 quidem
1599 1177 1656 1232 suis
1669 1187 1794 1236 constare
1810 1199 1858 1250 pro·

516 1242 702 1315 portionibus,
721 1248 748 1302 in
768 1249 810 1303 his
829 1251 961 1306 contineri
981 1251 1107 1312 salutem.
1136 1253 1161 1306 iu
1182 1254 1323 1308 contrariis
1342 1255 1493 1324 interitum,
1513 1253 1561 1311 sed
1579 1255 1606 1309 id
1626 1273 1685 1312 non
1704 1259 1734 1312 in
1753 1261 1860 1315 omnibus

516 1335 578 1375 esee
595 1326 787 1394 conspicuum,
816 1345 871 1383 uon
889 1335 963 1386 certe
989 1331 1017 1384 in
1041 1333 1171 1388 materiae
1194 1333 1416 1404 alterationibos3
1443 1351 1514 1404 quae
1539 1333 1673 1403 subjectio
1703 1335 1817 1391 refertur
1835 1339 1862 1392 sd

515 1401 726 1490 praemissorum
743 1408 893 1462 membrum
911 1409 1040 1475 rherum,
1064 1411 1137 1480 quod
1156 1411 1277 1482 dixerat,
1302 1415 1390 1470 omnir
1409 1417 1465 1472 suis
1493 1419 1618 1475 constare
1643 1417 1863 1486 proportionibus.

516 1483 598 1567 aram
615 1482 764 1538 mundum
782 1493 899 1544 motum.
917 1485 971 1542 hoc
988 1495 1032 1542 est
1048 1490 1140 1544 omnia
1158 1491 1230 1560 gigni
1249 1495 1372 1560 tandem,
1396 1497 1420 1550 si
1438 1504 1530 1552 certae
1548 1499 1745 1554 alienationum
1765 1511 1863 1565 propur—
1893 1491 1894 1498 ’

516 1562 605 1612 maen
622 1565 837 1632 pmeecseerint3
860 1566 904 1622 val
922 1568 945 1621 si
962 1577 1054 1622 certas
1073 1569 1127 1624 sint
1152 1571 1180 1624 in
1198 1587 1227 1626 re
1244 1573 1305 1642 ipsa
1323 1577 1513 1644 proportiones
1537 1578 1703 1646 qualitatum
1723 1576 1864 1644 etquauti·

515 1641 610 1706 tatum,
629 1646 688 1693 tum
705 1658 865 1710 permanere
883 1645 922 1700 rei
941 1662 1018 1701 suam
1036 1647 1162 1716 sormam3
1184 1652 1207 1704 si
1225 1667 1289 1706 roro
1308 1653 1453 1710 turbantur
1470 1655 1541 1723 illae,
1559 1658 1658 1725 perire.
1698 1657 1762 1710 Hoc
1778 1655 1865 1721 Ariste

450 1733 460 1744 “
516 1710 598 1783 teies,
617 1725 698 1805 pulo,
722 1724 815 1778 mnia
832 1724 953 1794 appellnt
971 1727 1175 1784 elementorum.
1211 1730 1308 1800 Neque
1327 1739 1420 1788 teman
1435 1733 1499 1790 ideo
1522 1734 1590 1790 haec
1608 1735 1774 1790 hermonien
1790 1749 1864 1787 rernm

517 1803 657 1861 proportio
675 1815 725 1866 pro
742 1799 878 1858 efficiente
896 1819 980 1860 cansa
998 1806 1187 1876 coustitutum
1207 1809 1235 1864 iu
1249 1809 1350 1866 talibus
1362 1811 1511 1868 materiatis
1533 1819 1561 1868 ct
1578 1813 1755 1870 naturalibus
1774 1811 1866 1867 sufficit

516 1878 547 1924 ut
566 1889 649 1928 cansa
668 1876 710 1947 sit,
726 1880 788 1935 sine
807 1895 861 1950 qua
877 1897 941 1936 uon.
978 1881 1101 1938 Observa
1120 1901 1183 1950 vero
1202 1886 1247 1942 hic
1262 1887 1370 1944 mudum
1389 1887 1530 1957 loquendi:
1552 1892 1749 1950 »Harmoniae
1764 1892 1866 1946 ratioet

512 1967 565 2041 ptr
583 1955 676 2042 olenio
694 1963 720 2012 et
737 1960 939 2015 accersissem
957 1967 1050 2017 tuetur
1066 1963 1236 2036 insubjectus
1254 1969 1336 2024 rabac
1348 1971 1543 2040 proportiones
1553 1971 1761 2030 ammonicam«
1797 1962 1867 2036 Quieti

517 2033 553 2082 ert
566 2027 663 2120 ‘aliqua
681 2051 776 2106 cansa,
805 2055 886 2108 quam
903 2038 1035 2097 rationem
1054 2043 1188 2114 appellat,
1216 2044 1278 2100 insa
1296 2061 1345 2114 per
1362 2062 1406 2102 res
1425 2047 1566 2104 universas
1592 2055 1620 2102 et
1638 2054 1774 2117 separata
1792 2062 1809 2100 a
1824 2048 1867 2100 siu·

516 2107 596 2176 gulis,
615 2109 772 2202 harmoniae
790 2115 817 2171 in
836 2115 891 2172 illis
908 2126 1011 2172 auctor.
1048 2121 1081 2176 In
1099 2138 1203 2178 summe
1222 2124 1282 2192 ipsa
1300 2125 1340 2178 rei
1357 2123 1492 2180 euidentia
1503 2125 1661 2184 Ptolemaeo
1691 2133 1725 2181 et
1739 2126 1866 2194 ignoranti

518 2201 611 2242 uocem
629 2190 703 2247 rilem
722 2195 896 2262 virgilianam
915 2200 1053 2267 exprimit:
1079 2201 1166 2258 ileum
1186 2204 1225 2256 ire
1243 2218 1293 2272 per
1310 2220 1405 2260 ornnes
1426 2201 1692 2274 terras'tractusqns
1717 2205 1802 2259 maris
1819 2219 1868 2258 coe

516 2263 628 2338 lemque
642 2273 817 2340 protundum.
1749 2344 1753 2358 ¹

606 2350 705 2420 littus
722 2360 846 2426 agnoscit
863 2361 944 2418 eiiam
962 2363 1096 2420 rationem
1114 2361 1300 2430 sublunarem,
1325 2377 1394 2432 quac
1413 2362 1494 2416 etium
1513 2369 1629 2416 menum
1654 2363 1780 2420 hominis
1799 2362 1867 2417 ratio-

518 2439 633 2496 nemque
651 2432 897 2500 (desiccantem
913 2446 1005 2510 unam)
1024 2444 1052 2496 in
1070 2442 1257 2496 harmonicum
1275 2447 1399 2496 ornatum
1418 2440 1570 2512 descripsit.
1642 2507 1645 2512 1

602 2509 679 2598 licta
696 2513 729 2570 V.
766 2518 891 2590 Caumm,
910 2538 960 2583 cur
976 2539 1030 2578 non
1048 2521 1298 2578 animadvertantur
1315 2519 1504 2590 proportiones
1523 2521 1550 2576 in
1568 2522 1697 2590 materia,
1719 2523 1824 2592 aliegat
1837 2521 1868 2572 in·

519 2583 695 2678 §tabilitatem
713 2594 780 2664 ejus.
818 2599 878 2654 iioc
895 2600 987 2659 multis
1004 2599 1091 2656 modis
1110 2599 1223 2668 intelligi
1241 2609 1343 2670 potest.
1381 2599 1431 2654 Vel
1450 2601 1536 2665 enim,
1554 2601 1628 2670 quod
1646 2609 1713 2656 sunt
1736 2601 1866 2656 materiata

518 2677 547 2716 rn
566 2672 694 2724 contiuuo
712 2684 859 2744 augmento
876 2685 926 2732 aut
943 2678 1129 2745 decremento,
1148 2679 1221 2732 utin
1241 2679 1351 2736 animab
1362 2680 1465 2736 sanitas
1483 2681 1633 2737 etmorbus
1654 2679 1866 2736 immnsshsima

473 2772 477 2782 ι
518 2738 621 2831 habent
638 2751 836 2819 successiones,
853 2761 884 2810 ut
902 2757 1003 2815 animal
1022 2755 1078 2810 iere
1097 2773 1234 2826 uunquam
1254 2757 1296 2814 voi
1309 2774 1382 2828 ¹pure
1400 2773 1495 2812 sanum
1514 2756 1610 2812 situel
1628 2774 1697 2826 pure
1711 2756 1865 2814 morbidum}

517 2815 601 2888 idque
619 2832 675 2881 ιιιιι
692 2832 840 2892 secundum
859 2834 965 2904 copiam
982 2835 1126 2892 humorum
1144 2836 1215 2890 inter
1228 2851 1257 2890 se
1276 2837 1452 2904 diuersorum,
1470 2853 1550 2906 quam
1564 2837 1715 2894 secundnm
1730 2837 1866 2908 qualitates

519 2905 641 2987 torporis
659 2923 693 2963 ex
712 2910 771 2965 aliis
789 2914 880 2969 censis
892 2915 1056 2977 ‚existentes
1093 2913 1195 2981 Quodsi
1220 2914 1277 2968 iere
1297 2929 1434 2982 nunquam
1453 2915 1546 2970 existit
1563 2915 1590 2970 in
1608 2915 1719 2972 animali
1739 2917 1782 2986 id,
1809 2912 1867 2984 quod

516 2988 623 3042 iustum
650 2993 679 3041 et
696 2988 848 3046 dimensum
871 2999 927 3060 est,
955 3008 1019 3063 erpo
1038 2993 1119 3046 etiam
1138 2993 1297 3062 principium
1326 3009 1380 3048 non
1403 2993 1484 3048 detur
1509 2995 1764 3064 comprehensionis
1788 2996 1867 3066 jusus

519 3063 716 3134 proportionis,
743 3069 809 3136 qnia
832 3069 878 3124 hic
896 3070 984 3127 locum
1002 3071 1087 3126 habet
1111 3071 1178 3126 iliud
1197 3071 1317 3126 axioma:
1346 3070 1418 3139 quod
1445 3071 1511 3126 nihii
1530 3074 1621 3128 veniat
1648 3075 1675 3128 in
1698 3075 1867 3134 intellectum·

520 3138 592 3207 quod
609 3155 666 3196 non
683 3146 759 3212 prius
782 3149 865 3204 luerit
882 3152 911 3205 in
928 3167 1019 3206 sensu.
1055 3139 1131 3206 Haec
1150 3158 1241 3206 curtem
1264 3158 1330 3206 tunc
1348 3151 1517 3206 selummodo
1542 3151 1631 3206 iocum
1651 3153 1774 3218 hahent,
1800 3155 1821 3206 si
1837 3154 1866 3204 iu·

519 3213 647 3276 tellectus
664 3239 720 3282 nou
737 3225 819 3282 luerit
836 3231 877 3284 rei
894 3230 1100 3300 cognoscendae
1117 3220 1295 3296 architectus,
1321 3245 1409 3298 neque
1426 3228 1514 3284 ideam
1539 3246 1589 3286 nec
1611 3232 1792 3302 archetypam
1817 3231 1865 3296 ejus

520 3315 615 3356 tecum
631 3305 707 3362 intus
725 3305 1036 3378 mompsuestinae
1054 3309 1101 3363 ille
1120 3325 1180 3364 esse
1198 3308 1306 3368 debeat,
1343 3309 1412 3364 Nem
1430 3308 1482 3362 hoc
1501 3310 1524 3364 si
1542 3317 1629 3378 meat,
1651 3319 1683 3368 nt
1701 3319 1748 3366 est
1766 3311 1795 3366 in
1813 3307 1865 3364 diui·

520 3381 563 3464 fris
580 3383 703 3452 adeoque
721 3383 803 3440 etiarn
820 3386 848 3440 iu
866 3387 991 3442 humanis
1004 3389 1142 3456 operibus,
1161 3395 1227 3442 tune
1239 3387 1307 3442 nihil
1318 3381 1463 3454 impediret
1474 3387 1513 3442 rei
1525 3387 1702 3456 instabilitas,
1719 3406 1777 3458 quo
1792 3388 1866 3444 minus

519 3456 554 3511 tis
572 3463 723 3529 momentis,
756 3461 855 3532 quihus
873 3459 1008 3520 motus'in
1024 3465 1241 3536 proportionalia
1259 3467 1346 3532 uenit,
1373 3465 1514 3534 proportio
1537 3473 1717 3534 agnoscatur,
1745 3465 1867 3536 siquiden
1894 3466 1895 3523 i

520 3536 677 3596 intellectus
694 3539 740 3594 iiie
759 3540 918 3598 facultatem
935 3543 1037 3600 babeat
1054 3544 1245 3614 percipiendae
1268 3543 1308 3598 rei
1326 3551 1405 3598 extre
1424 3560 1453 3598 se
1479 3543 1651 3598 constitutae.
1689 3544 1749 3614 Quo
1773 3542 1866 3598 nomine

520 3615 627 3674 ridetur
644 3620 700 3672 non
718 3617 882 3674 instabilitas
901 3623 1072 3692 accusanda,
1101 3623 1149 3680 sed
1169 3623 1290 3680 deiectus
1309 3621 1448 3679 facultatis
1466 3623 1633 3692 percipiendi
1651 3639 1695 3692 ss,
1718 3639 1794 3692 quae
1811 3622 1867 3676 tiuut
1892 3618 1895 3732 Α

522 3695 549 3749 in
568 3696 704 3752 continuis
722 3699 851 3753 materiae
870 3699 1075 3758 alterationibus
1094 3701 1244 3756 secundum
1263 3709 1394 3770 quantum
1414 3709 1441 3756 et
1459 3702 1546 3771 quale.
1582 3702 1656 3756 Nihil
1679 3720 1746 3758 sune
1766 3699 1866 3770 impedit

522 3773 610 3828 Deum
628 3775 793 3832 instabilitas
810 3788 933 3835 motuum
951 3780 1175 3849 planetariorum,
1205 3797 1259 3850 quo
1278 3781 1367 3838 minus
1386 3781 1533 3836 tardissimi
1558 3781 1593 3836 od
1610 3773 1799 3836 velocissimos
1816 3793 1866 3848 pro·

521 3854 725 3926 portionentur,
750 3859 873 3927 quamvis
890 3861 1028 3914 rarissime
1052 3861 1180 3930 planetae
1199 3859 1268 3916 fient
1294 3860 1363 3916 riter
1382 3851 1583 3926 velocissimus,
1611 3859 1681 3912 aiter
1705 3859 1868 3914 tardissimus
1892 3927 1894 3934 Ι

522 3931 603 3988 amni
626 3937 723 3996 eodem
745 3947 876 4010 tempore.
912 3939 988 3994 Nihil
1013 3939 1127 4008 impedit
1150 3945 1275 3998 naturam
1300 3938 1474 3995 sublunarem
1503 3945 1637 4006 perpetua
1660 3943 1689 3992 et
1713 3955 1823 4008 semper
1837 3935 1867 3987 iu·
1894 3948 1895 3986 ι

522 4011 645 4080 aequalis
663 4015 794 4086 digressio
812 4017 984 4091 planetarum
1001 4019 1133 4088 interae,
1165 4035 1219 4088 qua
1237 4017 1366 4072 dicuntia
1384 4016 1506 4085 ipsorum
1534 4031 1642 4085 semper
1659 4017 1798 4084 varietur,
1825 4029 1866 4082 quo

523 4087 611 4146 minus
630 4092 701 4150 hanc
719 4095 766 4155 iila
783 4097 998 4167 comprehendat
1016 4107 1044 4154 et
1061 4099 1220 4154 harmonica
1238 4099 1271 4154 ab
1289 4097 1459 4154 incontinuis
1472 4091 1616 4162 discernat,
1635 4095 1736 4165 quippe
1749 4093 1867 4166 temporis

523 4166 609 4236 ipsius
630 4171 748 4230 discreta
770 4176 935 4232 evolutione.
973 4177 1049 4232 Nihil
1074 4177 1188 4248 impedit
1208 4177 1331 4233 auditum
1349 4178 1477 4235 continue
1494 4182 1523 4230 et
1546 4174 1681 4232 instabilis
1696 4176 1817 4241 ¹intensio
1836 4169 1867 4224 cri

522 4249 645 4304 remissio
664 4251 781 4323 alicujus
799 4255 932 4324 chordae,
959 4256 996 4311 ad
1014 4255 1095 4312 ιιιιιιιι
1114 4256 1245 4324 collatae,
1273 4271 1327 4326 quo
1350 4255 1439 4310 minus
1464 4253 1666 4324 deprehendit,
1694 4254 1796 4323 quibus
1816 4254 1866 4310 iliae

522 4332 665 4393 momentis
684 4341 842 4402 consonent,
861 4335 961 4403 quibus
979 4333 1129 4391 dissonent.
1167 4337 1204 4390 At
1222 4334 1369 4404 qualitates
1387 4335 1503 4408 primae,
1523 4333 1655 4401 umidum,
1674 4333 1811 4402 frigidum,
1828 4332 1865 4384 hu·
1892 4403 1893 4406 Ἴ

522 4409 632 4479 midam,
652 4412 762 4479 siccum,
781 4419 863 4480 atque
882 4414 964 4469 etiam
983 4415 1101 4486 qualitas
1120 4415 1318 4483 quadamtenus
1336 4429 1385 4468 seu
1403 4413 1481 4468 molis
1501 4429 1550 4468 seu
1562 4411 1700 4482 ponderis,
1719 4414 1806 4468 tactui
1817 4414 1867 4466 sunt

523 4485 648 4556 objecta,
672 4496 762 4544 tactus
781 4504 845 4544 uero
864 4493 911 4558 (sc
932 4492 992 4562 ipso
1011 4493 1169 4550 Ptolemaeo
1189 4493 1313 4562 doctore,
1342 4490 1516 4562 praecedenti
1534 4491 1638 4561 capite)
1664 4489 1760 4546 rudior
1783 4505 1866 4546 sensus

523 4577 567 4620 est
587 4575 615 4621 et
636 4567 808 4636 obliviosior,
828 4575 885 4623 tum
904 4569 1073 4640 percipiendi
1092 4571 1284 4641 proportiones
1304 4572 1472 4640 objectorum
1491 4586 1602 4625 suorum
1621 4586 1674 4622 non
1693 4570 1786 4626 habet.
1822 4564 1867 4624 Etsi
1894 4571 1895 4608 i

523 4643 595 4698 enirn
613 4645 736 4700 minans
754 4653 830 4702 tactu
847 4647 975 4716 percipit,
1002 4649 1069 4717 quid
1087 4649 1139 4705 sibi
1157 4649 1254 4720 quovis
1278 4653 1401 4718 tempore
1419 4648 1576 4713 conueniat,
1603 4647 1631 4702 id
1649 4653 1739 4714 tamen
1766 4645 1866 4717 percipit

524 4740 580 4780 non
598 4723 748 4780 secundum
767 4743 907 4783 rrumernm
925 4728 1077 4796 specierum
1096 4727 1274 4799 diversarum.
1303 4735 1334 4783 ut
1352 4735 1416 4785 suunt
1441 4725 1469 4780 iu
1487 4726 1651 4782 banuouicis
1678 4726 1801 4796 diuersae
1817 4740 1865 4780 con·

524 4803 679 4871 sonantiae,
703 4807 751 4862 sed
770 4813 875 4862 mutum
899 4808 1049 4862 secundum
1068 4804 1199 4862 unitatem
1218 4805 1421 4861 convenientiae
1441 4821 1521 4871 suae,
1548 4813 1579 4858 ut
1597 4805 1619 4858 si
1639 4805 1713 4860 auris
1736 4807 1764 4858 in
1784 4813 1865 4872 gauere

524 4899 646 4940 consona
663 4884 808 4954 percipiat,
835 4883 989 4941 edissenis
1006 4885 1140 4942 lacrimar-
1176 4885 1239 4940 Non
1257 4892 1300 4940 est
1316 4884 1399 4951 igitur
1422 4883 1492 4938 hacc
1516 4883 1655 4952 perceptio
1681 4884 1792 4956 proprie
1808 4889 1866 4935 com

524 4964 657 5034 paratius,
674 4964 739 5034 quia
750 4951 946 5023 numerositate
958 4972 1043 5030 caret,
1055 4979 1110 5024 non
1123 4963 1205 5032 igitur
1217 4970 1281 5032 apta
1292 4959 1522 5032 proportionibus,
1542 4976 1611 5031 quae
1624 4963 1745 5016 numana
1762 4968 1864 5016 utuntur.

526 5039 644 5110 ileinde,
663 5035 715 5098 'etsi
732 5044 773 5098 sic
790 5044 1016 5114 qualitercunque
1034 5042 1153 5112 percipit
1170 5041 1292 5116 animans
1312 5053 1356 5108 ec,
1382 5055 1452 5110 quae
1471 5047 1535 5096 sunt
1553 5039 1596 5093 vel
1614 5040 1686 5094 intra
1703 5055 1749 5108 se,
1767 5040 1807 5095 rel
1823 5040 1862 5090 rio

524 5119 644 5176 iuieruut
662 5124 768 5191 corpori
786 5140 851 5191 suo,
874 5131 904 5178 at
921 5137 978 5178 non
995 5119 1152 5176 extenditur
1170 5120 1205 5174 ad
1223 5136 1268 5188 ea,
1296 5134 1367 5190 quae
1395 5115 1569 5186 suut'extru,
1596 5125 1628 5172 ιιι
1656 5116 1767 5182 auditus
1792 5117 1862 5170 tenu

526 5197 608 5256 etiam
624 5195 659 5255 ad
678 5216 760 5258 sonos
778 5210 925 5259 exusueos
969 5200 1058 5256 Consu
1077 5203 1133 5264 est,
1152 5199 1217 5268 quie
1234 5195 1381 5253 visibilium
1409 5203 1436 5252 et
1452 5195 1611 5252 audibilium
1635 5195 1742 5266 species
1765 5211 1810 5252 seu
1826 5191 1860 5246 de·
