4242 6384
684 797 721 858 ad
737 799 836 858 librum
852 797 884 855 V.
902 800 1136 860 lisrmouioorum.
1413 799 1417 805 ⁵
1525 811 1589 873 ste

318 979 385 1037 litai
415 995 485 1037 vero
511 978 621 1037 similia
651 979 795 1038 nonnulla
820 979 1058 1040 Maerecosmicis
1089 979 1147 1040 illis
1179 988 1208 1040 et
1236 999 1293 1058 ego
1316 989 1410 1042 tracto
1431 969 1468 1040 'in
1500 999 1587 1060 opere
1685 978 1697 987 ’

237 1083 313 1137 meo,
345 1077 383 1125 ut
411 1065 492 1142 quod
520 1065 594 1124 libro
618 1066 815 1136 lV.,'l¹erram
838 1067 949 1127 animai
970 1066 1063 1140 laeli),
1094 1077 1125 1126 at
1155 1068 1183 1126 id
1207 1068 1239 1127 ht
1269 1071 1384 1129 ratione
1408 1070 1495 1145 longe
1518 1071 1587 1131 alia.

236 1154 291 1210 lieo
314 1155 396 1211 enirn
419 1152 575 1226 contendo,
599 1154 767 1228 analogiam
790 1171 854 1213 esse
877 1172 985 1215 meram
1008 1155 1216 1214 inter'lerrom
1241 1164 1270 1215 et
1283 1155 1439 1236 animalia,
1458 1174 1511 1215 uec
1534 1158 1588 1217 de·
1682 1153 1697 1175 ‘

236 1248 362 1298 sumtum
387 1257 452 1298 esse
483 1240 553 1298 volo
576 1241 767 1318 archetypum
789 1242 927 1300 arrimalis
957 1259 993 1300 ex
1017 1245 1082 1318 ipsa
1105 1241 1208 1316 Terra,
1241 1244 1294 1302 sed
1324 1244 1395 1302 illnd
1418 1244 1589 1321 sirnplieiter

237 1330 418 1404 propositum
440 1327 768 1401 haheodemoustrare',
792 1329 844 1388 illa
866 1343 966 1405 opera,
991 1345 1071 1405 quae
1093 1338 1260 1406 spectantur
1284 1333 1313 1387 in
1337 1331 1427 1407 globo
1450 1331 1585 1406 Telluris,
1621 1405 1626 1412 ι

236 1431 287 1472 non
308 1429 403 1490 posse
431 1428 468 1473 ex
490 1415 620 1473 motibus
643 1415 854 1475 elementorum
879 1424 933 1474 aut
952 1418 1093 1474 materiae
1123 1417 1326 1477 affectionibus
1349 1419 1488 1476 solitariis
1516 1437 1587 1496 pro·

237 1505 342 1572 sarrire,
366 1500 422 1559 sed
443 1505 546 1560 testari
568 1501 605 1561 de
627 1505 751 1560 animae·
765 1506 949 1578 praesentia3
968 1504 1031 1578 jam
1054 1511 1088 1561 nt
1103 1504 1301 1580 intelligantur
1323 1514 1586 1581 ureaurgomenta,

236 1605 303 1664 opus
325 1589 386 1646 luit
406 1587 586 1663 allegatione
608 1589 792 1648 lunationum
814 1592 933 1653 animae
953 1592 1101 1650 variarum
1131 1591 1160 1647 in
1184 1608 1303 1667 corpore
1327 1592 1471 1651 aninrelis.
1516 1591 1586 1652 Jam

236 1686 262 1732 ut
282 1678 410 1751 propius
431 1675 606 1735 accedamus
634 1675 675 1734 ad
694 1676 898 1750 laudamento,
928 1679 1036 1753 quihus
1058 1675 1205 1736 liebertus
1235 1679 1271 1738 de
1295 1680 1448 1738 Fluctibus
1481 1697 1585 1756 super-

236 1766 313 1820 struit
336 1779 426 1820 sumn
447 1765 591 1822 musicam
611 1762 805 1836 mundabam,
835 1769 963 1841 pumum
983 1764 1035 1827 ille
1056 1771 1152 1822 totum
1175 1765 1316 1825 muudum
1345 1783 1504 1843 omnesque
1527 1779 1586 1828 tres

236 1851 293 1924 ejus
315 1861 429 1925 partes,
452 1867 628 1928 empyreum,
653 1850 825 1926 coelestem,
844 1851 1050 1912 elementarem
1073 1860 1207 1928 occupat,
1232 1868 1286 1928 ego
1310 1851 1403 1912 solam
1418 1855 1584 1928 coelestem,

237 1954 282 1994 nec
303 1953 372 1995 eam
394 1946 507 2009 totam,
537 1937 590 1997 sed
612 1937 693 1998 solos
721 1937 908 2015 planetarum
930 1947 1027 1999 motus
1057 1941 1144 2013 quasi
1172 1941 1227 1998 suh
1251 1939 1383 2000 rodiano.
1403 1947 1491 2013 (xvi.)
1531 1941 1585 2002 lile

237 2023 299 2081 isus
321 2025 491 2094 veteribus,
519 2028 568 2100 qui
592 2027 653 2084 rim
675 2023 892 2085 harmoniarum
918 2043 954 2086 ex
977 2027 1105 2084 numeris
1133 2026 1288 2086 abstractis
1319 2045 1382 2088 esse
1414 2026 1582 2102 eredebant,

238 2122 277 2168 sat
297 2110 402 2182 habet,
424 2115 451 2168 si
472 2129 548 2187 quas
568 2115 644 2171 inter
665 2120 764 2192 partes
785 2113 1023 2172 concordantiam
1045 2128 1111 2171 esse
1133 2111 1358 2194 demonstrabit,
1382 2133 1433 2177 eas
1455 2119 1585 2176 numeris
1668 2169 1672 2178 ,

239 2197 497 2273 quomodocunque
526 2199 769 2274 conmmendat,
799 2201 882 2258 nulla
911 2217 995 2271 cura,
1026 2199 1190 2274 cujusmodi
1217 2205 1348 2261 -nnitates
1379 2205 1430 2264 illo
1462 2219 1582 2262 numero

239 2285 471 2360 accumulentur3
500 2302 557 2362 ego
579 2289 714 2362 nuspiam
745 2286 836 2347 doceo
860 2303 1000 2364 quaerere
1028 2286 1213 2362 harmonias,
1243 2289 1294 2347 ubi
1318 2307 1379 2364 res,
1411 2294 1584 2366 intorques

239 2381 299 2430 sunt
324 2372 516 2445 hamouim,
548 2389 606 2431 non
637 2381 761 2449 possunt
782 2377 942 2444 mensurari
971 2371 1075 2433 eadem
1099 2377 1271 2449 quantitatis
1294 2393 1445 2446 mensura,
1480 2377 1522 2436 sie
1552 2387 1584 2436 ut

239 2475 319 2517 caum
338 2462 517 2534 quantitatis
540 2460 649 2520 eadem·
665 2463 801 2520 sitiuter
816 2461 883 2522 illas
898 2462 1060 2539 proportio,
1085 2478 1165 2536 quae
1176 2465 1251 2522 lutet
1265 2461 1339 2522 duas
1356 2465 1480 2525 chordas
1502 2463 1584 2540 ejus-

238 2544 294 2603 dem
315 2548 475 2619 tensionis,
508 2563 599 2606 causa
621 2548 822 2623 longitudinis.
837 2556 944 2614 <livua
988 2546 1148 2624 Propterea
1179 2548 1229 2609 ille
1251 2555 1345 2610 totum
1367 2551 1509 2610 muudum
1532 2567 1583 2610 ra-

239 2634 307 2692 tione
329 2633 543 2693 semidiametri
566 2636 595 2696 in
618 2643 677 2693 tres
691 2634 830 2710 aequales
844 2643 944 2710 partes
958 2633 1074 2707 dividit,
1097 2645 1145 2692 sat
1160 2637 1307 2712 cognitam
1323 2637 1445 2712 habens,
1468 2653 1584 2715 aeqrra-

241 2717 363 2778 insilias
386 2723 507 2779 minime
531 2737 605 2793 esse,
629 2723 681 2782 sod
704 2723 771 2781 ideo
793 2722 898 2793 solnm,
923 2724 994 2795 quia
1012 2723 1110 2797 prima
1133 2721 1229 2782 uilitas
1252 2734 1297 2783 est
1312 2728 1438 2784 mundus
1453 2727 1584 2785 elemen·⁴
1630 2749 1632 2752 ·

242 2809 309 2884 nris,
330 2807 466 2867 monada
487 2808 613 2868 muudus
634 2809 799 2878 aethereus,
823 2811 910 2867 tertia
934 2825 1103 2884 empyreus,
1127 2820 1157 2868 et
1182 2827 1250 2870 vero
1275 2815 1401 2872 unitates
1424 2814 1505 2889 pingi
1525 2813 1584 2872 ali·

242 2902 275 2950 tn
294 2910 351 2952 nou
375 2904 511 2972 possunt,
532 2911 623 2970 quem
643 2897 826 2972 aequalitate
849 2896 1009 2969 hucurom3
1032 2902 1065 2954 at
1088 2911 1153 2968 ego,
1179 2899 1234 2956 uisi
1259 2906 1381 2958 testetur
1403 2901 1584 2960 astronomia

243 2977 269 3037 de
290 2981 391 3040 eadem
420 2984 565 3040 unitatum
589 3000 725 3041 incasura
754 2985 969 3058 quantitative,
1001 2999 1186 3058 nequaqnam
1210 2987 1246 3043 iis
1277 2994 1309 3044 nt
1332 2985 1494 3046 unitatibus
1516 2995 1584 3046 utor

243 3066 271 3122 ad
290 3069 484 3128 numerandas
506 3072 709 3145 proportiones
724 3070 916 3130 harmonicas.
938 3075 1052 3139 (xviii.)
1083 3068 1138 3129 Ille
1154 3078 1251 3130 tanreu
1272 3075 1333 3131 stris
1350 3076 1486 3134 insistens
1502 3077 1583 3150 prin-

246 3155 315 3227 cipiis
336 3156 580 3232 pyramidumque
602 3156 730 3216 educens
753 3175 789 3215 ex
812 3158 890 3227 basi,
922 3157 1029 3216 circulo
1053 3174 1161 3232 magno
1184 3158 1324 3231 Telluris,
1355 3161 1420 3237 ejus
1444 3165 1581 3220 verticem

245 3240 273 3295 ad
298 3244 393 3318 ipsum
424 3245 538 3320 apicem
561 3242 635 3302 coeli
662 3247 792 3321 empyrei
814 3247 932 3315 statuit,
962 3252 991 3301 et
1020 3243 1174 3302 altitudine
1206 3246 1269 3321 ejus
1301 3250 1328 3304 in
1357 3250 1412 3308 tria
1443 3249 1581 3324 nequalia

246 3321 365 3403 (pertunde
389 3332 473 3389 acsi
496 3331 624 3389 unitates
648 3333 798 3391 verissime
828 3332 968 3408 aequales
991 3331 1157 3405 habuisset)
1181 3332 1293 3404 divisa,
1326 3343 1477 3404 numerat,
1509 3345 1583 3411 quot

245 3425 324 3485 partes
345 3419 469 3495 saniant
490 3434 645 3493 empyreo,
668 3428 741 3494 quot
764 3413 899 3492 coelesti,
930 3425 1003 3494 quot
1027 3418 1204 3479 elementari.
1252 3420 1326 3478 Nam
1350 3440 1495 3482 summum
1518 3421 1581 3482 ele·

245 3507 366 3577 uenturis
385 3506 520 3580 regionis
542 3504 599 3563 hoc
619 3515 707 3582 paeto
731 3504 820 3587 duplo
847 3505 963 3585 longius
987 3506 1073 3564 abest
1103 3523 1256 3565 asumma
1280 3509 1416 3569 coelestis
1446 3527 1536 3586 quam
1560 3529 1579 3569 a

246 3603 339 3648 summo
364 3593 513 3668 empyrei3
537 3595 567 3650 ot
589 3593 618 3648 in
641 3590 785 3651 divisione
808 3593 968 3669 pyramidis
989 3585 1123 3669 'respectu
1147 3594 1273 3668 quidem'
1287 3598 1351 3676 axis
1375 3598 1466 3656 trihus
1482 3599 1582 3672 regio·

246 3675 315 3733 ribus
337 3682 393 3736 tria
416 3680 538 3737 verriunt
560 3677 712 3754 aequalia,
742 3689 876 3754 respectu
902 3696 971 3742 vero
994 3678 1130 3756 trianguli
1153 3699 1311 3756 pererrem
1340 3701 1477 3761 empyreo
1501 3685 1582 3744 venit

248 3764 333 3832 unitas,
356 3765 479 3823 coelesti
501 3775 576 3839 tres,
600 3764 769 3824 elementari
792 3769 921 3842 quinque
946 3767 1087 3838 unitates,
1103 3775 1247 3843 'respectu
1271 3768 1396 3847 denique
1419 3773 1506 3849 spatii
1529 3787 1582 3830 seu

250 3850 433 3924 corpulentiae
449 3851 559 3926 figurae
582 3869 720 3929 empyreo
733 3856 838 3926 unitas,
863 3846 980 3913 coelesti
999 3856 1026 3924 7,
1051 3853 1220 3912 elementari
1239 3857 1276 3913 19
1300 3859 1428 3917 unitates
1448 3860 1580 3917 veniunt.

250 3929 409 4004 Quidnunc
432 3939 527 3996 dicam
551 3938 587 3998 de
610 3940 703 3999 altera
725 3943 871 4000 contraria
893 3939 1044 4017 pyramide
1068 3939 1156 4014 lucis,
1181 3941 1264 4016 eujus
1288 3945 1372 4002 basin
1395 3945 1466 4003 lacit
1487 3947 1583 4022 ipsam

248 4019 411 4084 adorandam
431 4028 607 4104 trinitatem,
636 4030 664 4083 in
687 4045 801 4091 summo
825 4029 953 4105 empyrei
977 4026 1052 4085 coeli
1076 4030 1175 4102 apice,
1209 4031 1347 4088 verticem
1371 4049 1441 4090 vero
1464 4033 1494 4088 iu
1518 4033 1583 4106 ipsa

250 4104 322 4167 lena
342 4112 493 4172 collocati
510 4116 600 4183 (xlii.)
640 4113 800 4173 Haeduae
829 4115 997 4193 pyramidas
1031 4131 1097 4171 curu
1127 4117 1201 4172 inter
1223 4134 1254 4174 se
1283 4119 1456 4192 permisceat
1487 4135 1581 4194 exque

251 4196 355 4256 mixtura
376 4202 579 4277 proportiones
603 4203 729 4260 musicas
757 4200 869 4275 eliciet,
901 4220 961 4261 rem
985 4209 1078 4260 tentat
1105 4219 1124 4258 a
1146 4204 1201 4260 mei
1227 4206 1322 4278 operis
1353 4207 1504 4282 proposito
1534 4205 1580 4262 di-

255 4285 441 4345 iersissimam.
486 4285 561 4344 Nam
589 4289 652 4366 ipse
681 4289 776 4347 lucem
801 4285 926 4370 (formae
956 4298 985 4348 et
1008 4290 1124 4346 aniame
1150 4286 1341 4372 largitricem)
1365 4299 1394 4351 et
1421 4295 1581 4366 materiam,

255 4363 299 4424 luo
319 4374 392 4432 inter
414 4393 445 4432 se
469 4373 677 4448 diversissima,
701 4385 851 4452 comparat
875 4388 905 4436 et
927 4376 1033 4452 quihus
1059 4378 1238 4452 quantitates
1262 4395 1447 4456 nequaqnam
1480 4379 1584 4438 eodem

255 4466 366 4529 respectu
390 4462 504 4532 insunt,
536 4478 592 4536 ego
615 4479 685 4522 vero
707 4479 761 4541 pro
783 4465 914 4522 terminis
936 4463 1106 4521 formandae
1127 4465 1323 4540 proportionis
1346 4466 1531 4528 harmonicae
1553 4468 1583 4524 in
1630 4507 1634 4518 t

257 4543 343 4603 mundo
363 4565 421 4606 nou
445 4549 570 4606 admitto
593 4549 649 4608 nisi
672 4548 732 4619 illa,
756 4567 833 4624 quae
851 4549 954 4609 eodem
971 4557 1104 4625 respectu
1120 4553 1300 4626 quantitates
1318 4555 1476 4630 recipinut;
1501 4554 1583 4612 verbi

257 4640 325 4687 busa
351 4645 461 4692 motum
494 4635 598 4713 Martis
630 4645 659 4695 et
689 4645 800 4694 motum
823 4635 911 4696 Jovis
935 4636 1144 4702 diurnostxx)
1188 4637 1250 4698 Neo
1280 4643 1376 4698 minus
1403 4641 1581 4700 diversitatis

259 4709 438 4783 intersonat
460 4721 570 4781 inlroe
593 4725 743 4796 consistit,
773 4723 852 4799 qnod
875 4723 925 4782 ille
949 4721 1117 4783 elementari
1148 4728 1261 4801 regioni
1290 4739 1416 4802 quatuor
1444 4727 1582 4787 adscribit

257 4800 340 4866 hidas
367 4810 554 4867 obscuritatis
577 4819 606 4868 et
629 4811 822 4881 tenebrarum,
853 4814 928 4886 quia
951 4812 1099 4886 quaelihet
1127 4827 1182 4884 rea,
1206 4815 1265 4890 ait,
1298 4823 1432 4889 quatem
1454 4821 1582 4892 quartos

259 4880 334 4978 libel,
355 4912 424 4955 sane
448 4914 506 4954 non
529 4899 625 4955 minus
648 4913 735 4972 qnam
759 4905 817 4956 tres
840 4900 941 4956 tertias
964 4908 994 4956 et
1016 4899 1146 4974 quinque
1170 4900 1300 4974 quintas,
1329 4901 1450 4978 jamque
1473 4901 1581 4962 Tenue

259 4984 331 5068 {tuse
345 4997 442 5041 omues
459 4991 593 5060 quatuor,
618 5002 714 5060 aquae
737 4979 795 5043 tres
811 4979 922 5065 (eoque
938 4981 1020 5045 illam
1037 5002 1101 5044 esse
1115 4987 1178 5062 Jam
1193 4985 1394 5062 pellucidam),
1419 4991 1480 5049 neri
1497 4988 1580 5060 duas,

261 5063 303 5130 itui
320 5083 409 5133 unam.
427 5074 525 5143 (xxi.)
560 5070 688 5129 Rursum
717 5070 788 5130 alibi
818 5072 980 5147 quamlibet
1006 5075 1155 5148 regionem
1178 5073 1334 5149 cujuslibet
1363 5093 1415 5136 seu
1446 5076 1582 5136 elementi

261 5159 298 5204 itt
315 5155 379 5216 coeli
402 5161 432 5216 in
455 5160 511 5217 tria
532 5157 695 5218 subdividit
716 5160 822 5234 spatia,
845 5160 874 5215 in
897 5176 1052 5233 summum,
1075 5160 1202 5220 medium
1225 5169 1255 5220 et
1270 5163 1368 5237 imum,
1390 5180 1448 5223 non
1471 5164 1581 5239 ubique

263 5245 371 5311 lrutente
398 5257 538 5308 sensuum
565 5245 781 5324 probabilitate
827 5245 936 5322 Vides,
964 5249 1093 5318 unitates
1123 5248 1187 5326 ejus
1214 5265 1328 5309 rursum
1359 5257 1423 5312 ess'e
1453 5251 1581 5312 arbitra·
