4242 6384
749 767 1178 853 mmmm.'
1533 793 1595 853 m

248 980 321 1040 quae
344 963 385 1024 iis
406 965 604 1037 nunciantur,
627 981 647 1023 a
667 970 734 1023 nete
756 979 809 1023 seu
832 961 942 1021 ultimis
965 960 1067 1036 dictim
1100 958 1321 1040 celebraturque
1342 965 1397 1026 Sol
1417 965 1519 1027 crebro
1540 982 1598 1024 usu
1665 960 1671 976 ¹

247 1055 392 1112 sermonis
415 1069 468 1130 pro
490 1050 675 1128 planetarum
696 1049 806 1122 medic,
837 1065 895 1108 nou
919 1051 1014 1108 miuus
1036 1065 1125 1125 quam
1146 1048 1199 1110 ilia
1219 1067 1300 1112 meae
1321 1052 1441 1126 dieitur,
1470 1055 1599 1114 etaient

246 1157 323 1198 mese
347 1147 481 1216 systema
502 1138 678 1214 perlectum,
710 1140 752 1196 sic
775 1135 824 1196 Sol
855 1135 993 1195 mundum
1025 1136 1151 1212 bieecat3
1174 1155 1259 1213 ‚mese
1281 1139 1399 1215 quidem
1422 1148 1452 1202 et
1474 1151 1598 1218 propor-

248 1229 355 1285 tionem
381 1225 558 1304 eystemstis,
582 1242 659 1300 qnae
682 1223 845 1300 quadrupla
867 1221 987 1295 dicitur,
1011 1223 1039 1280 in
1063 1223 1122 1284 duo
1144 1224 1282 1302 aequalis
1303 1225 1422 1301 dividit,
1445 1226 1498 1286 Sol
1521 1243 1599 1303 quo·

246 1330 300 1389 que
324 1317 548 1391 proportionem
570 1310 789 1390 intervallorum
812 1309 927 1374 videtur
950 1309 1051 1370 eodem
1073 1311 1133 1372 tere
1155 1312 1243 1372 modo
1266 1309 1406 1387 dividere,
1428 1316 1456 1373 si
1475 1313 1599 1390 prolixi-

247 1408 336 1460 tatem
360 1402 512 1477 temporis,
535 1415 594 1476 quo
610 1397 753 1458 Summus
768 1397 859 1472 redite
874 1400 1037 1472 argumenti
1053 1397 1119 1458 loco
1133 1398 1294 1458 habeamus
1315 1401 1352 1460 ad
1376 1399 1600 1476 conjectandum

248 1486 448 1546 intervallum.
494 1485 545 1546 Sol
575 1487 651 1545 euim
680 1484 836 1544 duodecies
868 1483 977 1544 tardior
999 1484 1098 1556 Luna,
1130 1485 1227 1545 decies
1254 1490 1358 1548 novies
1380 1489 1493 1547 circiter
1513 1485 1600 1546 altior

247 1587 288 1633 est
311 1573 383 1650 illa3
406 1574 548 1634 Saturnus
571 1590 642 1632 varo
665 1575 761 1632 tricies
784 1571 893 1630 tardior
915 1570 1001 1644 Sole,
1024 1576 1132 1648 poterit
1152 1572 1343 1650 probabiliter
1365 1583 1395 1634 et
1416 1577 1480 1653 ipse
1502 1574 1599 1634 decies

246 1663 350 1720 novies
375 1659 464 1721 altior
485 1677 521 1720 eo
543 1663 644 1738 statui,
667 1677 732 1718 cum
755 1658 827 1717 nihil
843 1657 983 1734 impediet
998 1675 1109 1731 eorum,
1132 1677 1210 1735 qnae
1231 1663 1261 1717 in
1282 1661 1427 1722 sideribus
1448 1667 1599 1739 apparent,

246 1757 277 1807 ut
300 1755 418 1824 quanto
442 1747 535 1822 launa,
559 1747 667 1816 infima,
690 1745 826 1804 humilior
848 1755 893 1806 est
915 1763 1003 1821 quam
1029 1745 1167 1820 velocior,
1189 1755 1271 1806 tanto
1295 1751 1425 1808 vicissim
1445 1747 1599 1821 Saturnus,

247 1836 423 1908 altissimus,
447 1834 555 1894 tardior
577 1835 616 1893 ι1ι
639 1849 727 1910 quarn
749 1831 843 1895 altior.

332 1921 484 2000 Amplius,
508 1924 584 1980 sicut
605 1919 1015 1997 interprosIambenomenou
1031 1925 1060 1978 ιι
1082 1918 1212 1996 hypaten
1226 1918 1360 1998 hypaton
1381 1923 1535 1980 minimum
1556 1927 1602 1982 est

249 2027 281 2068 ex
304 2009 461 2070 stabilium
485 2008 603 2084 quidem
624 2024 762 2066 sonorum
785 2004 955 2078 intervallis,
980 2007 1022 2065 sic
1045 2007 1133 2064 etiam
1156 2024 1191 2064 ex
1215 2007 1413 2084 superioribus
1425 2007 1547 2070 Saturni
1570 2017 1600 2067 et

248 2095 334 2155 lovis
359 2099 473 2173 primae
495 2095 637 2173 sphaerae
660 2097 809 2152 minimum
839 2101 984 2170 potestate
1008 2091 1133 2165 distant,
1164 2097 1272 2171 quippe
1301 2095 1451 2174 epicyclus
1479 2094 1598 2155 Saturni

250 2185 388 2242 minimus
418 2191 462 2242 ιιι
493 2184 680 2260 proportione
709 2180 747 2240 ad
779 2181 878 2240 orbem
908 2197 993 2239 suum
1017 2181 1228 2257 eccentrionm
1257 2189 1290 2240 ut
1313 2199 1382 2242 vero
1406 2185 1481 2243 inter
1501 2199 1603 2240 meson

250 2278 276 2328 et
296 2271 432 2348 hypaten
455 2286 557 2330 meson
580 2277 624 2328 ιιι
653 2267 837 2328 1ηιιιιι11ιιιιι
866 2267 1066 2336 diatessaron,
1100 2268 1274 2342 maximum,
1308 2271 1351 2330 sic
1376 2271 1452 2330 inter
1473 2267 1551 2328 Solis
1574 2276 1604 2328 et

251 2357 354 2418 Martis
378 2359 487 2434 primus
509 2355 648 2434 sphaerae
671 2363 716 2415 est
737 2353 924 2414 intervallum
946 2361 1093 2430 potestate
1116 2357 1290 2428 marimum,
1319 2358 1390 2432 quia
1411 2355 1516 2416 Martie
1539 2357 1603 2432 epi·
1682 2389 1685 2394 -

252 2444 352 2519 cyclus
384 2446 572 2522 proportione
600 2451 646 2502 eet
673 2443 816 2502 maximus
848 2441 886 2500 ad
915 2444 1107 2502 eccentrionm
1136 2459 1240 2517 suum3
1269 2451 1300 2502 et
1320 2452 1355 2502 ut
1376 2446 1451 2504 inter
1471 2442 1603 2520 hypaten

254 2531 387 2608 hypaton
411 2539 441 2591 et
463 2531 591 2608 hypaten
614 2547 715 2588 meson
746 2546 858 2588 rursum
888 2537 933 2588 est
956 2527 1149 2594 diatessaron.
1182 2529 1307 2605 aequale
1329 2532 1432 2608 priori,
1464 2533 1507 2590 sic
1529 2532 1604 2589 inter

253 2617 360 2678 lovem
385 2626 415 2678 et
438 2616 562 2676 Martem
584 2624 630 2676 est
651 2615 848 2688 intervallum,
871 2623 1016 2691 potestate
1030 2618 1237 2692 propinquans
1260 2618 1358 2677 ricino
1379 2619 1456 2677 iuter
1478 2617 1604 2678 Martem

254 2715 279 2764 et
300 2705 421 2777 Solem,
452 2706 522 2780 quia
545 2703 694 2780 epicyclue
715 2702 820 2774 Joris,
851 2719 917 2762 cnm
939 2701 1096 2761 mediocris
1116 2705 1154 2761 sit
1174 2706 1363 2780 proportione
1384 2703 1423 2763 ad
1444 2721 1531 2764 suurn
1553 2720 1604 2764 cc·

255 2796 423 2864 neutricum,
446 2793 609 2868 quantitate
631 2791 808 2867 propinquat
831 2788 960 2849 Martiali
989 2791 1018 2846 iu
1047 2797 1179 2861 tautum,
1207 2798 1319 2867 quanto
1349 2791 1444 2868 major
1465 2798 1510 2850 est
1540 2793 1603 2868 ipae

255 2877 339 2939 Jovis
365 2881 544 2940 eccentricus
566 2879 727 2937 eccentrico
750 2876 863 2938 Martis.
908 2875 1034 2936 Rursum
1056 2877 1132 2938 iuter
1153 2877 1301 2938 interiores
1315 2879 1467 2939 minimum
1489 2883 1534 2939 ast
1556 2879 1604 2934 iu-

257 2966 411 3026 terrallum
439 2969 514 3025 inter
540 2965 648 3040 primae
677 2963 755 3024 Solis
785 2971 814 3024 ct
838 2963 959 3022 Veneris
988 2962 1129 3039 sphaeras
1158 2963 1241 3042 (quia
1267 2963 1321 3024 Sol
1348 2964 1481 3042 epicyclo
1503 2965 1603 3042 caret),

259 3054 340 3112 sicuti
367 3061 412 3114 est
434 3053 598 3125 minimum,
631 3050 660 3108 id
694 3057 737 3109 est
767 3053 895 3110 tunicum
918 3049 1103 3109 intervallum
1134 3053 1224 3110 etium
1245 3054 1321 3111 inter
1342 3068 1442 3112 mesen
1464 3059 1494 3111 et
1514 3053 1604 3128 para·

259 3157 372 3212 mesen3
395 3140 469 3200 inter
491 3139 615 3198 Veneris
638 3153 706 3196 vero
730 3145 760 3196 et
774 3137 910 3197 Mercurii
933 3139 1041 3215 primas
1063 3137 1203 3213 sphaeras
1227 3139 1265 3197 ob
1287 3139 1516 3215 magnitudinem
1539 3141 1605 3215 epi·

259 3227 328 3303 cycli
352 3225 479 3288 Veneris
501 3225 539 3285 ad
561 3227 754 3284 eccentrionm
776 3233 820 3284 est
850 3225 1006 3282 maximum
1030 3225 1232 3296 intervallum,
1264 3227 1340 3285 sicut
1362 3233 1391 3286 et
1419 3228 1495 3285 inter
1515 3243 1605 3302 para·

261 3331 355 3375 mesen
380 3321 410 3374 ιι
430 3319 517 3374 neten
546 3311 773 3388 diezeugmenon
805 3313 979 3383 maximum,
1011 3305 1123 3372 scilicet
1154 3313 1351 3389 diatessarum
1383 3312 1509 3389 denique
1530 3315 1606 3370 inter

260 3399 395 3462 Mercurii
417 3408 447 3461 et
468 3399 570 3460 Lunae
593 3401 701 3476 primes
725 3407 769 3458 est
791 3397 976 3458 intervallum
1005 3407 1152 3476 potestate
1174 3402 1378 3478 propinquans
1395 3401 1501 3480 priori,
1535 3401 1606 3475 quia

261 3487 407 3567 cpicyelus
428 3487 564 3548 Mercurii
587 3487 772 3564 proportione
795 3485 948 3546 mediocris
968 3495 1017 3544 ιιι
1037 3485 1078 3546 ad
1099 3488 1295 3546 excentrieum
1318 3505 1418 3562 suum,
1441 3486 1535 3563 major
1557 3493 1606 3544 ta·

262 3593 321 3635 men
353 3593 445 3652 quam
467 3573 576 3634 Jovius
598 3571 636 3632 ad
666 3591 768 3646 suum,
798 3573 932 3650 quodsi
925 3591 955 3630 ιιι
978 3571 1080 3647 Luna,
1109 3573 1207 3632 infimo
1229 3573 1364 3650 planeta,
1393 3582 1524 3633 sumatur
1545 3565 1605 3632 nbn

261 3665 361 3736 prima,
384 3661 436 3722 sed
461 3662 565 3722 ultima
586 3655 711 3738 sphaera
734 3669 763 3720 et
785 3660 893 3720 mundo
915 3659 1067 3720 sublunari
1089 3662 1280 3733 vicinissima,
1303 3661 1457 3736 augebitur
1480 3661 1567 3719 hoc
1558 3677 1605 3718 ιιι-

262 3747 415 3810 tervallum
437 3751 605 3809 accessione
629 3747 752 3824 epicycli
774 3755 804 3807 et
826 3747 1015 3808 deserentium
1037 3746 1154 3819 Lunae,
1177 3764 1301 3823 quornm
1324 3756 1370 3808 est
1391 3765 1450 3808 uon
1473 3755 1606 3807 contem·

263 3837 357 3896 nenda
379 3836 548 3912 magnitudo
565 3836 781 3910 comparatione
796 3833 834 3894 ad
850 3835 1055 3894 eccentrionm:
1082 3841 1115 3892 ut
1135 3834 1178 3892 ita
1199 3834 1257 3894 hoc
1277 3851 1396 3910 quoque
1418 3833 1604 3894 intervallum
1635 3838 1639 3851 '

265 3923 365 3983 melius
386 3923 561 4001 respondeat
585 3922 687 3980 ultimo
710 3920 865 3980 intervallo
887 3923 961 3978 inter
983 3927 1069 3979 neten
1085 3920 1313 3996 diezeugmenon
1336 3929 1366 3980 et
1386 3929 1473 3982 neten
1496 3921 1605 3998 hyper-

264 4009 395 4083 bolacon,
418 4009 497 4088 quod
514 4017 565 4070 est
586 4008 719 4068 similiter
739 4009 906 4076 marimum,
930 4005 1041 4066 scilicet
1063 4006 1244 4065 diatessaron
1258 4004 1332 4086 ¹¹¹¹).

347 4096 441 4180 Haec·
460 4099 562 4173 igitur,
593 4099 681 4155 etiarn
712 4111 764 4172 per
792 4111 928 4154 numeros
958 4095 1037 4170 ipsos
1067 4095 1251 4157 convenienti
1281 4095 1368 4153 modo
1390 4100 1517 4165 ιιιιιιιι,
1546 4109 1604 4152 non

267 4185 348 4244 valde
371 4183 524 4244 dissimilia
546 4192 630 4246 eruut
643 4181 813 4255 intervallis,
838 4199 913 4258 quse
929 4183 958 4238 in
975 4181 1153 4240 ashouomia
1174 4181 1367 4256 probabiliter
1381 4183 1604 4242 corretituuntur.
1662 4169 1671 4176 ’
1789 4173 1792 4181 ’

267 4269 350 4331 Primi
374 4274 451 4330 enim
473 4271 595 4344 numeri,
618 4270 724 4346 quibus
747 4267 928 4330 continentur
952 4285 1052 4328 omues
1074 4271 1276 4346 proportiones
1296 4267 1445 4328 stabilium
1459 4283 1605 4340 sonorum,

268 4361 288 4414 si
308 4375 409 4419 omues
432 4357 558 4418 chordae
580 4359 748 4433 systematis
777 4357 896 4434 perlecti
918 4373 953 4416 cx
976 4357 1065 4415 unica
1094 4355 1160 4413 sola
1181 4357 1313 4416 tensione
1335 4355 1524 4415 monochordi
1546 4355 1606 4413 ior-

268 4453 382 4519 mentur,
406 4453 475 4504 suut
497 4448 560 4504 isti:
587 4445 615 4516 2,
641 4447 688 4516 12,
717 4445 766 4521 16,
793 4445 841 4510 18,
867 4445 917 4516 24,
935 4444 985 4515 62,
1003 4443 1053 4502 36.
1090 4441 1204 4501 Primus
1221 4445 1239 4502 2
1255 4461 1321 4503 cum
1344 4442 1446 4502 ultimo
1470 4443 1510 4500 36
1534 4458 1606 4500 con·

271 4535 357 4592 stituit
379 4535 595 4610 proportionem
607 4487 813 4608 quadruplam.
844 4529 992 4608 Sphacr'ae
1007 4547 1078 4589 vero
1094 4529 1234 4590 ιιι1ιιιιι
1257 4538 1401 4608 occupant
1423 4525 1608 4588 intervallum

271 4619 354 4679 multo
378 4618 489 4694 majus,
521 4621 562 4678 ita
584 4625 617 4676 ut
638 4618 764 4694 sphaera
787 4617 904 4676 Saturni
927 4619 1027 4676 extimi
1050 4618 1089 4676 ι1ι
1118 4617 1260 4693 sphaerae
1283 4617 1385 4677 Lunae
1407 4619 1527 4674 intimae
1548 4631 1607 4673 non

272 4706 353 4766 semel
376 4713 505 4776 tautum,
535 4703 587 4766 sed
616 4703 703 4780 plane
725 4711 769 4764 ter
797 4703 982 4782 quadrupla,
1007 4703 1064 4764 hoc
1085 4711 1132 4764 cat
1153 4703 1330 4780 ducentupla
1352 4701 1607 4780 quinquagecupla

272 4794 399 4870 sextupla
422 4801 451 4854 et
475 4791 553 4869 quod
577 4795 714 4852 excurrit:
738 4808 805 4876 pam
821 4793 846 4850 si
865 4788 972 4860 1911111,
996 4808 1073 4867 qnae
1088 4793 1219 4851 cstinter
1232 4789 1309 4850 Solis
1331 4799 1362 4850 et
1376 4791 1476 4850 honae
1498 4789 1606 4864 sphae-

275 4896 323 4952 ras,
345 4879 573 4956 duplicaremus,
605 4887 637 4937 ut
659 4877 747 4956 paulo
770 4887 872 4951 antea,
903 4877 1029 4955 prodiret
1052 4877 1206 4938 Saturniae
1226 4877 1264 4936 ad
1285 4877 1431 4937 Lunmem
1453 4876 1608 4952 sphaeram

273 4969 411 5044 proportio
440 4967 527 5043 plane
551 4963 661 5026 36121.
706 4964 764 5025 Sed
794 4981 963 5024 maneamus
985 4982 1061 5025 nunc
1085 4967 1114 5023 iu
1137 4982 1186 5038 eo,
1217 4972 1249 5024 ut
1270 4971 1330 5023 taru
1351 4963 1462 5024 Solaris
1483 4961 1609 5038 sphaera

275 5051 406 5126 lunaris,
440 5071 529 5130 quam
551 5053 688 5114 Saturnia
710 5051 820 5112 Solaria
842 5051 984 5127 sphaerae
1013 5055 1072 5111 sint
1097 5049 1204 5123 ibim,
1238 5053 1307 5126 quia
1336 5053 1378 5110 sic
1406 5051 1608 5128 proportiones

277 5140 437 5200 coelestium
459 5147 627 5202 statuuntur
648 5138 924 5200 commensurabiles
946 5139 1182 5216 proportionibus
1203 5138 1400 5210 musicalium,
1422 5138 1527 5214 triplae
1549 5136 1608 5196 eci·

276 5223 334 5288 licet
355 5244 465 5290 esrum
512 5228 615 5306 ltaque
645 5229 671 5287 si
704 5225 883 5306 triplicentur
911 5226 1015 5288 horum
1044 5241 1229 5290 numerorum
1250 5227 1467 5306 proportiones,
1502 5226 1557 5284 erit
1577 5224 1608 5282 iu
