4242 6384
540 844 602 903 146
1012 855 1017 862 ’
1073 836 1115 927 De
1132 834 1357 905 Propertionibns

538 1015 761 1082 lontibuserui.
806 1010 902 1090 Legat
924 1014 1056 1073 curiosus
1078 1012 1183 1085 lector,
1212 1030 1289 1089 quae
1312 1012 1348 1073 de
1369 1012 1416 1071 his
1438 1011 1620 1073 sectionibus
1642 1018 1712 1071 aute
1736 1024 1825 1069 anuos
1844 1010 1875 1066 te

538 1105 640 1179 scripsi
663 1104 691 1159 in
713 1101 856 1177 Mysterio
879 1100 1126 1176 cosmographiae
1159 1102 1255 1177 capite
1276 1099 1350 1159 XII.
1374 1098 1595 1176 stperpendet,
1618 1090 1768 1175 quomodo
1790 1096 1877 1155 luerim

537 1189 589 1249 illo
611 1189 677 1249 loco
700 1188 897 1247 hallucinatus
917 1205 1006 1265 super
1027 1190 1124 1247 causis
1146 1189 1308 1247 sectionum
1332 1195 1360 1247 et
1383 1188 1612 1259 harmoniarum,
1635 1192 1790 1263 perperam
1811 1183 1879 1241 meus

541 1294 642 1337 earum
664 1292 814 1335 numerum
837 1284 865 1334 et
887 1278 1015 1334 rationes
1038 1274 1182 1335 deducere
1205 1292 1241 1335 ex
1263 1286 1383 1333 numero
1399 1276 1528 1350 quinque
1548 1290 1702 1351 corporum
1718 1269 1879 1347 regularium

541 1363 715 1437 eptidorum3
739 1380 806 1421 curn
828 1380 931 1421 verum
953 1365 992 1421 sit
1014 1362 1071 1421 hoc
1094 1364 1201 1440 potius,
1224 1371 1285 1421 mm
1300 1366 1429 1438 quinque
1444 1360 1553 1437 figuras
1567 1360 1687 1433 solidas,
1713 1374 1804 1435 quam
1824 1356 1880 1415 ber-

540 1454 653 1510 mouiss
676 1452 803 1509 musicae
834 1457 863 1508 et
891 1449 1016 1509 chordae
1039 1452 1184 1509 sectiones
1212 1466 1394 1509 communem
1421 1444 1532 1508 babere
1558 1450 1699 1524 originem
1729 1464 1767 1505 ex
1794 1442 1880 1520 lig'urie

535 1538 720 1613 regularibus
742 1536 847 1613 planis.
892 1534 930 1593 Et
953 1530 1117 1595 Ptolemaei
1141 1536 1257 1612 quidem
1288 1540 1399 1595 rnueica
1428 1554 1493 1595 cnm
1520 1537 1705 1612 expositione
1730 1531 1881 1607 Porphyrii.

534 1642 662 1703 quorum
694 1625 761 1683 loco
790 1622 918 1697 allegato
951 1626 1127 1683 mentionem
1148 1624 1226 1695 leci,
1259 1623 1401 1683 hactenus
1423 1626 1622 1700 manuscripta
1640 1632 1751 1681 nactus
1773 1636 1833 1677 snm
1854 1634 1881 1675 er

537 1712 713 1772 liberalitate
742 1708 792 1769 Jo.
826 1708 945 1786 Georgii
977 1710 1131 1770 Herwardi
1163 1710 1336 1769 Cancellarii
1361 1712 1496 1769 Bavarici
1516 1714 1540 1781 (v
1558 1730 1578 1767 e.
1591 1730 1615 1779 p.
1625 1712 1670 1783 6.),
1706 1726 1743 1766 ex
1774 1722 1882 1781 quorum

539 1798 616 1858 libro
639 1801 726 1857 tortio
748 1807 861 1874 partem
883 1800 1026 1872 potiorem
1050 1800 1079 1855 in
1103 1797 1295 1873 appendicem
1318 1798 1356 1857 ad
1379 1799 1469 1857 libros
1492 1796 1545 1855 IV.
1570 1804 1599 1855 et
1622 1796 1658 1855 V.
1685 1794 1777 1869 hujus
1800 1792 1881 1867 operis

537 1884 693 1961 transtuli;
723 1902 827 1943 cauere
851 1900 920 1943 vero
952 1884 1169 1944 harmoniarum
1192 1888 1336 1960 genuinas
1365 1887 1453 1949 iniis
1481 1902 1540 1957 non
1568 1886 1666 1943 inveni
1701 1882 1834 1956 adeoque
1854 1894 1881 1933 ne

540 1976 704 2033 sectionum
727 1971 844 2047 quidem
866 1970 969 2031 harum
993 1974 1164 2049 numerique
1187 1990 1286 2031 carum
1308 1974 1465 2048 septenarii
1490 1971 1552 2029 ulla
1574 1970 1607 2028 lit
1629 1972 1752 2031 mentio.

625 2059 689 2117 Etsi
712 2075 781 2119 vero
804 2065 916 2118 mature
939 2062 1011 2117 satie
1034 2058 1242 2131 animadverti,
1270 2076 1374 2118 causae
1397 2079 1415 2119 a
1436 2059 1537 2134 figuris
1560 2058 1656 2134 planis
1679 2052 1836 2134 petendas,
1856 2063 1879 2106 ut

539 2146 622 2221 cujus
644 2148 686 2205 rei
708 2148 822 2206 semina
838 2146 902 2221 jam
924 2149 953 2203 in
976 2146 1107 2223 allegato
1129 2146 1225 2221 capite
1247 2145 1321 2205 XIl.
1344 2146 1477 2222 Mysterii
1505 2162 1608 2222 sparsa
1630 2142 1746 2219 vides,·
1766 2149 1881 2201 alumen

539 2234 590 2293 diu
617 2232 775 2293 admodum
803 2250 850 2293 me
878 2240 1039 2307 torserunt,
1071 2235 1242 2309 priusquam
1271 2234 1407 2293 omnibus
1436 2235 1525 2292 animi
1555 2234 1612 2292 mei
1634 2229 1784 2309 scrupulis
1797 2226 1881 2313 ,satis-

541 2320 632 2380 fieret
677 2320 806 2379 Primum
829 2322 907 2380 euim
929 2320 1040 2397 figurae
1056 2320 1298 2379 demonstrabiles
1322 2338 1350 2389 a,
1363 2338 1421 2380 non
1443 2319 1721 2399 demonstrabilibus
1744 2322 1825 2377 eraut
1844 2328 1882 2370 se·

542 2407 700 2484 pmaudae,
723 2414 828 2483 postea
851 2424 941 2467 causa
962 2407 1158 2483 invenienda,
1182 2425 1246 2481 cur,
1269 2426 1335 2467 cum
1357 2410 1502 2467 sectiones
1524 2408 1581 2467 bae
1605 2412 1703 2465 essent
1727 2422 1765 2465 err
1786 2402 1880 2479 figuris,

540 2496 685 2554 sectiones
707 2494 825 2569 quidem
847 2497 923 2553 intra
944 2498 1138 2571 septenarium
1163 2496 1370 2569 consisterent,
1401 2495 1511 2572 ligures
1534 2496 1564 2552 in
1587 2494 1733 2553 inlinitum
1759 2504 1880 2551 excurre·

540 2590 612 2641 rent
639 2581 758 2641 .'l'ertio
780 2581 935 2642 discrimen
957 2585 1034 2645 iuter
1047 2582 1376 2659 pentelaedeoagonum
1394 2590 1425 2643 et
1440 2580 1683 2655 demonstrabiles
1699 2586 1813 2641 ceteras
1834 2580 1882 2633 erat

539 2667 736 2738 statuendum,
759 2670 830 2744 qnia
852 2668 924 2743 vidi,
947 2668 1071 2747 figuram
1094 2670 1174 2729 illam
1199 2668 1348 2729 exclusam
1364 2686 1436 2729 esse
1458 2670 1497 2729 ab
1519 2669 1739 2729 harmoniarum
1761 2677 1882 2743 procres-

531 2758 628 2826 'tione
649 2754 732 2821 ,leste
761 2754 874 2816 auditu.
917 2756 957 2815 Et
985 2756 1135 2818 habehant
1166 2756 1284 2832 singula
1312 2758 1411 2833 capita
1440 2774 1509 2816 suas
1532 2759 1684 2816 cautiones
1707 2752 1878 2817 concisiores,

539 2860 662 2918 quarum
684 2859 744 2901 una
766 2842 916 2920 quaelibet
937 2862 984 2902 me
1007 2843 1057 2903 diu
1081 2842 1179 2905 tennit'
1198 2853 1382 2921 occupatum.
1428 2838 1570 2927 Exemplo
1596 2845 1734 2921 sit-prop,
1753 2840 1787 2915 5,
1810 2850 1882 2913 quen

541 2930 645 2990 ultimo
668 2932 812 3007 omnium,
845 2948 912 2991 cum
930 2930 994 3007 jam
1018 2930 1210 2992 describerem
1234 2948 1322 3007 opus,
1348 2930 1415 2989 ‘vidi
1440 2930 1628 3011 addendam,⁴
1650 2929 1732 3007 quod
1757 2928 1881 2986 hactenns

539 3018 752 3093 ignoraveram.
796 3016 861 3077 Nisi
891 3018 969 3077 enim
993 3027 1022 3077 et
1048 3019 1101 3077 illa
1122 3020 1197 3079 iuter
1226 3020 1370 3096 principia
1393 3027 1487 3093 esset,
1520 3026 1549 3079 et
1571 3020 1597 3078 ei
1621 3018 1702 3079 verbi
1727 3030 1817 3077 causa
1838 3006 1881 3091 'sp

541 3112 696 3181 propterea
724 3114 822 3164 essent
851 3101 939 3181 aptae
969 3104 1007 3163 ad
1028 3105 1217 3165 statuendam
1246 3092 1443 3181 harmoniam,
1474 3108 1543 3183 quia
1566 3112 1634 3165 sunt
1656 3120 1708 3183 per
1731 3098 1791 3185 il„
1813 3093 1880 3179 (⁰⁰⁰¹

543 3192 651 3267 quibus
667 3191 888 3251 'semicirculum
910 3182 1037 3273 iaciunt)
1059 3192 1320 3267 demonstrabiles,
1351 3200 1419 3255 tum
1448 3200 1478 3253 et
1501 3188 1553 3275 U„
1576 3188 1606 3253 et
1629 3189 1667 3275 ll,
1691 3206 1788 3275 eoque
1810 3192 1836 3245 et
1855 3180 1881 3257 i,

541 3285 573 3336 ct
599 3274 636 3359 Ἰ,
659 3276 827 3339 humentes
848 3279 943 3339 lacere
965 3281 1216 3353 convincerentur,
1241 3278 1321 3356 quod
1336 3280 1472 3341 omuibus
1488 3280 1583 3341 modis
1597 3280 1756 3357 repudiant
1772 3282 1801 3336 et
1814 3282 1882 3331 aures

543 3372 574 3422 et
594 3365 746 3425 axiomata
766 3373 875 3425 nostru.
1662 3382 1665 3391 ·

469 3458 474 3469 ·
629 3450 724 3527 Igitur
744 3452 795 3511 vel
816 3452 881 3512 solo
903 3451 1032 3529 allegato
1055 3453 1127 3531 libri,
1144 3456 1200 3514 mei
1216 3454 1349 3533 Mysterii
1372 3450 1805 3532 Gosmographici·teetimonio
1825 3442 1882 3505 snit

546 3545 591 3596 est
611 3536 884 3613 munitusaudltus
905 3548 1009 3599 eontra
1031 3540 1229 3617 sophistarum
1253 3542 1489 3615 obtrectationes,
1512 3542 1598 3601 fidem
1614 3541 1737 3600 auribus
1761 3537 1882 3608 derogat

524 3617 669 3702 'ausuros
691 3626 769 3685 circa
790 3626 951 3686 divisiones
972 3626 1048 3686 adeo
1072 3630 1198 3688 minutae
1222 3635 1251 3689 et
1273 3628 1513 3705 dijudicationem
1530 3627 1804 3689 concordantiamm
1824 3617 1882 3679 euh-

546 3712 727 3788 tilissimam3
750 3716 858 3792 quippe
881 3732 947 3773 cum
969 3714 1070 3774 videat
1091 3714 1197 3791 lector,
1221 3734 1267 3775 me
1289 3716 1377 3776 fidem
1400 3706 1514 3775 aurium
1537 3716 1588 3775 illo
1611 3722 1745 3792 tempore
1767 3714 1881 3771 secutum

546 3816 611 3859 esse
634 3801 663 3857 in
687 3800 891 3863 constituendo
914 3804 1076 3861 sectionum
1100 3802 1228 3877 nurneio,
1253 3802 1438 3865 cum-adhuc
1461 3804 1496 3863 de
1520 3805 1616 3863 causis
1636 3801 1819 3869 laborarem,
1840 3805 1882 3849 ¹¹0⁰

543 3885 620 3947 idem
642 3887 690 3947 hic
711 3886 830 3963 secisse,
859 3888 938 3965 quod
961 3888 1054 3949 iecere
1086 3898 1218 3969 veteres,
1248 3894 1299 3969 qui
1326 3892 1438 3956 aurium
1464 3888 1576 3967 judicio
1605 3886 1754 3967 progr'essi
1782 3884 1883 3957 aliqui·

542 3981 636 4047 tenus,
658 3990 728 4035 mox
749 3978 902 4036 contemtis
925 3974 1047 4036 ducibus
1070 3976 1213 4055 reliquum
1237 3980 1357 4053 itineris,
1380 3980 1522 4037 rationem
1539 3994 1688 4037 erroneam
1704 3976 1806 4045 secuti,
1828 3982 1882 4045 ptr·

542 4060 673 4123 lecerunt
694 4063 814 4123 auribus
837 4066 867 4122 vi
891 4066 976 4140 quasi
998 4069 1151 4140 pertractis
1181 4073 1210 4126 et
1231 4066 1319 4142 plane
1351 4064 1560 4130 obsurdescere
1586 4066 1687 4141 jussis.
1733 4064 1779 4123 Ex
1801 4056 1882 4119 abun·

542 4147 716 4223 danti-vero
740 4151 814 4211 inlra
837 4169 901 4228 cap.
928 4152 957 4211 8.
981 4151 1070 4228 hujus
1092 4152 1158 4212 libri
1182 4170 1300 4231 operam
1324 4151 1405 4227 dedi,
1431 4159 1463 4212 ut
1485 4152 1606 4213 cuilibet
1629 4160 1706 4212 esset
1728 4154 1758 4209 in
1782 4148 1880 4227 pronrlt

541 4235 669 4313 facultas
688 4246 793 4313 suopte
816 4238 911 4297 Marte
935 4238 1105 4297 consulendi
1129 4240 1260 4299 auditum
1290 4256 1377 4315 super
1398 4238 1444 4298 his
1474 4240 1598 4317 aliisque
1622 4238 1749 4299 chordae
1769 4230 1880 4294 divisio-

498 4369 502 4376 .
541 4323 629 4381 nibus
652 4340 810 4405 eurumque
831 4327 1030 4384 testimonium
1052 4326 1264 4402 pensiculandi,
1289 4334 1321 4385 ut
1344 4336 1438 4387 certus
1462 4329 1508 4401 sit,
1533 4345 1576 4401 ea,
1602 4326 1637 4386 de
1660 4342 1784 4403 quornm
1800 4314 1880 4379 causi!

541 4408 881 4482 laboramus-sensnum
896 4414 1085 4489 experientia
1108 4415 1268 4472 certissima
1291 4414 1358 4489 niti,
1381 4432 1437 4474 nec
1459 4420 1563 4492 sponte
1586 4432 1652 4474 rnea
1676 4410 1777 4497 (cujus
1799 4402 1881 4467 erinni-

542 4497 588 4557 nie
611 4495 811 4575 Pythagoraei
836 4487 972 4575 in‘parte
994 4500 1035 4559 rei
1057 4496 1142 4583 sunt)
1167 4518 1231 4560 esse
1255 4500 1379 4561 conficta
1400 4518 1513 4580 proque
1535 4505 1612 4562 veris
1637 4504 1766 4562 obtrusa.

1112 4732 1254 4805 saeue
1280 4688 1338 4805 ιιι.Ι

580 4874 628 4929 Da
645 4872 896 4931 medietatibus
914 4874 1124 4931 harmonicis
1147 4882 1180 4932 et
1197 4876 1358 4933 trinitate
1380 4876 1664 4935 concordantium
1689 4884 1851 4935 sonorum·

914 5020 1000 5081 Vana
1023 5030 1068 5099 est
1091 5020 1222 5081 delinitio
1241 5024 1437 5099 proportionis
1455 5020 1650 5096 harmonicae,
1674 5022 1752 5098 qnod
1776 5022 1810 5079 sit
1829 5009 1877 5077 illu

665 5114 803 5157 ’Ξῖ-’8
827 5108 879 5166 ubi
902 5109 995 5169 tribus
1016 5112 1145 5169 numeris
1169 5107 1269 5168 ordine
1291 5109 1417 5168 naturali
1438 5107 1552 5183 locatis,
1577 5112 1709 5169 binorum
1734 5110 1875 5169 vicinorum

595 5164 804 5277 Ξὲῑῗζ
827 5212 964 5255 excessus
980 5184 1091 5257 suntin
1107 5198 1293 5273 proportione
1310 5204 1512 5271 extremorum,
1531 5206 1563 5256 ut
1578 5198 1749 5257 innumeris
1766 5198 1792 5269 3,
1809 5192 1833 5260 4,
1854 5182 1874 5250 6ι

541 5239 789 5289 ’μ’-Θ
827 5285 972 5344 maximus
996 5286 1015 5345 6
1042 5290 1088 5345 est
1116 5283 1222 5361 duplus
1245 5286 1356 5344 minimi
1378 5286 1396 5343 8
1420 5292 1451 5343 et
1473 5286 1516 5343 sic
1534 5286 1622 5345 etiarn
1639 5282 1797 5346 differentia
1816 5278 1875 5333 iuter
