4242 6384
706 785 790 845 utto
805 786 856 846 lli.
872 785 1012 858 Digrsrrio
1029 786 1147 857 polio'cu.
1540 792 1601 855 133

253 972 434 1047 geometrica
455 968 606 1046 proportio
628 969 668 1027 sit
688 967 778 1027 otiam
800 964 984 1040 burmouios,
1007 973 1041 1024 ut
1066 968 1099 1039 1,
1125 970 1158 1040 2,
1183 968 1217 1041 t,
1236 970 1326 1027 ¹siout
1348 968 1397 1028 hio
1419 966 1603 1028 commodum

255 1067 312 1133 cst,
341 1064 376 1116 ut
399 1074 540 1135 procerus
562 1055 681 1132 longam
702 1061 817 1113 rosum
836 1051 963 1125 habeut,
990 1052 1134 1113 interdum
1159 1062 1226 1113 uero
1250 1055 1431 1115 arithmetice
1452 1058 1600 1133 proportio

254 1154 295 1205 est
315 1148 413 1204 etium
433 1144 611 1217 harmonica,
633 1151 668 1201 ut
683 1144 712 1215 2,
736 1142 765 1214 3,
788 1141 823 1212 t,
846 1142 924 1199 sicut
944 1140 993 1200 hic
1007 1140 1192 1200 commodum
1205 1147 1258 1214 cst,
1281 1149 1314 1201 ut
1328 1146 1481 1221 possessor
1495 1142 1602 1219 longae

252 1231 495 1309 emtis-pomilm
517 1232 645 1291 retium
664 1227 781 1305 quidem
804 1242 899 1300 mum,
921 1227 973 1287 sod
995 1230 1025 1285 iu
1039 1230 1194 1304 pecuniam
1216 1238 1436 1309 commutatum,
1457 1246 1517 1307 qua
1538 1246 1604 1290 rec-

252 1324 306 1379 tius
328 1323 376 1377 uti
400 1328 515 1396 potest,
539 1334 629 1394 quum
649 1313 797 1393 superfluo
819 1316 920 1374 emtis.
1043 1363 1047 1372 .
1271 1348 1274 1357 ·
1321 1343 1324 1356 ι

335 1406 400 1469 111.
424 1407 499 1466 Cum
520 1403 703 1482 gubernandi
724 1404 853 1461 rationes
875 1417 976 1461 omncs
998 1400 1151 1479 complexu
1173 1405 1212 1462 sit
1231 1404 1359 1479 justitio,
1384 1421 1420 1463 er
1443 1404 1603 1464 Aristotele

252 1485 360 1569 alleget
383 1502 485 1570 purtss
506 1494 572 1568 ejus
594 1492 684 1565 duas,
706 1490 944 1550 commutatiuum
967 1491 996 1546 iu
1018 1488 1197 1565 aequalitate
1221 1490 1403 1553 arithmetico
1426 1496 1601 1565 versantem,

251 1582 470 1641 distributim
492 1578 732 1639 in-similitud'mo
754 1578 944 1653 geometrica,
972 1579 1035 1652 ipss
1059 1580 1174 1637 tertiam
1195 1579 1322 1657 speciem
1342 1578 1475 1654 justitias
1497 1578 1603 1638 suadet

251 1690 282 1729 er
303 1678 438 1745 utruque
466 1670 595 1745 priorum
617 1666 791 1736 conflatam,
816 1680 892 1739 quus
923 1670 953 1723 ot
974 1681 1069 1723 rerum
1093 1665 1208 1741 copiam
1239 1669 1325 1725 certis
1347 1668 1480 1745 personis
1507 1665 1604 1725 viliori

251 1759 342 1834 pretio
367 1755 461 1815 uendi
485 1754 547 1813 uult
570 1758 659 1829 quum
681 1754 784 1811 ceteris
807 1757 843 1813 et
864 1767 923 1809 uon
947 1768 1062 1827 semper
1084 1754 1198 1829 magnis
1221 1770 1327 1829 magns
1355 1752 1487 1811 distribui
1510 1760 1540 1814 et
1561 1755 1604 1813 sio
1710 1814 1714 1819 ,

252 1854 411 1919 utromque
433 1860 527 1919 geom
551 1842 625 1917 justi
647 1839 751 1900 uiolari
779 1838 1009 1914 quodomtenus,
1040 1841 1065 1897 si
1090 1838 1169 1899 sulus
1191 1843 1392 1899 universorum
1422 1839 1453 1897 id
1475 1839 1604 1916 postulet

253 1940 299 1988 aut
320 1934 348 1987 si
375 1929 563 1989 commodum
586 1928 654 1986 iude
676 1926 826 2003 pubiicum
848 1934 988 2001 emerget.
1032 1926 1098 1985 Non
1121 1928 1201 1986 beno
1224 1928 1365 1987 conflatur
1394 1930 1544 2004 proportio
1561 1944 1603 1987 er

255 2018 412 2094 speciebus
435 2018 551 2076 duobus
572 2014 648 2089 ullis,
670 2017 695 2076 si
718 2022 871 2089 utramque
893 2007 1025 2088 peremit
1069 2013 1122 2072 list
1143 2017 1232 2091 igitur
1254 2014 1413 2092 applicatio
1436 2014 1509 2074 bueo
1530 2016 1604 2074 mels
1681 2022 1683 2033 '

255 2104 465 2164 medietatibus
487 2104 664 2163 harmonicis
686 2102 790 2178 aptior.
835 2096 874 2160 Ut
897 2102 925 2157 in
948 2102 1076 2159 numeris
1099 2104 1134 2175 2,
1164 2105 1199 2177 3,
1230 2105 1248 2160 5
1277 2120 1331 2162 nec
1354 2102 1536 2161 arithmetice
1558 2108 1603 2161 est

255 2208 428 2251 excessuum
444 2192 618 2269 aequalitas,
641 2206 696 2249 nec
712 2190 891 2265 geometrica
906 2189 1081 2264 progressio,
1098 2196 1143 2247 est
1157 2196 1253 2249 muron
1270 2192 1344 2249 intur
1359 2204 1410 2247 cos
1423 2188 1602 2249 harmonica.

334 2278 409 2337 Huc
430 2282 462 2336 in
483 2280 542 2339 tine
564 2278 630 2337 libri
662 2281 765 2353 politas
786 2275 1003 2347 accommodat,
1034 2276 1086 2351 qui
1107 2274 1257 2336 Themidis
1281 2272 1374 2358 (quoe
1394 2276 1511 2353 justitia
1542 2273 1604 2359 est)
1675 2316 1678 2322 -

255 2376 307 2426 tres
328 2366 452 2442 lingunt
465 2365 541 2425 filias
558 2363 700 2438 simorum,
723 2362 883 2435 deserueras,
907 2361 1030 2440 sipopqr:
1058 2362 1147 2437 leges,
1172 2366 1359 2440 aequitatem,
1382 2368 1494 2439 pacem,
1519 2366 1604 2441 quasi

256 2456 337 2511 trium
360 2456 588 2531 proportionum
609 2450 767 2521 tutelares,
791 2448 1008 2521 uritirmeticse,
1031 2452 1241 2525 geometricae,
1264 2451 1459 2511 harmonicus.

337 2541 400 2599 lv.
424 2540 521 2616 Leges
535 2540 759 2611 connubiorum,
778 2537 967 2613 praecipuum
983 2538 1112 2595 civitatis
1128 2538 1285 2605 vinculum,
1308 2536 1487 2598 luculentum
1504 2556 1605 2598 exem-

259 2627 335 2701 plum
362 2628 590 2690 subministrant
612 2630 699 2685 trium
721 2626 949 2701 proportionum.
994 2623 1026 2682 Si
1049 2626 1162 2699 patricii
1185 2628 1322 2702 patricias
1345 2626 1450 2685 ducere
1475 2626 1606 2703 jubean-

256 2727 312 2787 mr,
334 2714 457 2791 plebeji
476 2714 627 2794 plebejus,
650 2714 827 2789 geometrica
849 2710 1009 2770 similitudo
1032 2719 1085 2769 est.
1130 2711 1181 2771 Sin
1202 2714 1251 2787 jus
1275 2713 1418 2786 omnibus,
1442 2716 1607 2791 promiscuo
1651 2782 1653 2789 ,

257 2803 407 2863 connubia
427 2802 476 2861 uel
499 2808 579 2861 sorte
601 2816 740 2877 quaerere
762 2797 811 2857 vel
833 2799 941 2872 torma,
965 2799 1080 2875 opibus,
1104 2801 1219 2874 virtuts,
1243 2802 1306 2859 sine
1328 2801 1441 2876 generis
1463 2806 1606 2877 respectu,

258 2888 435 2949 contendero
464 2897 605 2966 quantum
635 2889 748 2965 possis,
778 2902 833 2945 neo
860 2885 922 2944 ulls
953 2884 1083 2944 conditio
1111 2888 1218 2959 uentu,
1252 2887 1325 2947 haec
1356 2889 1410 2945 erit
1442 2887 1606 2963 aequalitas

259 2977 451 3037 arithmetica.
497 2977 605 3035 Verum
628 2977 668 3033 ibi
691 2976 800 3033 ciuium
823 2974 912 3031 enirm
936 2972 1115 3032 divelluntur
1137 2976 1166 3031 iu
1186 2974 1337 3047 lectiones,
1361 2974 1408 3033 bic
1423 2974 1607 3034 contundun-

261 3070 300 3120 tur
322 3064 462 3135 ordines,
485 3074 640 3139 utrumque
661 3063 857 3138 perniciosum
879 3060 1068 3136 reipublicae.
1115 3058 1225 3121 Suadet
1247 3063 1337 3135 igitur
1351 3060 1491 3137 Bodinus,
1513 3064 1607 3139 patri-

261 3152 307 3209 ciis
327 3153 517 3211 tenuioribus
539 3148 684 3210 interdum
705 3150 871 3224 permittere
893 3150 1041 3208 connubio
1061 3147 1182 3224 plcbeja
1205 3146 1359 3225 opulento,
1380 3148 1505 3225 plebeiis
1529 3148 1608 3209 diui-

262 3238 332 3297 tibus
353 3239 500 3315 patricius
522 3240 632 3314 inopes.
678 3234 744 3295 Hoc
773 3236 849 3294 enim
873 3236 987 3310 utrique
1012 3235 1105 3294 ordini
1136 3234 1337 3308 commodum,
1366 3236 1517 3297 nobilibus
1540 3240 1608 3313 qui·

262 3322 389 3396 demut
411 3326 492 3389 uncti
515 3326 622 3400 opibus
645 3330 785 3382 tueantur·
802 3320 900 3381 locum
922 3338 1009 3398 quem
1032 3323 1174 3395 obtinent,
1198 3330 1227 3382 ot
1248 3324 1372 3383 feminae
1389 3316 1477 3399 hujus
1499 3324 1608 3384 ordinis

262 3414 448 3485 uenientum
478 3410 557 3487 plebi
580 3427 666 3483 vcro,
697 3418 730 3467 ut
756 3408 903 3487 patefacto
933 3408 971 3467 ad
995 3410 1120 3472 honores
1150 3408 1231 3470 aditu
1263 3412 1363 3469 uirtuti
1388 3409 1457 3470 dont
1479 3428 1606 3489 operam,

264 3496 386 3575 deniquo
406 3500 480 3574 reip.
502 3491 584 3575 ipsi,‘
597 3508 631 3557 ut
645 3493 769 3556 ordinas
790 3489 893 3555 mutus
914 3512 981 3556 suso
1002 3496 1146 3556 olrarltete
1169 3497 1407 3573 complectantur.

342 3586 474 3644 Rursum
504 3586 552 3644 bic
580 3587 702 3661 peremit
730 3585 936 3659 geometricum
964 3577 1144 3660 analogiam,
1183 3593 1216 3643 ut
1242 3585 1441 3645 harmonicum
1471 3584 1607 3660 officeret,

266 3688 353 3748 neque
377 3682 478 3731 tumeo
508 3690 572 3731 eum
595 3673 633 3731 ud
656 3689 764 3731 merum
787 3670 996 3745 aequalitatem
1022 3671 1221 3731 arithmeticae
1245 3674 1455 3749 progressionis
1485 3672 1607 3747 redegit.

269 3756 302 3815 Ut
322 3762 348 3818 si
374 3748 407 3829 l,
430 3761 461 3831 3,
485 3760 513 3832 3,
537 3760 723 3836 geometrico,
745 3759 911 3835 perimetur,
940 3757 1050 3833 fietque
1076 3762 1102 3831 1,
1128 3761 1156 3826 3,
1174 3760 1204 3837 8,
1232 3768 1374 3834 quantum
1396 3759 1443 3817 lrlo
1465 3776 1609 3819 recessum

270 3856 308 3903 est
328 3847 368 3905 sb
398 3851 424 3919 l,
449 3849 479 3919 3,
503 3850 531 3918 9,
554 3855 667 3906 tuntum
691 3846 751 3904 illic
773 3846 1100 3920 derogatumpotriciis,
1125 3853 1154 3905 et
1169 3848 1353 3921 quantumin
1373 3849 1400 3919 l,
1426 3848 1454 3918 3,
1480 3847 1508 3919 8,
1532 3862 1608 3922 quo·

269 3948 326 3990 rom
349 3948 490 3993 excessus
512 3936 547 4006 2,
579 3930 704 4014 b(cum
725 3934 806 4010 prius
833 3940 932 3991 essent
960 3937 995 4002 2,
1025 3928 1076 4011 6),
1109 3935 1284 3992 secessimus
1312 3932 1351 3990 ud
1377 3934 1610 4009 progressionem

228 4083 229 4100 ¹
269 4020 476 4081 arithmeticum
504 4024 535 4090 l,
568 4023 603 4094 3,
634 4014 763 4101 b(quiu
784 4019 887 4077 borum
918 4020 1115 4090 excessuri,
1147 4024 1165 4075 2
1195 4015 1370 4100 aequales),
1400 4026 1514 4101 tuntum
1533 4018 1606 4081 *illio

228 4103 229 4130 l
271 4104 362 4165 dutum
385 4108 481 4185 plebi,
504 4117 538 4165 ut
558 4108 587 4164 in
610 4110 738 4167 numeris
759 4106 880 4182 quidem
901 4104 1107 4164 concordantis
1129 4108 1352 4165 constitueretur
1372 4108 1447 4165 inter
1471 4110 1502 4181 1,
1526 4108 1554 4181 3,
1580 4108 1608 4181 8,

270 4194 295 4247 iu
315 4212 375 4271 rep.
401 4210 473 4253 uero
495 4193 701 4253 concordantis
729 4194 806 4251 inter
825 4194 977 4269 patricios·
993 4201 1023 4251 et
1047 4192 1178 4269 plebum,
1206 4200 1343 4252 manente
1365 4200 1463 4253 tamon
1486 4192 1609 4253 distino-

271 4280 341 4339 tioae
364 4282 509 4340 ordinum.
555 4279 638 4341 Haec
659 4283 848 4340 commutatio
874 4283 907 4354 l,
936 4281 1007 4338 iiio
1034 4283 1069 4352 l,
1100 4280 1118 4337 8
1149 4288 1280 4340 occurret
1296 4280 1377 4341 libro
1400 4280 1438 4339 V.
1468 4282 1555 4340 etiam
1578 4284 1608 4339 in

272 4368 344 4427 coelo
365 4372 442 4445 ipro.
662 4426 668 4431 .
878 4385 880 4388 ·

348 4456 387 4513 V.
410 4456 515 4531 Inepta
543 4462 589 4513 est
610 4454 794 4513 urithmcu’cu
814 4452 979 4529 sequulitss
1004 4455 1035 4510 in
1056 4454 1231 4531 symposiis,
1262 4456 1288 4512 si
1314 4456 1479 4531 promiscuo
1509 4470 1609 4515 omnes

274 4544 452 4612 accumbunt,
478 4541 562 4600 nulla
582 4558 687 4613 sexus,
718 4541 907 4613 conditionis,
935 4543 1042 4603 uetutls
1064 4540 1166 4600 habita
1188 4542 1317 4616 rstioner
1346 4542 1459 4601 insulsa
1481 4543 1609 4601 vicissim

273 4642 341 4686 nero
370 4630 531 4689 similitudo
559 4630 746 4705 geometrica.
784 4628 866 4711 ,llam
893 4630 918 4687 si
948 4627 1031 4687 docti
1060 4636 1173 4687 tanturn
1207 4628 1299 4689 doctis
1327 4630 1504 4706 Jnngantur‚
1536 4627 1609 4704 quid

275 4715 422 4786 proderunt
443 4716 605 4793 imperitis?
627 4719 653 4774 sl
673 4714 801 4775 feminac
821 4716 894 4774 solis
916 4714 1039 4787 leminis,
1064 4732 1141 4791 qnae
1165 4715 1323 4792 v'oluptusi
1356 4718 1381 4776 si
1403 4716 1523 4775 olsmosi
1547 4716 1609 4777 ols-

276 4804 371 4876 nosis,
399 4805 465 4879 quis
488 4811 590 4862 uucmr
610 4804 648 4861 iis
667 4801 856 4862 modestiaet
901 4802 941 4860 Αι
963 4804 989 4860 si
1011 4818 1107 4879 nsque
1131 4804 1479 4879 coecum.aequalitutem
1501 4803 1609 4862 admit·

278 4895 329 4953 ιιι,
354 4908 450 4966 nsque
471 4906 617 4949 morosum
638 4888 872 4962 similitudinem,
903 4888 955 4949 sed
975 4892 1102 4949 misceas
1125 4898 1293 4965 utramque,
1323 4878 1436 4950 modici
1459 4897 1556 4951 umen
1579 4898 1609 4951 at

279 4977 461 5052 eamindicio
483 4979 613 5051 radonis,
637 4977 786 5053 proportio
809 4978 863 5035 orit
885 4976 1061 5036 harmonica
1106 4976 1221 5036 Eiflcies
1244 4979 1336 5051 onim,
1360 4985 1393 5037 ιιι
1414 4992 1499 5039 senos
1518 4979 1608 5055 juro·

283 5074 354 5136 uum,
382 5066 439 5123 riri
459 5065 632 5124 iemiuurnm
661 5071 783 5141 sspeotn
810 5061 976 5140 gaudeant,
1003 5064 1128 5140 juvenes
1158 5058 1312 5139 prudentia
1334 5082 1451 5140 senum,
1482 5060 1607 5129 lominus

285 5148 399 5210 niumm
420 5154 594 5211 anctoritate
616 5160 761 5229 reguntur,
783 5153 901 5212 tetricos
922 5152 1027 5211 urbani
1049 5153 1175 5211 excitent
1195 5152 1382 5231 vicissimque
1402 5160 1431 5213 et
1444 5162 1607 5232 vereamur,
