4242 6384
517 785 579 845 108
951 780 994 835 lie
1009 778 1170 849 llgururum
1188 776 1416 837 lirrmeuiomum

599 958 657 1019 Pro
678 957 767 1019 latere
790 956 989 1034 hendecagoni
1010 956 1208 1019 ulmumiertm
1221 954 1291 1017 tulis
1315 954 1485 1039 iescnpiior
1507 958 1537 1017 in
1560 957 1668 1019 circulo
1689 959 1732 1019 sb
1753 957 1845 1019 eodem
1888 973 1893 988 “

514 1054 623 1123 puncto
646 1046 672 1104 A
701 1045 823 1107 (locetur
844 1044 924 1105 latos
943 1044 1086 1120 tetrsgoni
1111 1044 1161 1103 ΛΟ
1184 1042 1222 1103 od
1244 1060 1331 1105 unam
1354 1054 1465 1123 purtem
1487 1046 1742 1121 circumferentiae,
1763 1048 1846 1121 trigo-
1896 1079 1897 1093 ι

873 1134 971 1191 uicum
1003 1132 1059 1191 Ab
1088 1130 1125 1191 ad
1161 1134 1351 1205 contusi-iam,
1387 1132 1599 1209 bsxsgonicnm
1635 1132 1703 1206 ΑΒ,
1736 1132 1786 1191 All
1814 1133 1846 1191 ul

874 1225 1035 1295 utramque,
1064 1226 1094 1280 et
1108 1217 1230 1277 (luorum
1245 1219 1360 1279 illomm
1375 1218 1620 1297 hexagonicomm
1638 1218 1763 1297 angulus
1777 1220 1846 1281 llll

875 1306 1066 1368 subtendatur
1096 1304 1155 1365 ulio
1178 1306 1319 1383 trigonico
1341 1306 1431 1367 lutere
1455 1308 1518 1382 Bu,
1543 1308 1621 1384 quod
1643 1308 1756 1369 sscobit
1776 1310 1847 1383 prius
1897 1366 1898 1383 ἶ

874 1395 1047 1469 uigonieurn
1064 1392 1119 1451 AD
1142 1394 1173 1451 iu
1197 1390 1243 1469 03
1267 1392 1389 1453 domur
1410 1396 1497 1455 etiam
1519 1412 1538 1455 s
1559 1394 1616 1456 flue
1638 1394 1847 1471 unagomeic
1897 1394 1898 1459 j

874 1480 1014 1541 ᾱιιιιιιιιι
1036 1479 1085 1539 ΟΕ
1107 1498 1158 1557 per
1178 1479 1195 1538 Ι
1215 1486 1344 1541 centrum
1365 1487 1395 1541 et
1421 1500 1438 1541 e
1468 1480 1524 1542 line
1556 1482 1647 1543 altero
1675 1481 1847 1541 diametrili

874 1586 926 1645 per
947 1569 1106 1628 sectionem
1128 1568 1333 1643 trigonicorum
1362 1566 1389 1626 (i
1418 1567 1539 1630 ducetur
1560 1578 1640 1631 rocta
1662 1568 1727 1643 EG,
1753 1584 1847 1631 secem
1898 1604 1899 1641 ,

875 1657 1087 1731 tetragonicum
1106 1654 1158 1714 Ac
1181 1656 1210 1712 in
1233 1653 1278 1713 H:
1300 1653 1379 1715 linea
1401 1653 1459 1715 GH
1481 1658 1554 1717 inter
1575 1656 1629 1717 hos
1651 1656 1726 1717 dues
1748 1656 1847 1715 sectio·
1898 1686 1899 1721 i

874 1758 927 1801 nes
949 1741 1054 1801 (liciter
1076 1759 1140 1803 esse
1160 1740 1239 1803 lutus
1254 1741 1455 1819 nducanguli.
1490 1744 1544 1803 Est
1563 1760 1632 1805 roro
1648 1746 1736 1803 nimis
1757 1743 1847 1819 longe,
1897 1800 1899 1809 ,

874 1830 924 1891 vel
945 1829 1114 1890 mechanico
1136 1828 1266 1889 docente.
1310 1830 1351 1891 At
1379 1828 1471 1889 solers
1493 1840 1640 1905 geometra
1667 1832 1794 1909 speciem
1814 1830 1848 1889 li·
1898 1865 1900 1891 ι

874 1934 950 1979 nese
971 1916 1149 1989 comiderat,
1178 1932 1254 1991 quse
1284 1920 1448 1977 necessario
1470 1920 1664 1979 communicet
1685 1917 1797 1995 aliquid
1817 1935 1847 1977 ex
1899 1920 1900 1969 l

512 2013 654 2087 trigonico
675 2018 705 2071 et
724 2008 906 2086 tebsgoulco
928 2005 1082 2077 latoribus,
1111 2006 1298 2081 quantumvis
1326 2013 1438 2065 remoto
1459 2004 1560 2081 gredo.
1606 2008 1697 2083 Atqui
1719 2020 1847 2065 numerus
1899 2012 1900 2045 l

515 2101 562 2171 li,
585 2099 694 2174 primos
717 2096 862 2169 siisteos,
893 2090 1084 2151 nullomodo
1106 2088 1144 2150 ad
1166 2089 1219 2149 loss
1242 2089 1349 2167 liguros
1371 2090 1467 2163 ducit,
1495 2108 1561 2153 cum
1583 2096 1621 2151 sit
1641 2092 1762 2169 primus,
1783 2090 1848 2151 nibil

512 2201 578 2246 com
602 2187 620 2244 3
645 2192 675 2245 et
697 2200 762 2245 cnm
785 2188 806 2255 4
827 2196 980 2243 commone
1001 2178 1123 2242 mucor.
1168 2175 1293 2237 Securus
1314 2180 1403 2255 igitur
1424 2186 1469 2239 est
1482 2188 1640 2255 geoneus,
1663 2181 1769 2241 lolsam
1791 2196 1847 2239 esre
1899 2170 1901 2209 ¹

511 2272 734 2348 descriptionem
756 2280 786 2332 et
806 2275 904 2348 potest
924 2266 1009 2327 facile
1030 2262 1219 2342 supersedero
1241 2263 1342 2326 lubere
1365 2266 1561 2343 computandi.
1900 2330 1901 2341 ,

596 2359 698 2437 Manet
720 2362 809 2437 igitur
829 2374 881 2435 per
903 2370 1004 2415 omnes
1024 2352 1220 2428 objectiones,
1248 2342 1301 2428 por
1327 2370 1427 2413 omnes
1450 2355 1579 2413 omnium
1601 2354 1779 2417 frustraneos
1800 2370 1846 2413 co·
1901 2408 1902 2443 ,

511 2452 607 2522 natus,
630 2446 724 2507 latero
746 2447 903 2521 figurarum
925 2439 1092 2518 huiusmodi
1114 2444 1217 2515 suopte
1239 2446 1343 2499 usturu
1365 2457 1429 2501 esse
1453 2442 1605 2517 ignotast
1626 2441 1783 2503 inscibilis.
1812 2442 1848 2503 Ut
1901 2500 1902 2505 ,

511 2533 584 2593 nibil
607 2536 709 2593 mirum
731 2534 778 2608 sit,
801 2530 831 2591 id
854 2530 932 2609 qnod
947 2532 977 2587 in
991 2528 1150 2605 meheppo
1164 2524 1263 2587 muudi
1286 2542 1344 2585 non
1367 2531 1464 2603 potnit
1485 2530 1624 2604 inveniri,
1647 2547 1746 2607 neque
1767 2531 1847 2591 etim
1900 2568 1902 2601 ι

511 2612 679 2701 expressum
702 2638 766 2682 esso
787 2622 818 2678 in
840 2617 1070 2681 conformatione
1091 2613 1183 2690 ipsios
1205 2611 1304 2673 mundi
1325 2616 1465 2691 partium»
1901 2648 1903 2683 ι

597 2777 708 2839 XLVI.
731 2776 957 2853 Propositio.
1000 2771 1098 2834 Sectio
1122 2768 1221 2831 circuli
1249 2786 1335 2831 mous
1356 2748 1555 2851 cujuscunque
1577 2774 1606 2833 in
1629 2776 1769 2853 mqualia
1788 2779 1845 2852 utu
1901 2830 1903 2839 ,

511 2867 657 2943 quinque,
688 2874 800 2943 septem
821 2870 876 2925 etc.
901 2870 931 2922 et
951 2862 982 2921 iu
1004 2876 1177 2937 quacunque
1199 2858 1326 2932 ratione,
1357 2875 1433 2934 quse
1455 2877 1513 2919 uon
1539 2862 1579 2919 sit
1599 2864 1846 2942 antedeguongtm.

510 2960 605 3013 tarum
626 2955 762 3014 continue
777 2950 879 3029 duplo,
902 2964 961 3010 nou
983 2956 1030 3009 est
1050 2948 1088 3011 ds
1109 2946 1303 3025 possibilitate
1324 2949 1500 3023 geometrice
1520 2948 1581 3023 tali,
1603 2968 1679 3027 quus
1700 2962 1845 3023 seleutiam
1901 2962 1904 2999 ¹

567 3046 636 3101 eret
1185 3064 1188 3070 ·
1902 3042 1904 3077 i

510 3056 566 3116 gon
598 3123 689 3179 Sectio
706 3136 785 3176 urens
802 3120 830 3173 in
849 3119 902 3175 duo
920 3124 949 3175 et
965 3122 1082 3187 quotuor
1099 3124 1127 3174 et
1144 3120 1205 3171 octo
1225 3122 1291 3183 stc,
1310 3115 1436 3169 continue
1454 3117 1557 3175 scilicet
1574 3119 1671 3197 dupla,
1690 3130 1846 3199 geometrice
1903 3152 1904 3155 =

511 3218 576 3257 sune
594 3208 637 3255 est
654 3200 758 3269 fuitque
777 3200 910 3255 hactonus
928 3196 1059 3255 adhibim
1094 3196 1126 3251 lu
1143 3194 1195 3257 triu
1213 3192 1343 3261 contingit
1361 3193 1446 3248 soceri
1464 3202 1491 3251 et
1503 3202 1589 3252 totum
1601 3202 1730 3261 circulum
1747 3207 1845 3277 pertri-
1904 3200 1905 3239 l

510 3297 622 3351 gonnm,
648 3288 676 3334 et
693 3278 900 3345 semicirculum,
918 3281 949 3331 ut
966 3276 994 3331 in
1011 3274 1169 3345 hexagono,
1195 3278 1223 3328 et
1242 3280 1364 3343 qumtam
1381 3280 1502 3343 partem,
1521 3283 1552 3331 ut
1569 3277 1597 3335 iu
1615 3280 1800 3355 dodecegono,
1823 3292 1845 3339 et
1904 3282 1905 3319 l

510 3360 640 3432 quintum,
657 3364 689 3414 ιιι
706 3358 733 3415 in
751 3354 1042 3427 pentelroedecagono,
1060 3360 1089 3409 et
1106 3368 1198 3409 orcum
1220 3352 1266 3409 135
1278 3353 1298 3421 ⁰,
1317 3358 1348 3405 ut
1365 3351 1393 3405 in
1411 3362 1552 3427 octogono,
1571 3364 1599 3414 et
1616 3374 1708 3417 areum
1730 3364 1802 3431 108⁰,
1820 3368 1846 3414 ιη
1904 3388 1905 3393 ,

508 3434 537 3489 in
556 3436 702 3506 decagono.
738 3438 769 3492 ln
788 3438 906 3506 quinque
924 3450 987 3489 vero
1006 3432 1138 3501 contingit
1156 3430 1241 3487 secoli
1259 3428 1381 3485 similiter
1398 3440 1426 3489 et
1437 3442 1524 3491 totum
1542 3436 1680 3507 circulum,
1697 3456 1748 3510 per
1759 3448 1846 3511 penta-
1904 3442 1905 3449 ’

510 3530 622 3587 gonum,
641 3521 669 3567 et
685 3515 896 3581 semicirculum,
914 3519 946 3567 ut
961 3512 990 3566 in
1008 3513 1162 3579 decagono,
1186 3516 1213 3565 et
1230 3508 1337 3565 ceruam
1355 3512 1449 3568 cuculi
1466 3522 1585 3585 partem,
1611 3518 1686 3572 utin
1703 3520 1846 3587 pentelrae·
1904 3526 1905 3535 ¹

511 3594 657 3661 decagono,
675 3600 702 3647 et
719 3608 812 3648 orcum
831 3595 906 3662 150⁰,
925 3596 957 3646 ut
973 3591 1001 3644 in
1019 3588 1166 3657 decagono.
1203 3587 1277 3641 luen
1295 3602 1387 3645 rerum
1406 3599 1448 3647 est
1466 3592 1500 3647 de
1517 3594 1613 3651 horum
1630 3609 1742 3651 monum
1760 3597 1846 3653 semis-

510 3674 584 3729 sibus
603 3672 851 3745 quadrunubusqne
875 3680 902 3725 et
928 3669 1026 3725 ceteris
1043 3668 1168 3737 portibus
1186 3666 1369 3737 proportionis
1395 3671 1521 3727 continue
1543 3672 1702 3743 subduplos.
1738 3678 1776 3731 At
1800 3675 1846 3727 lroc

508 3768 563 3807 non
580 3750 613 3807 ιι
629 3760 742 3822 propter
758 3750 922 3808 meseconis
938 3757 968 3805 et
986 3746 1188 3817 quinisectioris
1197 3746 1341 3817 ingenium,
1360 3746 1409 3805 sed
1420 3764 1470 3817 per
1481 3750 1607 3807 acorem
1622 3758 1650 3807 et
1661 3759 1775 3821 propter
1785 3752 1846 3809 ubas

496 3830 655 3899 ¹ligurinum
672 3832 867 3901 proprietates,
884 3828 1034 3901 dequibus
1051 3826 1193 3883 hactenus.

595 3908 632 3964 m
648 3910 828 3979 promiscuam
845 3908 1027 3965 trisectionem
1045 3912 1094 3977 ant
1111 3906 1258 3962 sectionem
1280 3906 1308 3961 in
1326 3908 1380 3963 ulia
1397 3926 1558 3981 quocunqne
1574 3912 1681 3969 ratione
1703 3913 1848 3985 proposita,

509 4004 578 4059 quae
596 4004 651 4043 non
669 3989 704 4043 sit
721 3990 849 4046 continue
865 3988 958 4058 duple
974 3986 1168 4057 impossibilem
1186 4000 1254 4052 esse,
1272 3998 1347 4059 patet
1365 4008 1397 4047 ex
1409 3992 1611 4062 compotatione
1623 3990 1779 4049 bisoctionis
1790 4006 1846 4061 pos·

509 4066 602 4123 sibilis.
637 4066 669 4123 In
688 4082 721 4123 stt
735 4068 854 4123 medinm
871 4066 1006 4123 adarcum
1024 4073 1059 4133 et,
1077 4080 1157 4135 quem
1168 4064 1214 4121 ille
1226 4077 1371 4139 mensurat,
1385 4070 1513 4141 angulum
1524 4066 1707 4141 bisecandum,
1727 4078 1770 4126 est
1782 4070 1846 4123 lineo

509 4154 590 4214 rectu,
609 4148 739 4203 subteneo
756 4149 844 4217 arcui,
863 4163 933 4219 quse
949 4148 978 4201 in
996 4144 1049 4200 dno
1069 4142 1192 4215 aequalis
1210 4146 1296 4201 securi
1312 4156 1403 4217 potest
1420 4149 1597 4219 geometrice,
1624 4162 1684 4202 cum
1702 4148 1844 4219 aequalite-

509 4234 563 4279 tem
580 4224 676 4279 hurum
693 4227 810 4295 partium
836 4233 965 4297 sequetur
991 4224 1141 4295 aequalitas
1166 4224 1282 4293 portium
1311 4244 1389 4285 orcus
1409 4230 1604 4299 cujuscunque
1617 4226 1673 4281 sive
1691 4229 1768 4297 porri
1794 4225 1845 4281 sire

509 4302 597 4371 magni
613 4310 740 4373 respectu
756 4306 841 4360 totins
860 4305 967 4375 circn1i;
984 4320 1019 4360 ex
1036 4319 1091 4374 quo
1109 4298 1185 4357 ionte
1203 4309 1230 4357 et
1247 4300 1300 4358 boc
1318 4314 1373 4377 est,
1393 4308 1465 4380 qnod
1483 4308 1511 4361 in
1524 4304 1661 4375 triangulo
1679 4303 1713 4359 ab
1731 4302 1844 4378 oeqneli·

508 4390 566 4436 tate
582 4381 697 4436 luterum
713 4380 779 4436 licet
795 4382 976 4452 argumentum·
994 4382 1028 4438 ad
1044 4381 1234 4452 aequalitatem
1247 4383 1404 4452 ungulorum
1417 4387 1610 4457 oppositorum.
1645 4383 1705 4439 Hoc
1722 4400 1785 4440 sero
1796 4396 1844 4437 me

509 4460 583 4516 dium
601 4474 651 4515 nos
668 4459 696 4514 iu
714 4462 811 4516 ceteris
829 4461 992 4517 sectionibus
1011 4460 1119 4517 deserit.
1154 4459 1223 4513 Nam
1242 4462 1294 4515 etsi
1310 4472 1392 4533 recte,
1412 4464 1486 4519 arcnl
1501 4462 1639 4530 subteneo,
1657 4464 1744 4519 securi
1760 4462 1845 4533 potest

508 4542 537 4596 in
554 4548 648 4612 portes
665 4539 799 4609 quotlibet
815 4540 897 4611 lique
914 4540 1085 4609 geometrice,
1104 4544 1134 4594 at
1150 4540 1205 4593 n'on
1222 4538 1283 4595 ldeo
1302 4549 1330 4597 ot
1346 4544 1548 4613 proportionem
1559 4540 1641 4595 ullum
1653 4540 1771 4609 partium
1788 4536 1844 4594 sub

508 4630 603 4678 tensos
619 4622 694 4691 (post
710 4620 912 4690 proportionem
929 4619 1114 4691 oequslitstis)
1133 4619 1256 4688 sequitur
1272 4622 1411 4690 proportio
1426 4621 1543 4690 partium
1561 4634 1657 4686 orcus3
1679 4616 1844 4686 quemsdmo

508 4700 573 4757 dom
590 4716 679 4770 neque
695 4700 724 4755 in
741 4699 877 4769 triangulo
894 4699 959 4755 licet
975 4714 993 4754 u
1009 4700 1185 4769 proportione
1202 4698 1316 4755 laterum
1333 4714 1493 4771 quacunque
1511 4700 1627 4767 (praeter
1650 4713 1730 4753 uuam
1751 4707 1843 4765 aequor

507 4779 602 4848 litatis)
620 4778 801 4848 ugumentari
824 4778 860 4833 ad
881 4778 995 4833 eundem
1017 4776 1220 4847 proportionem
1244 4776 1431 4849 oppositorum
1449 4776 1617 4845 ungulorum
1652 4774 1722 4831 Num
1748 4768 1843 4859 sicub-

508 4868 586 4913 tenre
605 4875 683 4915 crem
701 4858 776 4913 verbi
793 4874 876 4914 causa
892 4858 921 4912 in
937 4857 990 4911 tria
1007 4848 1133 4925 aeqn'olio
1154 4861 1276 4925 secetur,
1302 4856 1326 4910 si
1343 4871 1413 4926 qnae
1436 4862 1542 4921 secant,
1570 4852 1802 4923 perpendiculares
1818 4860 1842 4901 ιι

509 4940 664 4994 subteusum
681 4938 796 5007 ineunt,
819 4936 908 4993 modia
923 4951 988 5007 pcrs
1006 4948 1086 4991 arcus
1105 4930 1157 4989 erit
1174 4932 1261 4987 minor
1277 4932 1448 5001 lateralibns3
1473 4930 1514 4986 sin
1532 4946 1566 4987 ex
1585 4940 1677 4987 centro
1695 4946 1774 4989 orcus
1791 4927 1842 4982 fue-

508 5016 564 5072 rint
581 5021 705 5085 sgressoe
723 5016 866 5081 rectrices,
890 5014 979 5071 medie
996 5028 1058 5084 pers
1077 5027 1156 5067 arcus
1175 5010 1226 5066 erit
1243 5012 1330 5081 major
1345 5010 1512 5065 lateralibus.
1549 5009 1636 5079 Igitur
1659 5010 1730 5067 inter
1747 5008 1841 5065 disum

509 5098 574 5152 tiam
591 5096 723 5151 infinitam
740 5104 769 5151 et
785 5104 908 5151 centrum
925 5093 1018 5149 circuli
1034 5100 1165 5162 punctum
1182 5100 1238 5159 ost,
1258 5108 1291 5147 ex
1309 5107 1362 5162 quo
1380 5090 1493 5145 eductae
1511 5086 1581 5143 duee
1598 5089 1725 5145 sectrioes
1742 5096 1770 5145 et
1788 5080 1842 5143 sub

509 5183 614 5231 tensum
631 5182 661 5230 et
676 5190 769 5231 orcum
785 5174 845 5243 ejus
862 5173 891 5230 in
908 5173 962 5228 trio
978 5169 1103 5243 aequalia
1120 5177 1251 5226 secarent
1286 5170 1318 5225 Id
1330 5184 1393 5225 vero
1410 5174 1540 5239 punctum
1553 5182 1660 5239 semper
1670 5175 1746 5225 tanto
1763 5176 1842 5223 remo·

509 5254 564 5310 tlns
579 5260 622 5310 est
639 5252 674 5309 ab
691 5268 756 5310 arcu
772 5252 872 5323 circui,
890 5257 990 5323 qnmto
1007 5249 1095 5305 minor
1112 5263 1191 5306 arcus
1210 5248 1303 5304 circuli
1320 5248 1489 5307 emmenum
1500 5252 1550 5318 est,
1568 5247 1742 5317 proportione
1759 5252 1842 5303 umen
