4242 6384
815 962 855 1018 sic
871 964 1047 1045 intelligatur,
1066 982 1137 1051 quod
1150 985 1268 1045 circulus
1286 1006 1349 1047 cum
1366 1004 1445 1065 parta
1461 1014 1512 1057 aaa
1530 1006 1681 1063 constituat
1693 1012 1862 1080 proportiones

523 1028 612 1078 certas
630 1026 813 1107 harmonicas,
841 1058 924 1115 quae,
949 1049 976 1105 in
996 1056 1203 1134 quibuscunque
1220 1068 1393 1129 inveniantur
1415 1078 1536 1135 terminis
1563 1083 1636 1155 aliis,
1658 1102 1712 1143 seu
1735 1090 1805 1145 sonu
1826 1108 1865 1149 tto

523 1102 644 1159 motibus
662 1110 757 1181 mritis,
776 1131 884 1189 semper
901 1125 956 1181 sint
973 1128 1154 1195 harmonicae.

523 1182 699 1320 madiatAeddea
717 1268 778 1337 ipso
796 1273 897 1334 circuio
923 1286 1046 1345 oriuntur
1063 1294 1150 1360 prima
1168 1302 1260 1356 atatim
1287 1306 1347 1373 ejus
1370 1312 1491 1367 sectione
1516 1333 1565 1385 per
1581 1318 1700 1391 figuram
1723 1328 1866 1397 regularem

524 1337 571 1392 sed
590 1342 724 1401 accedunt
741 1350 849 1420 aliquae
868 1373 902 1413 ex
920 1377 951 1416 se
967 1366 1103 1434 prioribus
1122 1390 1291 1449 propagatae
1310 1400 1396 1455 usqne
1415 1390 1450 1445 ad
1468 1402 1569 1450 certam
1587 1408 1702 1465 metam,
1729 1414 1759 1460 ut
1776 1406 1802 1461 in
1818 1424 1868 1477 pro-

521 1415 701 1484 positionibus
720 1428 877 1491 videbimus.
913 1440 987 1499 Usus
1004 1449 1147 1509 axiomatis
1166 1466 1209 1513 est
1225 1460 1253 1513 in
1272 1478 1382 1533 propos.
1401 1469 1426 1525 i.
1445 1470 1469 1525 8.

607 1497 766 1563 Axioma
790 1505 841 1567 VI.
888 1513 962 1577 (ium
984 1518 1058 1584 duaa
1081 1528 1206 1593 chordae
1228 1552 1318 1597 sonos
1346 1540 1490 1605 ediderint
1510 1548 1671 1627 identicos,
1705 1574 1766 1616 vox
1788 1562 1867 1631 tertia,

519 1592 683 1644 consonans
706 1607 804 1651 mrum
826 1600 894 1673 uni,
918 1612 1091 1673 consonabit
1113 1626 1148 1676 et
1164 1619 1261 1696 alteri,
1286 1625 1441 1690 dissonans
1457 1650 1528 1694 vero
1551 1639 1590 1698 ab
1613 1656 1688 1716 una,
1722 1644 1870 1707 dissonabit

518 1672 548 1725 ct
562 1668 600 1727 ab
623 1670 724 1748 alters,
747 1679 1001 1768 qualibuscunque
1023 1698 1147 1763 divorsis
1170 1710 1259 1769 etiam
1281 1721 1481 1779 consonantiis
1505 1722 1552 1783 rel
1575 1724 1778 1793 dissonantiis.

602 1751 684 1819 Nota,
702 1756 729 1811 in
749 1761 871 1831 subjecto
888 1774 954 1838 poni
971 1782 1090 1846 speciem
1107 1786 1261 1861 identisoni‚
1280 1793 1309 1848 in
1326 1799 1484 1864 praedicato
1503 1820 1591 1874 genus
1610 1813 1744 1881 consoni,
1767 1824 1796 1869 ut
1812 1816 1868 1869 hacc

519 1824 573 1883 duc
591 1828 787 1903 intelligamus:
810 1845 911 1918 primo,
935 1867 990 1909 nou
1008 1860 1101 1927 sequi:
1127 1864 1197 1921 dnae
1220 1884 1371 1929 consonant
1395 1880 1634 1957 qualitercunque,
1660 1904 1727 1961 ergo
1752 1902 1780 1947 et
1802 1895 1869 1948 tertis
1894 1908 1895 1963 i

517 1913 650 1965 consonat
668 1914 790 1984 utrique,
817 1923 860 1977 vel
878 1926 1001 1989 dissonat
1018 1938 1053 1991 ab
1073 1948 1195 2014 utraque
1233 1950 1292 2005 Hoc
1311 1954 1380 2009 enim
1407 1967 1450 2013 est
1468 1959 1567 2017 falsum
1593 1966 1626 2019 de
1645 1982 1763 2041 genera,
1790 1988 1869 2063 vernn

517 1998 581 2039 raro
600 1986 634 2043 dc
651 1994 743 2061 specie
760 1997 989 2080 identisonornm;
1009 2016 1106 2078 deiude
1123 2040 1173 2080 nec
1191 2027 1244 2083 hcc
1262 2032 1401 2100 seqnitur:
1427 2038 1450 2091 si
1467 2039 1550 2096 tertia
1568 2056 1703 2101 consonat
1722 2050 1769 2103 uni
1786 2050 1869 2105 identi-

518 2078 647 2133 soporum
665 2071 758 2143 aliqua
774 2088 850 2136 certa
867 2096 1054 2165 consonantia,
1073 2106 1236 2162 consonabit
1253 2116 1282 2163 ct
1293 2108 1372 2166 alteri
1391 2114 1486 2170 eadem
1499 2121 1590 2187 specie
1604 2130 1809 2194 consonantiae,
1826 2130 1869 2185 hcc

516 2141 586 2199 euim
605 2146 659 2203 non
678 2166 787 2227 semper
803 2177 895 2219 verum
915 2177 995 2234 esset,
1013 2176 1086 2241 qnod
1106 2178 1251 2239 declarabo

513 2232 603 2291 voces,
624 2224 756 2289 iacientes
775 2239 905 2311 diapason
926 2247 951 2304 G
968 2257 996 2304 at
1010 2270 1042 2323 qs

512 2313 689 2387 uccnscnat,
707 2320 737 2366 at
754 2331 808 2371 uon
826 2336 876 2390 per
893 2324 1027 2401 diapente,
1047 2349 1060 2388 s

514 2382 659 2436 axiomatis
678 2394 721 2442 est
737 2408 814 2464 prop.
835 2398 860 2453 l.

602 2455 767 2526 Axicma
791 2469 857 2532 vii.
903 2477 978 2540 Cum
1006 2484 1082 2547 duae
1105 2490 1231 2554 chordae
1254 2496 1302 2555 vel
1326 2516 1415 2563 voces
1438 2504 1582 2575 ediderint
1610 2530 1701 2575 sonos
1725 2516 1867 2589 identicos,

513 2554 572 2598 roa
587 2546 682 2636 tertia,
705 2556 833 2619 existens
847 2579 913 2624 cum
936 2568 1051 2633 illarum
1068 2592 1127 2658 una
1149 2578 1323 2659 identiscua,
1346 2591 1435 2649 etiam
1458 2596 1650 2659 consiliarum
1674 2603 1773 2666 altera
1794 2604 1867 2665 iden-

512 2625 570 2687 ticc
590 2640 771 2701 consonabit.
828 2662 837 2699 ὴ

598 2712 678 2782 Quot
695 2720 723 2776 in
740 2724 824 2793 priori
842 2732 978 2792 axiomata
995 2743 1160 2811 gencmliicr
1177 2765 1232 2807 non
1249 2752 1340 2823 potuit
1351 2754 1489 2831 altman,
1511 2762 1538 2817 id
1553 2764 1612 2833 iam
1629 2768 1657 2824 in
1671 2774 1766 2843 specie
1786 2790 1865 2829 rerum

510 2794 553 2843 est
569 2789 604 2845 dc
620 2793 837 2863 identisonautia.
875 2811 946 2870 Usus
965 2827 1007 2874 est
1024 2821 1050 2877 in
1070 2840 1147 2897 prop.
1166 2830 1190 2885 3.

597 2866 642 2928 Dc
658 2870 703 2933 his
726 2878 815 2953 igitur
836 2889 1042 2967 axiomatibus,
1067 2908 1236 2976 praesertim
1259 2906 1296 2969 dc
1319 2913 1447 2989 quinque
1469 2918 1621 2993 prioribus,
1644 2928 1808 3004 speculatio
1829 2936 1865 2989 tii

509 2948 650 3029 sublimis,
674 2958 828 3029 Platonica
849 2972 975 3052 fideique
999 2982 1181 3051 Christianae
1205 2996 1347 3081 analoga,
1365 2998 1403 3057 ad
1427 3005 1658 3083 metaphysicam
1680 3013 1780 3091 adque
1803 3014 1865 3075 dot·

508 3039 614 3101 trinam
643 3043 679 3105 de
702 3054 801 3114 anima
831 3071 977 3135 spectans.
1023 3069 1191 3139 Geometrlc
1221 3084 1314 3157 enim,
1348 3086 1431 3161 cujus
1460 3101 1572 3167 partem
1602 3092 1659 3157 bne
1689 3112 1863 3181 spectantem

507 3121 575 3182 libri
591 3127 647 3188 duo
671 3137 781 3210 priores
803 3155 873 3205 sunt
895 3154 1053 3234 complexi,
1086 3162 1152 3224 Deo
1184 3177 1340 3230 coaeterna
1370 3174 1462 3251 inque
1485 3188 1582 3240 manta
1604 3183 1706 3247 divina
1732 3190 1862 3291 relucens,

508 3216 643 3292 exempla
660 3220 727 3282 Deo
757 3232 972 3313 suppeditavit,
1002 3255 1033 3304 ut
1060 3250 1090 3306 io
1119 3250 1207 3328 hujus
1238 3256 1304 3317 librl
1333 3263 1531 3337 praeambulo
1553 3267 1677 3344 dictum,
1711 3276 1862 3377 exomendt

508 3300 618 3377 mundi,
643 3315 672 3365 ut
687 3309 711 3367 is
734 3310 815 3376 fieret
838 3325 966 3398 optimus
989 3338 1019 3389 et
1041 3334 1265 3411 pulcherrimus,
1290 3344 1413 3423 denique
1430 3348 1576 3413 Crantoris
1592 3361 1768 3424 simillimus.
1814 3364 1862 3423 Dei

507 3401 577 3445 vero
593 3388 738 3458 Crantoris
760 3402 904 3479 imagines
925 3424 1010 3497 sunt,
1038 3434 1180 3501 quotquot
1201 3432 1333 3507 spiritus,
1364 3438 1496 3509 animae,
1520 3452 1631 3505 mentes
1653 3452 1715 3509 suis
1739 3452 1862 3527 singulae

506 3479 677 3550 corporibus
698 3495 768 3546 sunt
788 3494 962 3573 praelectae,
987 3514 1020 3565 ut
1042 3508 1095 3570 illa
1116 3514 1321 3593 gubernarunt,
1344 3532 1505 3601 moverent,
1530 3543 1681 3611 augerent,
1705 3555 1860 3599 conservi·

505 3570 569 3619 rent
584 3564 724 3645 adeoque
747 3584 776 3633 et
798 3596 1003 3659 propagarent.

547 3637 552 3649 ¹
596 3650 670 3713 Cum
692 3658 781 3735 igitur
803 3676 904 3745 typum
928 3680 1075 3751 quendam
1098 3691 1251 3751 creationis
1273 3693 1333 3753 aiut
1355 3694 1525 3773 compleras
1547 3706 1609 3765 suis
1631 3711 1758 3785 muniis,
1782 3712 1856 3783 lectt

506 3735 594 3796 etium
618 3756 682 3802 cunr
706 3758 836 3814 creatore
859 3758 976 3823 easdem
992 3769 1150 3831 observant
1165 3781 1270 3853 operis,
1294 3798 1330 3839 ex
1345 3789 1506 3858 geometria
1527 3788 1686 3871 desumtas,
1705 3800 1851 3873 gaudent·

507 3838 564 3899 qna
586 3836 824 3905 proportionibus
847 3844 960 3923 iisdem,
977 3858 1101 3929 quibus*
1118 3860 1199 3923 Deus
1221 3874 1266 3925 ast
1287 3884 1378 3943 usus,
1409 3874 1577 3952 ubicunque
1600 3880 1666 3942 ilias
1688 3886 1856 3957 invenerint,

1270 2185 1404 2261 exemplo,
1423 2193 1487 2251 licet
1504 2214 1538 2253 er
1551 2202 1720 2273 anticipato:
1739 2208 1795 2263 sint
1811 2207 1869 2299 dune

1067 2256 1105 2311 sit
1120 2259 1200 2315 teriia
1218 2262 1249 2327 d,
1266 2264 1312 2319 illa
1329 2266 1396 2324 iacit
1419 2288 1480 2329 cum
1500 2275 1525 2335 G
1543 2276 1683 2351 diapente,
1714 2301 1781 2354 ergo
1799 2294 1869 2343 etiam

1063 2334 1097 2389 ed
1114 2353 1165 2405 per
1183 2340 1366 2405 dawssaron.
1401 2349 1474 2407 Usus
1493 2363 1587 2413 autem
1609 2364 1778 2435 praecipuus
1797 2366 1867 2433 bique

505 3912 570 3970 sire
593 3916 672 3977 nuda
693 3926 911 4008 speculatione,
941 3940 1005 4002 sive
1028 3948 1209 4024 interpositis
1231 3956 1382 4032 sensibus,
1415 3960 1444 4019 ln
1472 3963 1558 4024 rebus
1589 3974 1688 4030 sensui
1711 3974 1856 4075 subjectis,

505 3996 569 4058 aiva
592 4004 680 4065 etiam
697 4011 765 4072 sins
788 4014 921 4082 discursu
944 4034 1058 4106 mentis,
1082 4052 1134 4111 per
1156 4040 1303 4102 occultum
1327 4052 1357 4104 et
1380 4058 1564 4111 concreatum
1586 4056 1775 4137 instinctumq
1797 4074 1856 4161 stuc

506 4082 588 4145 Dens
611 4090 673 4168 ipsa
695 4107 898 4177 proportiones
922 4110 1011 4177 hasce
1033 4123 1062 4178 in
1087 4128 1255 4200 corporibus
1289 4138 1318 4188 et
1344 4135 1472 4197 motibus
1495 4147 1669 4217 expresserit
1698 4148 1856 4209 invariabi-

506 4170 582 4247 liter,
605 4180 669 4240 siva
692 4186 818 4261 quadam
840 4204 1018 4269 geometrica
1045 4214 1221 4275 necessitate
1244 4220 1384 4281 materiae
1414 4224 1442 4280 in
1466 4224 1608 4287 infinitum
1632 4230 1772 4295 dividuae
1795 4251 1854 4293 rno-

505 4264 647 4337 iutimque
676 4285 727 4343 per
751 4283 889 4341 materiae
913 4294 1106 4361 quantitatem
1136 4299 1211 4359 inter
1233 4302 1362 4364 inlicitus
1383 4314 1588 4387 proportiones
1618 4333 1676 4377 ncn
1709 4321 1853 4383 harmoni·

503 4362 553 4405 caa
584 4359 758 4418 occurrerint
786 4367 873 4425 etiam
896 4369 1083 4443 harmonicae
1112 4385 1185 4447 istae
1208 4391 1270 4447 suia
1294 4398 1487 4471 temporibus,
1522 4404 1551 4461 et
1566 4405 1608 4463 sic
1631 4422 1688 4467 non
1714 4412 1743 4468 in
1768 4423 1852 4473 esst.

501 4430 555 4491 sed
578 4436 607 4492 in
630 4438 725 4501 lieri
748 4452 917 4515 consistant.
961 4462 1023 4525 Nec
1045 4477 1157 4531 tanturm
1180 4474 1308 4549 gaudent
1331 4492 1452 4556 mentes,
1477 4486 1533 4547 Dei
1557 4490 1709 4568 imagines,
1733 4512 1851 4595 propot-

502 4521 633 4582 ²³⁰¹¹¹¹l¹¹⁸
656 4528 706 4600 5³⁸2
738 4534 790 4593 sed
814 4548 934 4602 utuntur
963 4552 1051 4613 etiam
1076 4557 1177 4619 iisdem
1202 4579 1252 4639 pro
1277 4562 1391 4641 legibue
1417 4571 1457 4630 ad
1485 4579 1653 4653 peragenda
1679 4601 1734 4645 sua
1757 4598 1852 4645 munit

502 4615 765 4693 proportionesque
796 4627 913 4690 easdem
937 4636 966 4693 in
990 4644 1119 4703 motibus
1142 4664 1259 4710 suorum
1291 4670 1460 4732 corporum,
1492 4678 1551 4737 qua
1573 4665 1656 4739 licet,
1688 4677 1849 4748 exprimen-

503 4692 566 4754 das.
611 4699 755 4783 Exempla
777 4708 929 4779 luculenta
952 4722 1011 4785 duo
1034 4732 1180 4806 proferent
1202 4735 1267 4812 iibri
1283 4753 1450 4817 sequentes,
1473 4764 1562 4808 unum
1582 4752 1675 4828 ipsius
1690 4756 1746 4818 Dei
1763 4760 1849 4817 Crea-

499 4783 587 4858 toris,
619 4792 668 4865 qui
692 4802 928 4872 proportionibus
951 4809 1128 4878 harmonicis
1151 4821 1320 4900 dispertitus
1350 4839 1394 4889 est
1416 4842 1514 4894 motus
1536 4838 1697 4916 coelorum,
1729 4846 1847 4906 alterum

499 4870 615 4933 animae
638 4876 733 4955 iliius,
765 4902 854 4962 qnam
876 4904 1011 4959 naturam
1034 4906 1221 4969 sublunarem
1245 4914 1508 4993 ciceronianus,
1536 4926 1640 4987 cientis
1661 4940 1791 4993 metecra
1812 4927 1846 4988 ad

498 4964 711 5040 praescriptum
734 4980 970 5058 proportionum,
1002 5006 1079 5065 quae
1102 5008 1254 5059 occurrunt
1285 5004 1314 5060 in
1337 5003 1547 5070 radiationibus
1579 5021 1731 5078 asnorum.
1777 5019 1845 5079 Ter-

499 5045 579 5104 tium·
596 5049 683 5124 igitur
706 5064 736 5116 et
756 5060 844 5139 hujus
867 5067 933 5131 libri
957 5082 1106 5155 proprium
1130 5088 1294 5164 exemplum
1323 5098 1395 5153 asto·
1410 5098 1526 5157 animae
1548 5098 1694 5164 hnmanae
1716 5108 1844 5181 adeoquo

498 5140 527 5201 ei
554 5137 701 5220 pecudum
732 5150 956 5224 quadamtenus.
1001 5165 1076 5229 illas
1107 5172 1183 5246 onim
1212 5180 1357 5254 perceptis
1386 5188 1622 5260 proportionibus
1652 5206 1756 5255 vocum
1779 5194 1844 5253 har·

497 5222 781 5313 martringneium,
804 5258 862 5303 uon
884 5245 1062 5316 harmonicis
1084 5258 1249 5338 metantur,
1283 5268 1431 5347 aquibus
1459 5275 1574 5337 animas
1602 5277 1756 5353 menibus
1778 5279 1842 5341 illac
