4242 6384
498 776 561 845 606
869 772 902 835 lu
919 774 1139 839 minentem
1155 773 1296 837 Doliormu
1312 775 1469 853 Appmdix.

493 951 558 1021 legi,
577 951 685 1009 omuino
702 950 767 1007 milri
785 960 915 1022 punctum
933 952 1074 1009 satisfecit
1109 954 1147 1009 At
1161 970 1217 1010 nen
1234 955 1313 1011 valde
1330 963 1400 1027 peto
1416 958 1601 1027 receptamiri
1612 958 1687 1013 irene
1697 956 1842 1025 logisn'earr

496 1031 531 1085 eb
549 1030 605 1086 ullo
624 1030 761 1085 hominnm
779 1046 886 1100 genere,
905 1032 1064 1100 nequidem
1081 1033 1106 1086 ei
1124 1035 1264 1087 octonerie
1280 1038 1437 1103 progressio
1453 1054 1503 1107 per
1521 1038 1611 1091 omniu
1629 1038 1765 1092 ohtineet
1798 1040 1844 1092 lie

496 1110 610 1165 cessitas
629 1110 700 1165 enim
718 1108 793 1163 nulla
811 1118 839 1165 st
856 1110 918 1179 plns
937 1118 980 1165 est
997 1110 1025 1165 iu
1043 1110 1204 1166 contusione
1222 1112 1407 1183 difficultatis,
1429 1132 1511 1184 quem
1528 1118 1557 1171 in
1574 1117 1740 1172 ιιιιιιιιίοιι
1755 1117 1791 1171 ed
1806 1118 1846 1171 de

496 1188 599 1243 nariam
617 1187 726 1241 lebonis.
763 1188 852 1256 Quone
872 1204 936 1257 ergo
955 1191 1134 1259 sexagenus-in
1150 1199 1261 1260 recepta
1273 1194 1310 1247 sit
1331 1194 1366 1249 cb
1390 1195 1562 1261 eetrouomis,
1592 1196 1739 1249 octomris
1767 1194 1849 1264 recipi

496 1280 550 1321 non
568 1267 676 1337 possit?
696 1266 766 1333 Quia
783 1268 960 1335 sexugeuariu
978 1284 1103 1337 magnam
1121 1286 1261 1340 summum,
1278 1280 1352 1340 putu
1369 1274 1412 1340 00,
1429 1272 1592 1335 accumulat,
1610 1274 1756 1327 octonaria
1769 1274 1851 1326 minus

494 1363 574 1416 quam
595 1350 642 1415 10;
669 1346 777 1415 etquis
795 1348 972 1416 sexagenaria
998 1348 1127 1416 quamdin
1153 1357 1181 1405 et
1206 1358 1342 1421 eumenus
1364 1351 1441 1406 inim
1460 1354 1493 1406 10
1520 1359 1632 1419 munet,
1658 1352 1726 1405 nori
1752 1352 1849 1405 nihds

494 1426 606 1483 deneriu
625 1425 690 1481 iecit
707 1427 734 1481 iu
752 1442 845 1481 meuse
863 1425 1051 1496 Pythagorius,
1071 1428 1210 1483 nocueris
1226 1427 1308 1497 plene
1326 1431 1408 1485 vertit
1425 1429 1549 1484 obscum

1045 1606 1092 1665 Ad
1115 1606 1233 1684 Caput
1254 1608 1296 1668 X.

562 1756 625 1812 Jsm
638 1758 766 1827 respondi
784 1758 843 1813 iere
860 1762 992 1826 qnantum
1009 1759 1159 1826 quescitur.
1194 1759 1256 1813 Etsi
1274 1760 1344 1814 euim
1362 1759 1472 1813 nomine
1488 1757 1641 1828 ponderum
1659 1758 1691 1812 in
1710 1760 1846 1814 octomrn
1919 1809 1920 1820 ,

494 1839 598 1894 ratione
617 1838 723 1893 institui
740 1839 855 1907 possint,
873 1850 927 1891 uon
947 1837 1079 1891 omasum
1093 1844 1184 1891 umen
1200 1837 1299 1907 valgos
1321 1838 1488 1893 onerandum
1510 1852 1582 1893 nore
1598 1838 1769 1893 numerandi
1787 1854 1845 1891 ane„

493 1918 565 1987 Quin
590 1918 696 1988 potins,
727 1918 790 1985 qnia
817 1916 928 1971 scheme
954 1914 1162 1983 eoupmetiouis
1188 1930 1381 1985 progressuum
1407 1918 1563 1972 mmoemse
1589 1926 1617 1971 et
1645 1917 1782 1971 dentiae
1803 1918 1847 1969 hoe

492 2000 525 2053 X.
545 2016 604 2068 esp.
623 1996 810 2065 introducitur,
828 1996 889 2050 loco
908 1994 1054 2052 schematis
1072 1994 1155 2062 lrnjna
1172 1996 1246 2051 eliud
1264 1996 1375 2051 scheme
1393 2004 1421 2050 et
1438 2004 1519 2065 typus
1543 1996 1721 2065 sanctionis
1734 1996 1847 2051 omniun
1919 2035 1920 2058 ι

492 2088 680 2143 mensurarum
698 2084 727 2131 st
744 2076 889 2143 nominum,
909 2074 989 2129 etism
1008 2074 1034 2127 ic
1053 2074 1228 2143 proportione
1245 2075 1418 2131 discendunt
1434 2091 1495 2130 sees
1508 2084 1604 2131 mutuo
1621 2078 1848 2145 subsequentium
1919 2083 1920 2094 ¹

492 2152 519 2207 in
538 2153 633 2221 vulgus
653 2154 740 2209 detur.
777 2155 822 2209 Sic
840 2153 912 2208 euim
929 2152 1082 2207 rectissime
1098 2151 1195 2219 migne
1212 2153 1354 2221 invonitur
1374 2155 1478 2210 relictis
1499 2155 1716 2211 someuelnmis
1739 2165 1770 2211 et
1788 2172 1847 2211 eun·

492 2232 679 2287 suetudinibus
698 2240 726 2287 et
743 2232 837 2302 edjuta
855 2230 1028 2287 nihilominus
1045 2232 1182 2287 memoris.

439 2347 444 2355 -
560 2310 608 2363 'In
626 2312 699 2365 omni
715 2312 864 2367 mutatione
881 2310 1025 2379 plurimum
1049 2308 1132 2365 hebet
1153 2311 1271 2365 inridiee
1287 2311 1438 2367 subtilitas:
1455 2314 1528 2368 hanc
1544 2319 1732 2369 exsecantur
1748 2312 1845 2368 subditi

490 2388 588 2457 potioni
608 2388 886 2459 exparte3popnlns
905 2388 1021 2443 enimin
1040 2404 1259 2447 communecnm
1281 2392 1348 2459 ipsis
1370 2391 1439 2447 adeo
1461 2394 1611 2448 minoribus
1634 2394 1843 2461 megistrstrlma
1919 2427 1920 2444 ι

490 2466 574 2523 hebes
593 2474 642 2523 eet,
678 2470 775 2538 iisqne
792 2468 948 2539 hujusmodl
966 2470 1070 2539 optime
1087 2469 1168 2523 ιιὶιιιι
1193 2470 1306 2525 consilio
1327 2472 1492 2528 curiummtis
1515 2473 1625 2528 nomine
1641 2473 1844 2528 ιιιιιιιιίιιιιι

490 2552 519 2600 et
537 2548 564 2601 in
581 2548 690 2603 scholae
708 2546 834 2617 ablegare
852 2547 948 2602 solent.
984 2548 1037 2617 Qui
1060 2560 1138 2604 vero·
1150 2558 1262 2605 nostroe
1287 2564 1342 2605 non
1369 2552 1487 2607 ιιιΙιιιιιιι
1508 2552 1714 2625 jurisdictioni,
1742 2560 1842 2607 mutum

490 2626 569 2682 abest
585 2634 617 2683 ιιι
634 2634 728 2683 nostro
747 2626 871 2697 exemplo
889 2626 994 2681 inritati
1011 2627 1086 2682 brevi
1104 2628 1181 2696 sequi
1199 2628 1283 2683 veiint
1309 2628 1378 2685 haec
1404 2630 1531 2700 subtilia,
1559 2638 1590 2685 nt
1616 2631 1715 2700 potius
1739 2630 1843 2697 longine

490 2706 571 2760 etium
590 2722 606 2761 s
623 2707 701 2763 nobis
720 2707 939 2763 sintdiscessnri.
976 2706 1230 2777 assumuntque,
1262 2724 1319 2763 rem
1343 2708 1411 2763 edeo
1435 2709 1608 2777 popnltrem,
1631 2716 1665 2762 nt
1688 2716 1760 2763 sunt
1776 2724 1843 2763 ιιι-

490 2800 578 2855 snrae,
596 2792 624 2841 et
641 2786 669 2841 in
687 2802 766 2841 nrum
782 2786 876 2857 pupuli
895 2786 1016 2841 intumum
1034 2784 1140 2841 felicius
1158 2794 1187 2840 et
1204 2785 1298 2840 utilius
1316 2787 1439 2856 expediri
1454 2801 1509 2841 non
1520 2801 1611 2855 posse,
1630 2802 1716 2853 quum
1729 2790 1843 2857 siquem

489 2862 549 2917 duri
566 2872 658 2933 potest
675 2865 799 2921 tradetur
816 2865 1034 2935 populemssime.

492 2940 493 2945 ’
576 2944 646 3011 Quis
663 2943 851 3003 liberalissimo
868 2946 1021 3015 quaesitum
1038 2946 1104 3013 tuit,
1127 2944 1171 2999 luis
1189 2944 1224 3000 10
1249 2943 1383 3013 capitibus
1400 2943 1517 2999 candide
1537 2943 1620 2999 etiam
1638 2941 1710 2999 duxi
1728 2961 1841 3014 respon

490 3020 617 3077 dendum.
656 3023 768 3078 Venitur
793 3024 886 3092 itsqns
912 3038 1009 3095 precor
1035 3022 1216 3079 confidentius
1239 3037 1317 3077 ureae
1337 3020 1534 3091 pronuncisndi
1551 3020 1591 3081 sle
1609 3020 1697 3076 rebus
1724 3025 1840 3092 politicis

489 3116 506 3156 a
523 3116 583 3157 mea
599 3100 770 3171 professione
787 3102 899 3173 cilenis,
926 3111 958 3159 nt
982 3120 1052 3174 quac
1079 3103 1156 3159 nulla
1173 3118 1208 3157 ex
1224 3101 1395 3171 arrogantie,
1413 3115 1487 3157 mero
1504 3114 1569 3154 reru
1592 3114 1628 3155 ex
1647 3100 1774 3156 candore
1791 3101 1840 3155 tuit

489 3196 522 3237 ns
576 3188 629 3237 ιιι.
1919 3187 1920 3242 i

523 3196 695 3329 mpPsrergs
711 3259 813 3317 inserui
831 3260 984 3318 delectandi
1001 3278 1097 3318 ceum:
1116 3264 1140 3319 si
1157 3261 1246 3317 minus
1263 3259 1308 3317 lde
1324 3257 1391 3315 felix
1408 3272 1471 3315 esee
1488 3255 1578 3327 potui,
1601 3262 1646 3311 eet
1664 3264 1744 3314 certe
1763 3258 1843 3313 ruini.
1919 3245 1920 3334 l

644 3372 749 3443 Progne
767 3372 809 3428 24.
827 3373 894 3429 Dec.
913 3388 984 3429 anno
1003 3371 1079 3430 1005.

1325 3450 1522 3519 Perscrlpsi'J.
1539 3449 1687 3519 Keplerns.

1033 3661 1295 3731 Poetscripte.

558 3818 590 3875 ln
605 3818 658 3875 lroc
670 3818 770 3890 scripto
781 3818 853 3876 haec
865 3828 941 3875 suut:
962 3821 986 3887 1)
1006 3820 1073 3875 Dico
1086 3818 1165 3873 velde
1176 3818 1270 3875 utilem
1282 3832 1344 3873 esee
1355 3816 1496 3871 scientiam
1507 3814 1679 3885 ιιιιιιιιίοιιίι
1692 3816 1841 3885 ponderum

489 3914 738 3970 mensurarsmque.
758 3900 784 3970 2)
803 3900 957 3956 Difficulter
975 3914 1038 3954 rere
1057 3898 1160 3966 siquid
1184 3898 1212 3951 in
1237 3896 1271 3951 iis
1287 3897 1385 3951 mntnri
1403 3894 1631 3963 confusionisque
1649 3894 1713 3950 tolli
1730 3914 1748 3951 s
1765 3896 1841 3964 mlgu

489 3993 579 4047 posse.
616 3980 644 4041 3)
663 3978 761 4047 ltaque
777 3992 831 4031 non
850 3979 1003 4047 consentio,
1027 3986 1058 4032 nt
1082 3976 1243 4031 aboleantur
1263 3975 1397 4031 vocabule
1417 3974 1529 4042 propria
1546 3973 1661 4041 siugulis
1678 3975 1841 4043 regionibus

490 4072 579 4125 neque
597 4064 628 4109 ιιι
646 4072 717 4111 nore
735 4057 815 4125 plene
832 4057 999 4125 imperentur
1015 4056 1158 4110 universis.
1194 4056 1221 4120 4)
1240 4056 1397 4122 Quaerere
1415 4061 1480 4107 suut
1497 4054 1617 4107 omnium
1633 4052 1782 4121 regionum
1798 4068 1840 4104 re

490 4134 594 4203 cabula,
607 4143 638 4189 nt
648 4134 740 4195 librae,
754 4135 908 4199 centenurii,
918 4135 1010 4203 pedes,
1031 4134 1120 4196 ulnse,
1138 4133 1268 4199 canthari,
1286 4150 1356 4200 nego
1374 4134 1402 4185 iu
1419 4139 1526 4185 tantum
1544 4131 1685 4197 mntendn,
1703 4137 1737 4184 nt
1750 4129 1839 4185 multis

489 4213 517 4267 in
535 4212 601 4267 locis
618 4212 709 4282 triplo,
728 4213 888 4283 quadruplo,
909 4213 1024 4283 decuplo
1043 4210 1160 4266 eredunt
1177 4210 1281 4279 mujorc
1298 4210 1339 4264 rel
1356 4210 1467 4264 minore
1504 4211 1535 4275 0)
1553 4206 1839 4274 commiscuerunt

489 4292 606 4350 medium
615 4292 715 4361 aliquid
725 4294 795 4348 inter
804 4298 924 4347 extreme
935 4292 1075 4360 regionum
1084 4288 1207 4357 eligetur,
1217 4288 1254 4343 ed
1264 4290 1337 4357 quod
1349 4290 1552 4344 conformentur
1563 4286 1672 4342 illorum
1684 4299 1837 4350 mensures,

490 4376 535 4441 qim
554 4372 656 4427 habent
673 4369 790 4439 majores
808 4372 959 4425 minoresve
985 4382 1126 4423 mensurus
1152 4382 1202 4436 eo,
1230 4368 1303 4436 qnod
1326 4384 1420 4423 sumus
1447 4366 1568 4421 electuri
1603 4368 1629 4432 6)
1647 4366 1729 4420 Hunc
1756 4366 1838 4434 ipsam

489 4458 580 4505 tamen
603 4448 777 4503 mutationem
797 4446 898 4502 suadeo
916 4446 1083 4517 pedetentim
1100 4444 1331 4513 introducendum,
1349 4446 1453 4500 scilieet
1470 4444 1500 4497 in
1516 4445 1550 4497 iis
1568 4444 1770 4512 counscutus,
1798 4442 1838 4510 qni
1919 4463 1920 4468 ¹

490 4535 555 4581 snut
572 4525 773 4593 magistratibus
796 4526 867 4580 inter
885 4542 914 4580 se
932 4535 979 4580 sut
998 4541 1058 4580 ιιιιι
1077 4525 1201 4586 subditis
1236 4524 1342 4593 Nempe
1355 4524 1401 4592 jne
1418 4524 1525 4578 dicetur
1541 4521 1693 4576 secundnm
1717 4522 1756 4590 id,
1769 4521 1836 4591 qnod

490 4620 585 4661 snmus
604 4604 730 4670 electuri,
749 4622 804 4661 non
822 4606 969 4661 secundnm
988 4605 1173 4673 discrepantes
1191 4604 1325 4659 cariernrn
1341 4603 1482 4672 regionum
1499 4599 1593 4669 pedes.
1630 4602 1657 4667 il
1676 4600 1836 4655 Οοιιιὶιιιιιιι

489 4682 664 4739 bisoctionem
690 4682 758 4739 neeis
783 4683 956 4737 admittimus.
993 4684 1023 4749 d)
1043 4682 1235 4737 collectionem
1261 4690 1325 4737 nero
1352 4680 1453 4741 assium
1471 4680 1498 4733 in
1518 4676 1647 4732 contiuua
1661 4680 1836 4747 proportione

489 4761 571 4829 uulgo
590 4761 772 4829 imperandam
791 4760 872 4831 plane
891 4761 1043 4815 dissuadeo.
1080 4762 1110 4828 9)
1128 4761 1258 4815 Permitto
1285 4766 1383 4819 ιιιιιιι,
1411 4757 1552 4813 emenduri
1578 4756 1713 4823 paulatim
1738 4755 1834 4810 formes

489 4838 678 4893 collectionum
697 4846 867 4907 receptarum
885 4838 919 4893 ad
938 4854 1018 4893 nuum
1036 4838 1161 4907 aliquam,
1181 4840 1221 4894 sic
1236 4846 1268 4895 ut
1285 4838 1408 4894 omnibus
1432 4837 1498 4893 locis
1524 4838 1542 4890 0
1559 4835 1651 4890 Aimer
1668 4836 1725 4889 sint
1742 4834 1832 4889 Fuder

490 4934 583 4987 unum,
602 4918 726 4973 omnibns
745 4918 811 4973 locis
831 4920 882 4974 100
899 4918 990 4987 pondo
1008 4919 1044 4974 sit
1061 4920 1239 4973 centenarius.
1278 4918 1325 4985 10)
1342 4917 1392 4971 His
1418 4927 1588 4983 comeonsns
1606 4919 1662 4981 est,
1684 4922 1717 4967 ut
1734 4913 1831 4967 dissue·

491 4996 577 5067 deam,
595 4997 691 5066 vulgus
702 4996 924 5067 adstringendum
943 4998 978 5052 ad
996 4999 1127 5053 urnitstem
1145 4998 1238 5052 luteris
1251 4996 1371 5051 omnium
1382 4993 1490 5048 ussinm.
1523 4992 1565 5061 11)
1583 4994 1622 5047 Et
1632 4999 1727 5046 temen
1737 4990 1832 5059 lsrgior

491 5076 811 5132 commensurabilitstem
835 5076 928 5132 leteris
956 5080 1074 5133 omnium
1100 5078 1214 5141 ιιιιιιιιι,
1240 5090 1296 5130 non
1317 5074 1346 5127 in
1371 5074 1477 5128 nnitme
1500 5070 1710 5139 instituendum,
1737 5072 1830 5127 sedin

491 5156 609 5209 numeris
628 5154 748 5228 pulchris
767 5162 795 5211 et
812 5156 1011 5225 receptissimis.
1051 5160 1092 5231 12)
1111 5156 1276 5213 Numereudl
1293 5148 1403 5209 modum
1420 5168 1470 5222 per
1487 5150 1652 5207 mtonlriam
1670 5147 1829 5218 progressio·

490 5244 552 5286 nem
570 5232 683 5303 evulgo
701 5234 782 5307 plene
801 5234 906 5297 antero.
1017 5292 1019 5300 ,
1180 5244 1183 5251 ·
