4242 6384
524 786 589 848 eoi
681 815 684 820 ·
1039 779 1191 838 Pnismsu
1202 781 1357 838 Harmonia.

520 956 630 1026 quidem
647 955 763 1026 partiam
781 954 875 1011 circuli
900 971 950 1026 per
967 955 1069 1024 figuras
1087 957 1251 1026 geometrice
1270 956 1364 1024 dirisi;
1387 955 1469 1012 anim
1487 969 1552 1010 saro
1574 959 1640 1010 snut
1663 969 1719 1009 non
1742 955 1798 1008 nudi
1812 973 1850 1010 nu·

519 1038 599 1102 meri,
624 1036 673 1090 sed
692 1035 784 1100 circuli
803 1035 913 1103 quidam
930 1036 1110 1105 potentiales,
1134 1037 1216 1106 idque
1235 1036 1400 1105 formaliter,
1425 1050 1475 1092 eeu
1496 1033 1587 1104 potine
1609 1033 1741 1103 imagines
1758 1034 1812 1102 Dei,
1830 1033 1850 1088 iu

516 1131 574 1184 quo
592 1113 687 1171 circuli
703 1113 767 1169 idea
784 1119 903 1170 aeterna.
939 1113 1008 1170 Vide
1027 1115 1074 1172 lib.
1094 1116 1139 1171 IV.
1157 1131 1216 1184 cap.
1234 1117 1260 1172 8.

1055 1407 1198 1480 CAPUT
1228 1397 1341 1478 Vlll.¹'
1439 1391 1442 1402 ’

581 1571 628 1627 De
651 1571 882 1628 similitudine
906 1574 1056 1646 perfecti
1079 1555 1326 1643 systematisll)
1348 1588 1419 1656 cum
1442 1571 1574 1628 circulo
1596 1587 1657 1642 per
1680 1569 1812 1626 medium

1111 1675 1286 1730 signorum.

616 1821 848 1887 Familiaritates
876 1825 965 1900 igitur
995 1825 1161 1890 animorum
1189 1819 1382 1885 bumanorum
1410 1839 1476 1882 cum
1507 1821 1685 1882 harmonicis
1723 1841 1774 1900 per
1801 1823 1857 1882 hsc-

519 1917 606 1969 tcuas
628 1910 707 1970 dicta
729 1911 815 1970 nobis
838 1912 877 1970 ob
900 1911 1004 1971 oculos
1024 1913 1141 1987 positae
1164 1907 1320 1986 suutofl¹);
1350 1912 1486 1987 inventae
1516 1917 1587 1969 sunt·
1607 1911 1706 1983 enim,
1737 1919 1769 1968 ut
1793 1929 1858 1968 com-

519 1995 627 2073 pendio
650 1998 830 2076 complectar
850 2001 958 2072 omnia,
983 1998 1231 2058 identisonantise
1253 2005 1284 2056 et
1298 2000 1507 2057 consonantiae
1523 2014 1575 2073 per
1589 1999 1747 2073 primariae
1761 2000 1858 2056 anirnss

508 2091 619 2160 partes
642 2084 827 2158 distributae,
852 2087 964 2145 formae
986 2103 1055 2144 vero
1080 2092 1220 2144 cantuum
1241 2101 1294 2161 per
1316 2086 1423 2146 iormae
1440 2085 1580 2144 virtutum
1589 2081 1649 2162 ¹V);
1673 2087 1717 2144 sic
1742 2084 1860 2143 diiiereo·

521 2173 582 2230 tiae
605 2173 682 2230 circa
704 2172 954 2232 tetrachordorum
977 2189 1086 2248 genera
1109 2172 1266 2248 generibus
1289 2174 1428 2230 virtutum
1452 2172 1594 2247 dignitate
1620 2179 1650 2230 et
1672 2171 1858 2247 magnitudine

520 2256 780 2333 differentibusl'),
812 2269 841 2319 et
862 2260 1070 2320 translationes
1103 2259 1138 2316 de
1163 2265 1233 2318 tono
1261 2259 1290 2316 iu
1321 2266 1423 2317 tonatur
1456 2259 1668 2318 mutationibus
1702 2276 1811 2317 morum
1837 2261 1859 2314 in

521 2347 739 2406 occurrentibus
771 2349 851 2408 ritae
881 2348 1107 2408 circumstantiis
1139 2355 1207 2404 sunt
1237 2354 1433 2422 comparatae.
1484 2346 1603 2418 Restat,
1633 2353 1667 2404 ui
1698 2345 1757 2405 hoc
1786 2349 1858 2406 etiam

521 2432 737 2508 confirmemus,
768 2433 938 2494 coelestium
960 2436 1180 2512 suppositiones
1209 2433 1246 2492 ad
1273 2435 1476 2510 proportiones
1499 2431 1685 2494 harmonicas
1717 2451 1780 2494 esso
1802 2451 1859 2491 con·

519 2519 720 2596 formamve.
766 2519 824 2582 Ubi
847 2524 965 2598 gemina
989 2525 1038 2580 via
1061 2519 1238 2596 incedemus,
1262 2539 1321 2591 una
1337 2521 1491 2593 communi,
1515 2519 1551 2581 de
1566 2521 1705 2582 omnihus
1721 2529 1859 2596 autqnsm

520 2608 670 2688 plurimis3
693 2608 787 2670 altera
809 2609 966 2687 singulari,
990 2609 1026 2669 de
1049 2608 1174 2684 singulis
1197 2625 1312 2680 corum,
1342 2626 1419 2685 quae
1441 2609 1638 2684 particulatim
1661 2609 1859 2684 comprehensa

519 2693 665 2775 sonim).
710 2696 841 2758 Priorem
871 2705 901 2756 et
923 2713 1107 2756 communem
1130 2697 1197 2754 hino
1221 2695 1381 2770 ordiemur;
1412 2695 1491 2772 qnod
1514 2697 1590 2755 enim
1621 2697 1707 2754 initio
1731 2694 1859 2764 videmus,

519 2784 585 2844 sola
612 2783 792 2844 intervaiisri
820 2788 951 2844 motione
980 2792 1010 2846 et
1037 2801 1128 2849 senos
1157 2785 1326 2860 pertransiri
1348 2783 1523 2858 absolsique
1555 2791 1585 2842 et
1614 2781 1752 2842 similiter
1778 2791 1858 2840 motus

520 2870 662 2932 coelestes
685 2870 805 2946 locales,
828 2873 871 2930 sic
893 2881 928 2930 ut
948 2871 1061 2930 nnllam
1084 2869 1135 2929 iila
1157 2870 1342 2930 alterativam
1365 2873 1556 2930 mutationem
1571 2871 1757 2930 substantiae
1777 2883 1859 2928 mcum

519 2959 626 3028 trahet,
650 2976 687 3019 ea
709 2961 777 3036 ipso
800 2976 832 3020 re
854 2961 999 3021 evincitur
1021 2957 1238 3034 quodammodo
1261 2953 1527 3036 propositumvffl).

609 3046 741 3105 Alterum
764 3053 969 3122 argumentum
991 3045 1049 3104 hoc
1072 3053 1125 3118 eet,
1149 3045 1227 3120 quod
1251 3053 1281 3106 et
1303 3045 1473 3104 coelestium
1497 3061 1649 3121 corporum
1674 3043 1859 3103 revolutiones

521 3149 622 3192 omues
645 3133 800 3192 circulares
821 3141 891 3192 sunt
913 3141 943 3192 et
965 3132 1118 3192 ordinatae
1140 3130 1358 3209 regularesque,
1382 3141 1411 3191 et
1433 3139 1624 3211 systematum
1638 3131 1857 3191 hamtonicomm

520 3219 723 3280 absolutiones
753 3219 1076 3298 redintegrationesque
1108 3219 1240 3279 similiter
1262 3215 1439 3300 haheni¹¹).¹
1476 3219 1551 3278 Nam
1580 3221 1633 3278 etei
1661 3222 1797 3279 extensio
1821 3231 1858 3273 er·

521 3306 692 3384 dinatioque
715 3324 853 3368 sonorum
876 3309 906 3365 in
929 3315 1011 3367 recta
1031 3309 1113 3366 iiuea
1136 3307 1228 3382 veluti
1251 3305 1407 3378 succedere
1430 3305 1545 3366 videtur
1560 3303 1606 3386 x),
1639 3315 1670 3366 at
1692 3306 1817 3367 iacuitss
1837 3310 1858 3360 tt

520 3393 600 3472 quod
622 3395 688 3462 soni
711 3403 789 3458 certo
811 3393 899 3456 modo
922 3402 991 3453 sunt
1018 3398 1094 3454 inter
1116 3413 1147 3454 so
1171 3397 1330 3470 comparati
1355 3389 1422 3475 (qui
1444 3393 1548 3476 modus
1578 3395 1710 3470 ipserum
1741 3393 1858 3470 proprios

464 3503 467 3510 ·
521 3485 580 3559 est)
604 3480 811 3542 determinatur
833 3492 863 3542 et
885 3485 1092 3558 constringitur
1120 3483 1153 3540 in
1173 3498 1264 3540 unum
1287 3480 1469 3557 eundemque
1492 3483 1645 3540 circuitum
1676 3479 1716 3540 sd
1741 3495 1855 3540 norman

519 3571 659 3630 motionis
682 3567 897 3648 circularis¹¹);
927 3571 990 3628 acei
1011 3587 1048 3630 na
1079 3571 1125 3628 sui
1154 3567 1272 3644 quidem
1294 3570 1467 3646 principium
1498 3567 1619 3644 aliquod
1641 3576 1749 3628 natura
1779 3565 1881 3635 detur,

519 3656 572 3718 sed
594 3657 741 3733 positione
763 3657 859 3717 solum
881 3663 1048 3718 assumatur
1070 3656 1145 3716 alias
1167 3653 1264 3730 alind,
1295 3657 1326 3713 in
1348 3655 1429 3716 locos
1458 3655 1558 3716 ordine
1589 3655 1781 3716 succedentes
1802 3667 1858 3730 pro·

520 3747 673 3822 penuria.
718 3744 789 3804 Sine
819 3761 890 3821 ergo
922 3745 989 3820 quis
1019 3744 1159 3804 circulum
1189 3745 1339 3820 signorum
1368 3743 1473 3804 mentis
1498 3745 1711 3818 imaginatione
1741 3741 1857 3800 eecetin

520 3832 660 3892 alterutro
682 3841 856 3908 punctorum
886 3831 1148 3907 aequinoctialium
1175 3839 1205 3890 et
1226 3829 1319 3890 veluti
1341 3830 1518 3907 explicatum
1550 3831 1638 3905 inque
1667 3831 1788 3906 longum
1816 3843 1858 3884 er·

521 3931 636 3980 tensum
659 3920 788 3998 applicet
810 3920 964 3998 systemati
986 3919 1116 3995 periecto
1140 3917 1327 3994 disdiapason
1357 3917 1517 3976 secundum
1541 3915 1682 3992 aequales¹
1709 3913 1856 3990 iongitudi-
1880 3939 1881 3942 ¹

519 4024 589 4080 nes,
612 4016 752 4084 puuctum
774 4007 899 4068 alterum
922 4007 1155 4081 aequinoctiale,
1185 4006 1214 4061 in
1238 4022 1296 4080 quo
1320 4008 1410 4064 sectio
1438 4021 1495 4063 uon
1521 4011 1566 4063 est
1581 4005 1683 4076 iacta,
1711 4002 1815 4078 incidet
1834 4001 1855 4054 iu

521 4111 636 4167 meseu3
666 4104 697 4153 at
726 4096 825 4155 circuli
855 4096 926 4154 secti
949 4097 1091 4153 terminus
1122 4093 1195 4152 alter
1217 4093 1246 4150 in
1266 4092 1595 4170 proslambanomenon,
1624 4090 1699 4150 alter
1727 4093 1755 4150 in
1783 4095 1853 4146 neten

520 4181 756 4259 hyperbolaeon,
783 4184 847 4242 eive
871 4201 886 4242 e
911 4185 1057 4259 contrario
1085 4169 1214 4258 systema
1237 4177 1424 4256 disdiapason
1456 4181 1485 4236 in
1508 4178 1647 4238 circulum
1676 4185 1854 4252 contorqueas

523 4275 680 4347 potestate,
705 4279 735 4328 et
756 4272 901 4346 coaptatis
924 4270 1053 4330 invicem
1076 4275 1143 4328 nete
1166 4266 1383 4342 hyperbolaeon
1408 4273 1436 4326 et
1458 4265 1772 4344 proslambanomenon
1794 4261 1853 4320 duos

520 4358 634 4416 sonitus
649 4357 680 4412 iu
694 4374 785 4416 nnnm
798 4356 956 4432 redegeris,
980 4359 1051 4416 nnio
1073 4356 1148 4414 haec
1171 4353 1378 4413 diametraliter
1393 4353 1511 4430 quidem
1526 4361 1690 4429 opponetur
1710 4355 1766 4429 ipsi
1780 4363 1852 4416 mese,

521 4460 614 4504 nexus
636 4444 692 4503 iste
720 4447 774 4504 erit
798 4460 868 4503 vero
891 4443 930 4502 ad
954 4444 1049 4520 ipsam
1077 4440 1257 4502 concordans
1287 4442 1316 4498 in
1339 4440 1503 4502 identisono
1528 4439 1669 4518 diapason
1678 4435 1748 4521 ¹¹¹).
1791 4435 1852 4510 Qun

509 4533 610 4591 ‚mam
631 4530 688 4589 hac
711 4533 761 4589 via
782 4530 979 4606 probabilitas
1000 4531 1090 4606 hujus
1113 4529 1338 4604 comparationis
1361 4529 1517 4600 stabilitur,
1541 4526 1620 4603 quod
1642 4545 1702 4586 non
1725 4521 1853 4588 absimilia

472 4636 475 4643 ·
521 4619 695 4693 contingunt
716 4618 897 4694 oppositioni
921 4616 1088 4679 diametrali
1111 4617 1140 4673 iu
1164 4613 1271 4674 circulo
1295 4617 1343 4690 iis,
1375 4633 1450 4692 quae
1473 4617 1550 4674 circa
1572 4613 1714 4692 diapason
1741 4609 1852 4672 accidere

521 4701 874 4779 demonstravimusnfl).
919 4703 995 4763 Nam
1023 4707 1054 4762 in
1078 4705 1263 4780 oppositione
1294 4701 1547 4780 comprehenditur
1574 4703 1651 4761 ratio
1678 4701 1767 4778 dupla
1794 4699 1851 4754 inter

519 4786 631 4853 totum*
645 4792 783 4852 circulum
816 4799 846 4852 et
877 4791 1091 4852 semicirculum
1102 4786 1181 4868 ΧΠ),
1219 4789 1434 4867 plurimumque
1466 4787 1654 4862 aequalitatis
1686 4805 1755 4866 prae
1787 4789 1851 4842 cete·

520 4875 640 4954 ruff),
674 4890 704 4939 et
733 4877 813 4956 quod
849 4895 902 4958 per
931 4887 1061 4938 centrum
1093 4876 1192 4936 circuli
1222 4893 1281 4936 uua
1303 4877 1366 4936 sola
1396 4877 1536 4944 diameter
1564 4878 1728 4936 necessario
1751 4869 1847 4933 nuum

522 4984 600 5043 quae
622 4968 717 5044 prima
740 4985 830 5027 causa
852 4973 896 5027 eet
918 4966 1108 5044 aequalitatis
1133 4961 1329 5040 figuram),
1354 4964 1491 5041 quodque
1515 4980 1590 5040 quae
1612 4963 1698 5022 aliter
1713 4959 1849 5022 traducm·

520 5062 584 5127 tur,
614 5054 668 5114 etsi
692 5055 953 5116 circumferentium
982 5061 1074 5130 totam
1104 5053 1132 5109 in
1156 5059 1342 5128 quotcunque
1368 5059 1466 5130 partes
1497 5049 1636 5126 aequales
1660 5048 1799 5118 dividant,
1824 5043 1847 5098 tl

469 5190 471 5195 .
521 5157 580 5200 non
609 5143 653 5202 sic
674 5150 705 5201 et
727 5149 820 5218 totum
852 5141 990 5219 planum,
1023 5141 1165 5200 diameter
1195 5133 1264 5198 vero
1293 5146 1323 5198 et
1344 5139 1605 5198 drcumierentism
1636 5145 1666 5198 et
1686 5137 1797 5214 planum
1815 5128 1847 5186 el·

520 5227 627 5289 militer
634 5224 726 5311 Μ).
770 5229 848 5290 Hinc
870 5240 924 5306 est,
947 5228 1028 5308 quod
1051 5227 1296 5304 configurationes
1311 5233 1455 5288 astrorum
1469 5225 1582 5288 zodiaci
1597 5223 1776 5288 diametrsles
1789 5221 1846 5278 iulii
