4242 6384
732 742 879 799 neem.
898 743 986 813 ope
1000 742 1062 797 vu.
1180 771 1189 841 ‘.
1233 792 1236 799 .
1510 742 1573 804 ιιι

311 922 383 997 Quid
405 922 487 999 quod
509 929 539 981 et
550 940 664 982 sensus
686 921 807 999 quidam
827 920 876 981 vel
898 928 995 981 ιιιιιιι
1017 920 1065 979 ιιι
1088 918 1207 989 auditus
1222 919 1350 979 Telluris
1368 920 1459 997 globo
1481 919 1576 978 inesse

241 1010 352 1081 videtur,
385 1016 557 1085 argumento
587 1010 658 1085 ltoc,
690 1009 769 1085 quod
797 1012 943 1068 constanti
964 1008 1154 1085 plurimarum
1177 1010 1398 1083 provinciarum
1423 1005 1577 1073 traditione

240 1096 422 1171 confirmetur,
450 1101 476 1155 si
506 1100 586 1180 quis¹
602 1099 630 1153 in
653 1097 861 1155 altissimomm
890 1100 1032 1155 montium
1060 1096 1213 1155 eacumina
1236 1098 1357 1169 enisus,
1389 1092 1520 1172 lapillum
1548 1094 1576 1148 iu

239 1185 333 1256 ιιιιιιι,
362 1202 438 1259 quos
461 1183 572 1243 babent
594 1184 924 1259 illiprolundissimos,
940 1183 1088 1258 conjiciat,
1111 1182 1188 1241 unda
1204 1183 1287 1241 solet
1309 1185 1431 1241 excitari
1453 1182 1575 1253 sonitus,

239 1282 277 1329 ret
296 1274 318 1328 si
340 1274 369 1327 in
392 1267 493 1329 lacurn
513 1279 685 1330 montanum
707 1274 772 1347 (qni
795 1271 898 1348 procul
917 1270 1008 1328 dubio
1032 1272 1063 1328 e't
1085 1271 1141 1345 ip'si
1164 1270 1254 1327 iundo
1270 1266 1395 1351 carent),
1419 1268 1576 1343 evestigio

239 1368 409 1433 tempestates
432 1361 564 1417 excitari.
608 1358 658 1417 Sic
687 1362 763 1416 enirn
788 1368 817 1416 et
839 1357 995 1429 annualia,
1025 1359 1051 1414 si
1082 1359 1148 1433 quis
1180 1359 1209 1413 in
1239 1364 1355 1415 teneros
1385 1358 1500 1416 aunum
1521 1372 1577 1413 ua·

239 1450 331 1504 rirmve
352 1454 469 1504 meatus
501 1445 624 1509 titillans
659 1446 772 1521 aliquid
795 1448 921 1517 inserat,
952 1444 1072 1503 horrore
1097 1452 1230 1520 correpta
1252 1452 1341 1521 ceput
1364 1450 1505 1520 quassant
1526 1450 1577 1505 eut

240 1536 374 1591 incursus
397 1550 430 1592 sc
451 1535 656 1609 praecipitant.

306 1619 382 1678 Sunt
403 1628 435 1677 et
456 1622 502 1679 sni
524 1622 609 1683 cortis
632 1618 758 1678 Telluris
780 1618 923 1677 tractibus
945 1618 1103 1692 languores
1120 1623 1148 1675 et
1164 1618 1295 1677 internae
1318 1620 1464 1677 viscerum
1487 1616 1577 1675 vicis·

241 1706 378 1781 titudines3
401 1706 549 1766 interdurn
571 1709 649 1773 enim
664 1707 785 1765 humore
807 1707 897 1763 nimio
913 1702 1073 1776 abundant,
1098 1703 1242 1763 interdum
1265 1703 1408 1764 cruditate
1431 1713 1482 1763 ant
1505 1720 1576 1763 eon-

244 1797 359 1852 coctionis
382 1794 604 1869 imperfectione
627 1794 777 1865 laborant,
805 1792 924 1869 qnando
955 1791 1021 1850 loeo
1054 1790 1222 1867 pluviarum
1245 1795 1484 1869 tempestivarum
1507 1793 1576 1849 meri
1657 1788 1664 1799 '

246 1884 300 1937 renti
321 1884 519 1959 proveniunt,
543 1880 688 1941 interdum
703 1880 802 1939 veluti
836 1896 925 1938 causa
956 1886 1090 1962 correpta
1121 1876 1194 1935 nihil
1217 1878 1360 1953 humoris,
1391 1879 1443 1939 sed
1468 1894 1518 1955 pro
1541 1894 1587 1937 eo·

242 1968 395 2043 sulphureos
418 1968 528 2027 halitus
551 1978 603 2027 aut
624 1968 759 2028 madores
788 1967 960 2043 pestilentes
994 1965 1147 2024 exsudant.
1192 1965 1298 2042 Itaque
1326 1982 1385 2026 non
1420 1966 1524 2042 iniuria
1546 1967 1576 2033 iu

241 2054 295 2113 libro
316 2056 352 2115 de
374 2055 478 2118 Nove.
486 2054 579 2113 Stella
601 2054 652 2115 lot
679 2056 749 2113 lte.
776 2060 817 2125 (ιι.
836 2057 905 2124 721.)
931 2070 1032 2111 omnes
1055 2055 1252 2111 connectionis
1273 2046 1444 2126 laenitates,
1469 2056 1586 2111 attracs'

242 2145 329 2215 uicem,
352 2145 549 2214 retcnnicem,
572 2142 754 2217 epultricem,
776 2142 805 2197 in
829 2140 882 2198 illa
897 2134 1080 2216 quaerendas
1103 2139 1251 2215 admonui,
1276 2143 1385 2217 quippe
1408 2142 1511 2199 harum
1533 2140 1577 2200 al·
1638 2210 1646 2222 Ι

242 2230 362 2288 lectiones
385 2238 458 2287 suut
477 2230 571 2287 morbi
594 2228 646 2286 illi.

308 2315 386 2390 Quid
420 2332 490 2375 vero
521 2315 643 2373 similius
672 2324 717 2374 est
744 2314 944 2390 respirationis
972 2312 1143 2372 animalium
1173 2314 1350 2373 terrestrium
1381 2322 1411 2373 et
1439 2316 1578 2392 imprimis

241 2405 462 2477 reciprocationis
483 2402 564 2461 illius
587 2405 725 2481 piscium,
757 2400 827 2459 dnm
855 2402 975 2460 sorbent
1004 2418 1098 2475 equas
1128 2417 1176 2459 ore
1205 2402 1428 2478 exprimuutqns
1451 2404 1577 2461 vicissim

240 2506 279 2563 per
297 2489 475 2561 branchias,
492 2506 581 2565 qnam
603 2488 654 2549 ille
676 2490 819 2547 mirabilis
841 2487 937 2547 fluxus
959 2498 989 2546 et
1011 2486 1139 2546 refluxus
1162 2491 1264 2547 oceani
1287 2490 1498 2563 semidirrrnus,
1527 2492 1576 2565 qni

241 2580 281 2634 ιιιι
301 2577 337 2635 ad
353 2577 460 2635 Lunae
480 2587 579 2635 motus
592 2594 625 2635 ss
647 2574 858 2648 accommodat,
882 2578 924 2633 sic
946 2582 979 2633 ιιι
1000 2575 1153 2651 probabile
1168 2574 1241 2633 mihi
1262 2578 1301 2635 sit
1323 2578 1417 2637 visum
1440 2580 1469 2633 in
1493 2594 1578 2653 prae·

241 2663 638 2723 lationellommentariorum
660 2653 780 2737 Martis,
808 2662 903 2720 undas
926 2680 945 2720 a
967 2661 1052 2720 Luna
1075 2662 1166 2735 trahi,
1195 2669 1229 2721 ιιι
1257 2664 1362 2723 latrum
1393 2672 1577 2739 magnete,

243 2752 329 2811 virtute
350 2769 497 2827 corporea
518 2752 660 2809 unitionis
681 2766 847 2827 corporum,
870 2750 951 2825 quod
974 2758 1004 2807 et
1024 2764 1119 2826 nuper
1141 2751 1168 2807 in
1191 2748 1408 2825 prolegomenis
1432 2750 1578 2827 Epheme·

243 2838 325 2911 tid,nm
347 2856 413 2915 quo
434 2836 500 2897 loco
524 2838 650 2896 Davidis
672 2838 801 2896 Fabricii
829 2839 997 2913 opinionem
1019 2838 1162 2909 examino,
1186 2840 1288 2913 repetii
1312 2846 1353 2903 (11.
1370 2844 1457 2903 rrum
1481 2845 1578 2896 temen

243 2926 261 2979 ιι
277 2930 336 2999 quis
359 2927 506 3001 disputet,
530 2924 677 2983 Tellurem
700 2924 739 2982 ad
762 2923 840 2983 Solis
864 2931 895 2982 ct
915 2922 1018 2982 Lunae
1040 2930 1151 2982 motum
1175 2924 1395 2986 accommodare
1418 2934 1501 2983 suem
1524 2942 1577 2983 ve·

245 3010 281 3067 itti
301 3014 541 3090 respirationem,
566 3015 643 3069 sicut
665 3011 805 3071 animalia
826 3013 922 3069 somni
944 3010 1171 3086 vigiliarumque
1193 3011 1410 3070 vicissitudines
1432 3021 1498 3073 cnm
1520 3010 1578 3069 diei
1655 3026 1658 3040 ·

244 3102 376 3175 noctisque
402 3098 514 3157 babent
535 3098 670 3157 casdem.
695 3099 773 3156 hunc
795 3113 851 3172 ego
873 3114 932 3155 uon
955 3098 1065 3173 iniquis
1085 3100 1202 3156 aeribus
1226 3098 1434 3157 audiendum
1427 3116 1456 3155 ιιι
1479 3098 1578 3175 philo-

245 3185 329 3259 sophia
350 3188 526 3258 censuerim,
549 3188 719 3261 praesertim
742 3187 767 3243 ιι
789 3183 943 3246 accederat
965 3184 1086 3260 aliquod
1102 3185 1240 3243 indicium
1263 3186 1464 3245 fluxibilium
1457 3204 1486 3265 ιιι
1509 3202 1578 3262 pro-

245 3270 315 3330 tendo
336 3273 449 3332 Terrae
478 3276 618 3348 partium,
653 3289 728 3347 quae
762 3274 856 3338 ricem
886 3275 1049 3331 sustineant
1081 3272 1252 3347 pulmonum
1281 3282 1334 3331 ant
1367 3273 1578 3333 branchiarum.

245 3355 302 3415 Nam
321 3362 346 3418 si
370 3360 442 3418 telis
463 3360 565 3435 aliqua
587 3367 693 3417 natura
715 3361 754 3417 sit
776 3358 910 3431 illatum,
939 3359 1036 3435 qualis
1066 3367 1111 3417 est
1141 3363 1215 3418 aeris
1239 3362 1338 3431 nostri,
1363 3360 1577 3419 condensabilis

245 3446 436 3518 eertemilis,
456 3446 520 3522 jam
543 3463 601 3505 nou
624 3462 699 3522 opus
721 3447 775 3505 erit
793 3444 835 3504 ad
849 3445 925 3504 hanc
939 3447 1160 3521 respirationem
1182 3455 1263 3505 motu
1286 3447 1447 3525 superficiei
1463 3448 1578 3519 Terrae,

246 3532 350 3609 melego
373 3532 489 3593 scilicet
510 3534 602 3593 motui
623 3531 823 3592 musculorum
846 3532 1092 3609 diaphragmetis‚
1122 3536 1150 3589 ιιι
1182 3551 1302 3610 corpore
1331 3534 1459 3595 humano
1486 3537 1579 3611 respi-

246 3630 316 3679 ante.
368 3620 454 3695 Quae
483 3638 553 3679 vero
581 3623 674 3698 possit
709 3622 804 3696 aptior
832 3636 896 3677 esse
925 3624 1000 3679 ratio
1029 3622 1206 3697 receptionis
1234 3638 1376 3697 aquarum
1405 3624 1579 3680 marinarum

247 3706 380 3765 ιιιιιιιιιιιι
403 3709 434 3764 in
457 3707 585 3765 culinam
608 3707 699 3766 veluti
721 3704 923 3779 metallorum,
957 3710 1013 3766 nisi
1035 3706 1109 3765 baec
1131 3710 1195 3783 ipsa
1224 3726 1275 3783 per
1298 3710 1414 3783 euripos
1436 3712 1509 3768 istos
1532 3726 1580 3767 ee·

248 3794 387 3853 nidiurnos
409 3793 592 3896 perpetuos?
637 3792 716 3868 Quid
737 3793 819 3851 aliod
841 3796 985 3869 suspicari
1007 3794 1089 3852 lacit
1099 3811 1184 3853 casus
1207 3794 1257 3853 illc
1280 3796 1439 3871 mirabilis,
1463 3796 1579 3871 quando

248 3884 327 3952 paucis
348 3884 436 3940 anuis
458 3890 527 3940 ante
549 3899 639 3956 quam
659 3881 824 3969 frequentia
853 3891 1046 3939 mercatorum
1070 3878 1260 3961 antverpiam
1290 3881 1450 3955 desereret,
1480 3884 1575 3941 fluxus

250 3980 267 4020 ιι
283 3968 406 4027 refluxus
428 3985 571 4027 oceanum
594 3968 641 4027 die
663 3944 793 4043 quodam
815 3967 943 4027 desernit
971 3966 1180 4047 (exterruitqua
1213 3971 1361 4030 civitatem
1385 3986 1443 4028 non
1466 3969 1579 4028 medio-

251 4051 694 4134 ner),1.unocnnumcunm
716 4074 774 4113 non
795 4052 949 4113 deseruit?
981 4054 1124 4113 Nimirum
1147 4054 1267 4113 Terra
1260 4070 1325 4131 rpsa
1348 4072 1468 4134 compos
1492 4057 1579 4131 hujus

250 4144 483 4216 reciprocationis,
499 4142 581 4201 licet
603 4141 654 4200 illa
675 4146 756 4201 m'otn
786 4141 911 4200 naturali
943 4143 1115 4219 participet,
1146 4144 1288 4200 continuit
1310 4159 1404 4219 unam·
1422 4143 1499 4201 illins
1523 4142 1580 4202 diei

251 4231 460 4301 respirationem,
482 4231 560 4288 sient
576 4232 744 4289 animantes
760 4227 903 4287 interdurn
919 4231 1068 4288 continent
1083 4230 1219 4301 animam,
1244 4232 1379 4305 quamvis
1394 4239 1490 4289 motus
1515 4229 1581 4288 dirr-

251 4312 408 4389 tbrrgmatis
436 4318 503 4392 lpse
529 4319 618 4382 ιιιιιιι
645 4316 774 4376 n'aturali
804 4318 909 4375 mixtus
939 4318 987 4375 sit.
1031 4314 1208 4392 Quanquam
1230 4320 1337 4375 rectius
1360 4318 1432 4377 lorte
1456 4319 1582 4393 respira·

252 4399 338 4460 ionem
361 4403 507 4478 aliquem,
531 4402 640 4462 Terrae
661 4406 866 4475 necessariam,
889 4422 925 4463 ex
948 4406 1064 4463 animae
1088 4407 1261 4481 praesentia,
1285 4422 1374 4523 quarn
1396 4408 1523 4465 animam
1545 4422 1581 4464 cx

253 4491 429 4563 respiratione,
453 4491 682 4566 probaverimus

318 4576 392 4635 llam
414 4585 448 4635 ιιι
465 4584 526 4646 lam
549 4576 631 4645 velut
652 4595 683 4636 re
707 4584 801 4650 certa,
832 4578 912 4653 quod
934 4579 974 4636 sit
1001 4579 1030 4635 in
1054 4576 1173 4638 Tellure
1197 4582 1308 4653 anima,
1339 4578 1377 4637 nd
1401 4576 1582 4656 contempla-

254 4658 340 4720 tionem
366 4664 431 4739 eius
463 4666 607 4724 essentiae
637 4666 806 4738 veniamus,
839 4664 975 4740 equidem
1003 4664 1055 4723 illa
1089 4682 1148 4725 uon
1176 4674 1289 4725 tanturn
1319 4666 1420 4742 aliqua
1447 4667 1497 4725 lur
1529 4672 1582 4738 est,

256 4748 330 4815 qualis
350 4762 394 4810 est
415 4754 527 4827 ignium
550 4760 580 4812 et
602 4752 849 4825 ιιιιιιιιιιιιιιιιιιιι,
862 4770 892 4811 ·e
913 4770 945 4811 se
969 4754 1035 4828 ipsa
1056 4752 1200 4829 pendens,
1225 4770 1281 4812 non
1305 4754 1343 4811 ab
1368 4754 1582 4814 illuminatione

257 4833 360 4911 exsule,
383 4846 553 4915 argumento
575 4838 641 4911 lroc,
665 4838 746 4915 quod
766 4839 881 4901 lucidos
903 4840 1085 4916 planetarum
1100 4839 1199 4899 radios
1222 4840 1439 4916 quodammodo
1462 4856 1583 4917 persen·

257 4918 338 4997 isere
358 4926 409 4985 sed
429 4926 517 5003 plene
539 4926 657 4985 flamma
659 4926 824 5003 quaedam
845 4945 909 4986 esse
937 4926 1062 4986 videtur
1074 4922 1282 5007 [respiratione
1307 4928 1420 4989 seilicet
1442 4946 1494 4991 seu
1517 4944 1583 4985 sor·

258 5002 347 5069 bitione
367 5008 524 5115 fovenda),
555 5022 726 5088 argumento
750 5014 854 5073 caloris
876 5014 1058 5073 subterranei
1080 5016 1212 5090 perpetui
1236 5022 1265 5073 et
1287 5014 1450 5094 sensibilis,
1481 5014 1582 5089 cujus-

259 5094 360 5152 nodi
338 5116 396 5159 srne
418 5100 519 5157 anime
532 5099 631 5159 nullus
650 5101 745 5159 ectn'
737 5118 766 5157 m
788 5102 910 5160 materia
924 5101 1005 5161 nuda
1026 5108 1181 5179 perennat,
1204 5108 1235 5158 at
1250 5118 1286 5160 ne
1308 5105 1441 5177 potantia
1463 5102 1582 5179 quidem

260 5176 343 5240 iret
336 5200 364 5241 tn
383 5186 470 5246 rebus
492 5187 531 5246 ab
554 5187 725 5247 animalium
745 5189 937 5263 stirpiumque
959 5189 1124 5249 substantia
1138 5189 1320 5265 exeuntibus,
1343 5191 1400 5298 nisi
1422 5190 1462 5251 ab
1484 5191 1583 5251 anima
