4242 6384
496 799 536 860 66
880 791 1022 864 Epistulae
1040 791 1152 862 Kepleri
1170 791 1337 860 aliorumque
1355 797 1465 846 mutuae

495 969 594 1038 stolus),
613 983 698 1020 sumtu
715 974 740 1019 et
757 973 886 1018 movemur
904 973 929 1016 et
945 982 1022 1025 genus
1039 971 1120 1032 ipsius
1138 983 1230 1018 sumus.
1266 970 1330 1030 Ergo
1348 972 1375 1018 et
1391 968 1460 1018 Deus
1478 979 1576 1029 murus,
1601 963 1664 1028 quid
1683 964 1768 1013 enim
1789 963 1879 1012 estin

495 1043 559 1106 Deo,
579 1042 645 1103 quod
663 1055 713 1090 non
732 1041 766 1088 eit
784 1040 851 1089 Deua
869 1041 942 1100 ipse?
979 1041 1012 1086 ht
1029 1051 1085 1088 cum
1104 1041 1148 1088 has
1166 1041 1270 1088 rationis
1288 1039 1403 1088 tenebras
1421 1039 1491 1087 Deus
1509 1037 1617 1098 Spiritus
1634 1035 1726 1084 sanem
1749 1035 1798 1083 sui
1818 1047 1878 1094 gra·

495 1113 533 1160 tia
549 1115 576 1160 in
595 1117 676 1160 mente
694 1123 750 1158 mea
767 1110 919 1171 dispulisset,
937 1107 1010 1156 aliter
1026 1111 1105 1158 tantia
1125 1112 1156 1159 de
1174 1111 1247 1158 rebus
1265 1110 1358 1158 sentire
1376 1109 1461 1158 didici.
1488 1108 1636 1156 Deoaeuim
1654 1108 1717 1167 ipsa
1740 1105 1773 1152 in
1794 1105 1878 1151 verbo

496 1195 541 1230 suo
559 1183 747 1244 proportionem
767 1187 893 1228 creaturae
911 1178 944 1226 ad
963 1183 1097 1228 creatorem
1115 1182 1238 1242 expressit
1256 1187 1281 1228 et
1299 1179 1371 1241 dixit,
1387 1179 1458 1238 quod
1476 1178 1562 1226 eadem
1581 1178 1622 1237 sit,
1641 1189 1715 1238 quae
1735 1171 1824 1222 nihili
1844 1173 1879 1220 ad

496 1251 600 1312 aliquid.
637 1251 694 1313 Qua
712 1252 789 1310 igitm
807 1250 887 1297 fronte
905 1262 957 1296 eam
977 1247 1170 1303 dedicabimus?
1187 1256 1233 1298 aut
1250 1248 1375 1310 quomodo
1393 1249 1488 1297 rationi
1500 1252 1601 1296 nostrae
1618 1251 1726 1294 tanum
1751 1245 1879 1306 iidemus,

496 1328 532 1386 ut,
551 1335 616 1382 quae
635 1335 665 1370 ee
683 1321 757 1369 uobis
776 1319 807 1366 de
820 1317 874 1366 Deo
894 1327 965 1366 extra
982 1317 1144 1368 manfiestum
1162 1318 1322 1370 revelationis
1340 1319 1443 1367 verbnm
1461 1319 1582 1382 suggerit,
1609 1330 1668 1364 sera
1692 1329 1761 1364 asae
1782 1314 1879 1362 creda-

497 1395 566 1440 mus‘l
590 1406 645 1440 cum
665 1405 695 1440 ee
713 1391 747 1438 sit
764 1401 847 1438 coram
865 1389 920 1436 Deo
937 1393 993 1436 tota
1016 1403 1073 1437 cum
1094 1394 1150 1438 tota
1167 1391 1274 1438 bominis
1296 1389 1435 1437 substantia
1457 1392 1484 1437 at
1508 1389 1604 1435 viribus
1627 1385 1823 1433 damnationis
1852 1387 1878 1430 et

495 1464 652 1510 tenebrarum
671 1463 762 1522 abysso
781 1460 903 1522 immersa,
922 1463 947 1506 et
964 1463 1095 1520 propterea
1112 1461 1159 1508 Dei
1177 1461 1289 1520 inimica,
1307 1457 1380 1523 nibil,
1399 1472 1464 1519 quae
1481 1457 1653 1520 spiritusDei
1670 1461 1747 1516 sunt,
1770 1451 1878 1501 intelli-

496 1545 562 1592 gens.
601 1532 721 1580 Greature
739 1530 786 1578 Dei
801 1543 886 1578 sumus
904 1533 929 1576 et
946 1541 1032 1590 genus,
1051 1544 1136 1578 verum
1154 1538 1199 1590 est,
1218 1531 1263 1579 aed
1278 1529 1373 1577 inimus
1392 1535 1417 1577 et
1433 1530 1516 1588 imago
1535 1527 1596 1575 Dei:
1612 1529 1672 1590 iam,
1689 1525 1812 1598 perdita
1825 1523 1880 1570 Dei

496 1603 616 1666 iuramus,
641 1599 713 1648 larse
731 1599 841 1649 Satanrm
859 1613 903 1660 per
920 1604 1036 1646 neumam
1054 1598 1116 1650 facti
1133 1615 1233 1666 eumue,
1259 1613 1322 1660 quos
1341 1599 1409 1648 Deus
1431 1600 1556 1647 immensa
1577 1597 1700 1644 bonitatis
1728 1607 1802 1644 auae
1824 1593 1876 1640 mi-

496 1672 631 1720 sericordia
647 1669 739 1718 tolerat
766 1674 790 1716 et
807 1673 930 1730 propagat
952 1683 982 1716 ex
1001 1670 1095 1722 semiue
1117 1671 1214 1731 perdito
1239 1676 1265 1718 et
1283 1674 1380 1718 menno
1403 1668 1514 1730 perditos
1538 1671 1564 1715 et
1582 1669 1709 1726 mortum,
1740 1671 1802 1712 non
1822 1663 1875 1710 Dei

496 1743 631 1806 imagines,
659 1741 702 1788 sed
721 1740 842 1798 imagines
860 1739 977 1797 Diaboli,
999 1753 1083 1788 coram
1099 1742 1238 1802 justissimo
1257 1745 1282 1788 et
1300 1740 1456 1788 severissimo
1474 1737 1537 1798 legis
1556 1736 1657 1784 divinae
1674 1736 1809 1784 examine
1830 1746 1878 1793 pe·

498 1813 566 1860 ultus
585 1823 642 1860 cum
661 1811 729 1857 omni
748 1811 890 1857 substantia
902 1815 932 1856 et
950 1810 1045 1857 viribus
1063 1808 1345 1871 damnatost'magnum
1364 1811 1429 1858 anim
1448 1813 1486 1856 est
1503 1812 1529 1854 rt
1545 1807 1578 1854 ab
1597 1806 1666 1854 omui
1678 1811 1766 1867 captu
1790 1804 1876 1851 ratio·

496 1882 537 1930 nis
554 1883 698 1930 absunsum
716 1880 813 1942 peccati
831 1879 983 1938 mysterium,
1001 1893 1095 1940 magna
1111 1881 1198 1943 lapsus
1215 1882 1289 1943 primi
1308 1893 1405 1941 poena,
1422 1893 1469 1926 nec
1485 1883 1539 1924 tam
1556 1877 1632 1938 lesu,
1654 1880 1683 1924 ut
1700 1875 1791 1924 multi
1811 1874 1876 1920 doc-

496 1957 578 2000 torum
597 1955 737 1998 nostrornm
754 1949 911 1996 existimant:
935 1953 1002 1996 totus
1021 1951 1095 1998 homo
1120 1952 1250 2000 exterma
1267 1950 1364 2012 optima
1387 1950 1413 1996 in
1432 1948 1567 2011 pessimam
1592 1946 1816 2004 transformatus,
1843 1954 1875 1990 ea

496 2021 606 2080 imagine
625 2020 673 2067 Dei
692 2022 717 2067 in
736 2021 830 2066 larvam
844 2019 962 2084 Satanae,
980 2020 1040 2068 hino
1056 2020 1125 2069 illins
1143 2023 1196 2070 irae
1215 2026 1252 2069 est
1269 2034 1313 2082 per
1331 2025 1455 2068 naturam.
1492 2017 1542 2065 Nec
1563 2016 1631 2065 solus
1649 2016 1727 2064 bomo
1747 2017 1794 2063 ita
1812 2025 1874 2075 per-

499 2090 565 2138 ditus
583 2090 657 2152 lapsu
676 2091 812 2151 primorum
830 2094 969 2151 pareutum,
987 2089 1031 2148 sed
1049 2095 1075 2138 et
1092 2095 1159 2139 terra
1176 2090 1321 2150 maledicta,
1339 2091 1390 2138 imo
1407 2093 1462 2136 tota
1475 2091 1597 2152 creatura,
1614 2091 1741 2148 pereunte
1761 2085 1873 2133 domino

497 2173 550 2221 auo,
569 2162 596 2206 iu
616 2163 686 2220 cujus
703 2159 870 2207 ministerium
889 2164 973 2206 creata
990 2160 1046 2225 ruit,
1065 2162 1149 2226 periit,
1168 2159 1231 2210 teate
1250 2161 1372 2220 apostolo
1392 2159 1463 2208 [lom.
1485 2157 1565 2206 vili:
1582 2161 1650 2222 tota,
1668 2157 1776 2220 inquit,
1797 2165 1871 2202 erra-

496 2236 554 2277 tura
571 2230 691 2278 vanitatis
709 2229 810 2278 servitio
829 2234 854 2276 et
871 2229 1037 2291 eomuptionis
1054 2231 1130 2291 malo,
1149 2244 1166 2278 a
1186 2245 1238 2296 qua
1255 2235 1332 2278 antea
1349 2229 1494 2292 libersiuit,
1514 2229 1628 2288 subjecta
1644 2232 1690 2286 eat,
1710 2225 1870 2274 aedtarnen

496 2300 675 2360 inspumate.
711 2298 781 2347 Hinc
798 2311 848 2346 uon
866 2305 916 2364 est,
935 2304 963 2346 ut
980 2300 1008 2346 in
1026 2305 1147 2364 creatora,
1165 2303 1193 2349 in
1211 2301 1319 2363 homine,
1337 2311 1487 2361 quaeramus
1499 2297 1566 2346 Deos
1581 2297 1620 2345 rel
1633 2292 1723 2360 Deum,
1747 2294 1796 2344 vel
1821 2295 1870 2340 bo-

496 2381 556 2416 num
575 2369 687 2418 divinum
704 2375 730 2418 et
744 2381 843 2417 verum:
861 2367 921 2417 licet
938 2370 1004 2416 enirn
1017 2370 1085 2421 Daue
1104 2373 1189 2419 omnia
1205 2371 1318 2434 impleat,
1336 2375 1362 2420 et
1378 2370 1563 2430 omnipraeseos
1581 2368 1622 2428 eit,
1638 2364 1870 2428 omnipraesentia

497 2443 579 2488 tamen
597 2441 649 2488 ista
665 2445 717 2486 tam
735 2439 808 2500 longe
827 2451 924 2486 omnem
944 2445 1044 2501 raphim
1062 2445 1173 2489 uomrum
1192 2439 1302 2504 excedit,
1328 2445 1357 2488 nt
1381 2441 1414 2487 ab
1433 2451 1464 2486 ea
1481 2437 1545 2485 nibil
1564 2438 1640 2498 plane
1662 2441 1735 2484 extra
1755 2435 1869 2482 verbum

497 2510 633 2558 revelatum
652 2509 742 2558 interra
762 2523 817 2557 vere
835 2521 965 2572 queamus.
1003 2509 1055 2557 lmo
1074 2511 1126 2558 ieta
1141 2512 1326 2559 harmoniarum
1344 2510 1478 2558 Deiticatio
1501 2508 1669 2568 cognitionem
1687 2505 1794 2554 christi
1821 2504 1869 2550 ob-

497 2583 593 2644 scurat,
621 2580 765 2639 mysterium
783 2579 865 2627 meriti
884 2582 937 2639 ejus
956 2581 1058 2644 evertit,
1083 2582 1228 2641 mysterium
1245 2580 1440 2640 regenerationis
1458 2583 1559 2627 nostrae
1582 2577 1663 2624 eludit
1686 2579 1713 2624 et
1729 2575 1823 2624 multa
1840 2575 1867 2620 in

497 2661 556 2698 vera
573 2649 701 2708 theologia
718 2649 827 2698 absurda
845 2649 924 2710 perit:
948 2663 998 2698 une
1016 2651 1083 2700 culm
1101 2651 1212 2700 absurda
1230 2652 1295 2700 ratio
1320 2651 1347 2699 in
1365 2649 1478 2698 veritads
1501 2648 1589 2696 album
1613 2651 1714 2708 recepta
1738 2647 1868 2694 innume·

496 2731 537 2766 ras
556 2719 621 2767 elias
640 2719 673 2768 ad
692 2733 718 2767 se
737 2720 813 2768 trabit
829 2719 966 2782 falsitates,
986 2721 1079 2783 quibus
1097 2721 1229 2770 veritatem
1246 2735 1291 2784 pro
1309 2735 1351 2785 eo,
1376 2719 1447 2785 quod
1462 2719 1490 2766 in
1508 2732 1566 2766 earn
1580 2718 1662 2781 iovet,
1689 2715 1753 2764 odio
1775 2714 1867 2776 oppri-

497 2801 562 2838 mere
581 2791 621 2837 vsl
639 2791 725 2838 saltem
749 2790 882 2838 obscurare
900 2790 996 2842 nititur.
1033 2790 1136 2840 Possem
1157 2791 1220 2841 haec
1242 2792 1329 2840 omnia
1351 2789 1465 2853 pluribus
1490 2793 1515 2837 et
1538 2787 1677 2838 darbdme
1703 2800 1736 2834 ex
1757 2785 1865 2833 divinae

497 2859 611 2910 veritatis
630 2860 698 2908 iente
716 2859 893 2920 demonstrare,
912 2873 997 2908 verum
1014 2861 1078 2911 bueo
1095 2857 1131 2916 dr
1150 2856 1178 2912 ἐν
1193 2862 1303 2928 καροδφ
1320 2862 1388 2910 dicta
1404 2860 1541 2909 suideisnt:
1559 2863 1587 2906 tu
1602 2857 1675 2918 plura
1686 2857 1826 2905 meditare.

586 2927 655 2990 Quae
673 2929 958 2980 autemharmouisrum
976 2932 1129 2994 quantitatis
1152 2936 1190 2980 ‘est
1207 2934 1273 2980 ratio
1290 2933 1318 2980 in
1335 2928 1567 2992 magnitudinibus,
1591 2925 1679 2976 eadem
1706 2929 1735 2976 iu
1753 2934 1863 2976 numero

497 3000 579 3060 etiam,
598 2999 666 3062 qnod
678 2999 712 3048 ad
730 3000 864 3048 essentiam
876 3001 929 3060 ejus
941 3002 1040 3060 attinet,
1060 3007 1088 3049 ut
1101 3015 1132 3049 ex
1143 3002 1184 3062 iis,
1202 3015 1266 3065 quse
1280 3001 1311 3048 da
1323 2993 1452 3048 harmonia
1467 3011 1542 3060 supra
1553 2997 1636 3061 aeoli,
1654 2996 1777 3057 colligere
1793 2992 1863 3042 lieet.

587 3067 637 3118 Sed
655 3058 741 3118 omnio
763 3069 823 3118 baec
847 3082 875 3116 eo
894 3070 997 3130 scripsi,
1020 3075 1049 3117 ut
1071 3075 1095 3120 te
1113 3070 1147 3118 ad
1171 3073 1320 3132 penitiorem
1344 3083 1425 3119 rerum
1448 3070 1554 3116 isinum
1578 3067 1773 3127 indagationem
1792 3063 1863 3113 exci-

498 3143 586 3186 tarem:
604 3139 729 3200 principia
747 3143 813 3200 sunt,
832 3152 896 3202 qnae
914 3139 1046 3203 indaganti,
1065 3140 1211 3205 etquidem
1227 3141 1355 3197 maximas
1373 3142 1467 3200 muers
1483 3144 1566 3186 umen
1584 3139 1659 3200 daut,
1677 3138 1700 3186 ei
1718 3133 1862 3198 principiis

498 3221 548 3257 nou
566 3209 711 3258 immoratus
729 3207 761 3256 ad
779 3203 956 3269 perfectionem
973 3209 1092 3258 scientiae
1111 3210 1232 3267 derebus
1250 3217 1302 3260 tam
1318 3211 1440 3259 abstrusis
1457 3208 1594 3270 perrexeris
1612 3211 1638 3255 et
1654 3208 1730 3256 nobis
1748 3209 1859 3255 harmo-

492 3279 595 3330 niarum
612 3279 720 3326 rationes
737 3289 789 3326 non
807 3281 904 3329 mutum
924 3279 950 3326 iu
967 3279 1159 3342 quantitatibus,
1176 3281 1221 3329 sed
1239 3287 1265 3330 et
1281 3282 1308 3329 iu
1326 3280 1490 3345 qualitatibus
1508 3276 1653 3342 etquidem
1671 3290 1729 3326 cum
1748 3273 1861 3342 quanti-

474 3349 480 3362 ’
497 3352 575 3396 tattrm
592 3348 731 3396 rationibus
748 3353 911 3407 congruentes
930 3347 1148 3398 demonstraveris:
1166 3364 1217 3414 quo
1233 3351 1319 3400 labore
1337 3347 1517 3399 incredibiliter
1534 3351 1571 3396 rei
1588 3346 1698 3399 medicae
1717 3344 1858 3412 prolueris.

584 3418 671 3482 hjum,
691 3417 739 3466 hoo
756 3431 856 3482 quoque
875 3421 985 3480 tempore
1004 3423 1132 3483 cometam,
1150 3419 1253 3486 quidam
1271 3434 1329 3469 vero
1348 3420 1411 3468 duos
1429 3418 1526 3482 rideri,
1544 3430 1589 3479 ego
1604 3417 1703 3466 nullum
1722 3417 1859 3466 observare

494 3488 578 3550 potui,
594 3487 661 3536 unde
678 3501 739 3538 num
757 3501 814 3536 vera
832 3489 892 3554 sint,
909 3502 973 3554 quse
991 3487 1108 3538 dicuutur
1126 3495 1151 3538 et
1168 3505 1228 3540 num
1246 3505 1261 3539 a
1277 3495 1303 3539 te
1319 3503 1420 3556 quoque
1437 3489 1563 3538 observati
1580 3488 1644 3554 sint,
1662 3487 1767 3550 amolo,
1787 3492 1817 3534 tu
1835 3483 1857 3531 si

499 3557 617 3624 quidest
635 3559 687 3606 veri
704 3559 730 3605 iu
749 3566 847 3606 rumore
864 3557 923 3622 hoo,
943 3572 983 3606 me
1000 3571 1101 3608 moneas
1120 3574 1171 3609 oro.
1714 3619 1719 3628 Ι

586 3627 726 3677 Monstrum
746 3627 922 3678 Hermalseuss
940 3643 971 3676 ex
989 3643 1032 3678 sue
1050 3635 1198 3692 prognatum
1216 3629 1280 3679 iscis
1298 3631 1414 3694 humans,
1432 3627 1477 3678 aed
1492 3629 1589 3677 larvata
1607 3641 1664 3678 cum
1682 3627 1784 3677 cucullo
1803 3635 1858 3673 mo-

498 3697 584 3765 nachi,
603 3697 751 3760 proboscide
770 3697 910 3765 elephanti,
938 3699 1016 3746 cauda
1034 3699 1190 3765 pedibusque
1210 3699 1336 3762 meone,
1361 3699 1450 3764 procul
1468 3699 1545 3748 dubio
1561 3701 1614 3760 jam
1631 3697 1728 3750 vidisti.
1766 3695 1858 3746 cotue

500 3767 575 3816 etiarn
593 3781 676 3816 rumor
694 3767 792 3816 Vienna
811 3768 843 3816 ad
860 3783 905 3816 nos
924 3769 1023 3834 attulit,
1047 3770 1153 3832 milites,
1179 3772 1223 3834 qui
1240 3776 1298 3819 ante
1315 3774 1412 3832 portam
1430 3768 1554 3832 quandam
1570 3770 1642 3818 urbis
1662 3773 1717 3829 (nee
1734 3771 1806 3818 enim
1823 3765 1859 3812 itt

499 3843 620 3904 accurate,
639 3843 668 3888 nt
686 3837 716 3886 de
734 3839 832 3886 nomine
850 3845 935 3900 portae
952 3839 1114 3907 inquirerem,
1132 3841 1265 3899 inciderat)
1283 3839 1318 3888 in'
1328 3839 1443 3889 excubiis
1461 3845 1545 3905 erant,
1566 3844 1639 3888 noete
1657 3839 1767 3904 quadam
1786 3833 1858 3884 audi·

392 3927 397 3940 =
500 3909 566 3956 visse
585 3923 671 3958 vocem
688 3909 826 3971 clamantis,
845 3906 949 3978 hiruocp
967 3922 1021 3962 oon
1037 3907 1148 3974 litam,
1160 3925 1271 3973 eamque
1289 3925 1347 3960 eum
1365 3911 1549 3959 existimassent
1567 3924 1622 3959 ease
1638 3923 1732 3974 eorum,
1750 3910 1798 3974 qni
1815 3906 1857 3954 ln·

499 3983 538 4026 tre
556 3979 643 4027 urbem
660 3979 687 4026 in
706 3978 790 4026 eadem
809 3983 882 4042 porte
899 3979 1045 4046 vigilabant,
1064 3995 1163 4030 causam
1182 3996 1225 4032 cur
1243 3981 1302 4031 inde
1321 3980 1476 4030 discederent
1494 3993 1524 4030 ex
1542 3981 1606 4044 ipsis
1624 3982 1796 4046 quaesierunt,
1814 3971 1857 4024 sed

500 4063 557 4098 eum
574 4049 637 4098 nibil
655 4049 769 4110 responsi
786 4047 817 4096 ad
835 4049 1012 4110 interrogatum
1035 4052 1200 4119 accepissent,
1224 4054 1403 4116 acquieverunt
1425 4057 1493 4116 tum3
1521 4053 1638 4115 aequanti
1656 4055 1728 4100 nocte
1751 4047 1857 4098 eandem

499 4131 585 4168 rocem
604 4120 695 4168 lterum
712 4110 843 4168 audierunt
867 4125 892 4168 et
909 4121 982 4169 simul
1000 4123 1110 4170 sonitum
1128 4123 1154 4174 iu
1173 4124 1241 4186 aire,
1265 4128 1384 4186 tanquam
1401 4135 1508 4182 magnae
1528 4121 1657 4182 enjusdam
1675 4122 1729 4170 avis
1748 4121 1854 4170 cucum-

501 4189 646 4248 volitantis3
665 4189 752 4239 eadem
777 4204 827 4238 vox
852 4191 928 4238 simili
951 4205 1007 4240 euru
1031 4193 1138 4254 strepitu
1161 4197 1187 4242 et
1210 4193 1323 4254 proxima
1345 4192 1419 4240 tertis
1440 4196 1514 4242 nocte
1530 4190 1617 4240 audita
1640 4195 1678 4241 eat
1702 4192 1734 4240 ab
1756 4188 1855 4240 iisdem.

504 4257 572 4320 Quid
590 4261 639 4308 ista
656 4259 805 4321 portendant
822 4265 925 4309 eventus
943 4263 1068 4323 probabit.
1828 4311 1833 4321 ,

589 4328 652 4376 Vale
670 4333 694 4378 et
711 4343 751 4377 me
771 4329 803 4378 de
819 4332 869 4378 tuis
887 4331 1027 4392 laboribus,
1052 4333 1145 4396 quibus
1167 4333 1217 4392 lam
1240 4330 1323 4396 vacas,
1350 4333 1479 4382 certiorem
1499 4329 1587 4382 facin.
1623 4329 1710 4384 Saluta
1731 4345 1790 4383 meo
1808 4341 1853 4378 no·

501 4399 568 4446 mine
585 4399 715 4458 coniugem
733 4403 801 4448 tuem
820 4399 1003 4463 charissimam,
1022 4401 1103 4454 tilium
1121 4407 1146 4450 et
1163 4401 1241 4450 dliam
1258 4408 1327 4450 tuam
1345 4403 1498 4467 Susannam,
1522 4403 1544 4450 ei
1562 4405 1645 4451 tecum
1662 4405 1707 4452 est.
1743 4403 1851 4451 Domino

501 4469 561 4516 item
580 4465 733 4528 Gringalleto
752 4473 836 4518 nostro
854 4471 968 4519 osculum
987 4472 1054 4532 pacis
1073 4476 1099 4519 et
1115 4471 1207 4536 pedum
1225 4484 1281 4520 cum
1298 4471 1380 4524 salute
1396 4471 1477 4521 multa
1498 4485 1571 4521 ame
1593 4473 1719 4522 nunciato.
1756 4473 1853 4521 Dabam

503 4537 686 4598 Rastenbergse
704 4537 744 4585 dio
762 4533 803 4588 13.
823 4537 938 4588 Octobris
956 4555 1020 4590 anno
1039 4539 1180 4593 hincm.
1753 4535 1757 4542 ’

590 4625 765 4687 Philippus
783 4624 942 4676 bliillerua
961 4625 1019 4690 (nat.
1034 4627 1169 4689 Herrbergl
1186 4643 1210 4678 a.
1232 4626 1307 4693 1585,
1324 4630 1451 4694 professor
1467 4629 1659 4678 mathematicae
1675 4635 1702 4679 et
1718 4629 1853 4678 medicinae

504 4695 530 4744 ln
549 4695 675 4746 academia
692 4695 826 4760 Lipsiensi,
845 4701 916 4744 mort
937 4694 1021 4761 1659).
1040 4711 1114 4760 quam
1132 4699 1261 4760 attigimus
1277 4701 1327 4751 vol.
1339 4703 1372 4753 ΙΙ.
1390 4715 1417 4764 p.
1435 4695 1495 4766 481,
1513 4698 1651 4762 Keplerem
1667 4700 1731 4748 adiit
1749 4697 1853 4762 epistola

505 4767 585 4825 „bene
602 4767 702 4832 longs“,
728 4766 756 4813 in
774 4779 824 4830 qua
841 4765 976 4828 Keplerum
995 4767 1113 4816 laudibus
1131 4769 1202 4816 edert
1219 4778 1244 4818 et
1261 4773 1420 4835 quaestiones
1437 4784 1489 4819 non
1506 4783 1598 4833 pancas
1623 4764 1718 4833 prolert
1735 4771 1766 4819 de
1783 4767 1851 4818 libris

504 4850 519 4884 a
536 4835 644 4898 Kepiero
662 4837 745 4900 editis,
762 4837 895 4898 praecipue
913 4835 945 4885 de
962 4838 1078 4898 Epitome
1096 4843 1121 4887 et
1138 4839 1203 4888 libro
1222 4839 1253 4887 de
1269 4841 1349 4891 stella
1365 4841 1443 4904 Nova,
1460 4853 1575 4889 necnon
1593 4840 1624 4889 de
1636 4841 1774 4889 Harmonia
1785 4839 1850 4900 liep-

505 4905 557 4954 leri.
593 4907 712 4958 lddilerus
731 4907 757 4954 iu
776 4906 878 4959 exordio
902 4907 1030 4958 literarum
1048 4922 1150 4958 suarum
1170 4909 1296 4971 judicium
1320 4906 1390 4972 grato
1408 4911 1492 4959 animo
1517 4911 1622 4976 accipit,
1646 4909 1715 4973 quod
1732 4910 1850 4973 Replerut

426 5015 430 5026 .
505 4975 536 5024 de
554 4976 648 5038 libello,
665 4991 741 5042 quem
758 4975 879 5026 Mulieres
897 4981 985 5026 contra
1002 4977 1134 5039 Nagelium
1160 4982 1324 5047 conecrlpait,
1344 4980 1392 5041 ,ad
1414 4993 1570 5030 communem
1586 4983 1706 5038 amicum,
1726 4980 1759 5031 D.
1778 4981 1849 5030 dms·

504 5046 569 5094 alum
587 5049 747 5098 exaraverit“.
783 5048 910 5113 mesco,
929 5049 978 5109 ait,
997 5049 1097 5110 solitam
1114 5050 1313 5103 benevolentiam
1329 5055 1414 5115 mam,
1436 5051 1567 5101 exosculor
1584 5053 1771 5118 humanitatem,
1789 5061 1849 5116 quae

505 5116 533 5164 in
550 5121 575 5164 te
592 5120 662 5164 unta
678 5123 717 5167 est
734 5131 841 5180 semper,
860 5123 889 5166 nt
905 5131 937 5167 ne
954 5118 1057 5182 quidem
1075 5125 1219 5181 aspernetur
1236 5122 1392 5172 adversarios
1409 5135 1480 5188 suos,
1503 5121 1596 5172 nedum
1614 5121 1762 5183 dedignatur
1778 5123 1848 5182 igne·

504 5188 551 5234 toa.
588 5183 674 5247 Quem
693 5190 806 5250 comiter,
829 5201 905 5254 quam
928 5188 1069 5238 humaniter
1091 5196 1115 5238 et
1138 5191 1232 5240 urbane
1255 5205 1269 5239 a
1293 5197 1319 5241 te
1343 5191 1445 5241 babitus
1473 5197 1511 5241 est
1527 5193 1651 5242 liebertus
1667 5192 1808 5254 (Illuddins)
1823 5191 1848 5238 ln

506 5261 612 5322 utroque
629 5258 766 5319 appendice
789 5264 814 5310 et
838 5260 966 5323 apologiai
1003 5260 1038 5308 ht
1055 5261 1122 5312 ierus
1139 5261 1184 5310 ilie
1200 5253 1385 5324 improbissime
1395 5261 1486 5312 reierit
1502 5267 1528 5312 et
1544 5264 1671 5328 iurantes,
1694 5261 1848 5333 iracundeet
