4242 6384
536 844 596 905 toa
1013 903 1018 911 ¹
1064 835 1106 891 De
1123 832 1349 905 Proportionibus

619 1018 778 1095 Expressae
800 1015 885 1077 vides
907 1017 937 1075 iu
959 1016 1088 1075 numeris
1109 1015 1238 1076 minimis
1258 1030 1315 1073 non
1339 1019 1452 1075 tentum
1475 1016 1605 1093 omnium
1627 1023 1694 1077 octo
1720 1016 1863 1094 longitndi-

532 1123 604 1163 num
624 1108 834 1182 proportiones,
858 1103 909 1163 sed
932 1106 1021 1163 etiam
1044 1110 1169 1178 quatuor
1191 1118 1390 1177 supremarum
1413 1110 1443 1161 et
1458 1106 1730 1178 quatuorimarum‚
1753 1110 1863 1164 numeris

532 1194 705 1267 minoribus3
727 1190 857 1271 inprimis
880 1208 949 1251 vcro
972 1192 1058 1249 bium
1080 1205 1279 1265 supremarum
1302 1198 1332 1249 et
1354 1192 1440 1249 trium
1462 1192 1594 1265 imarum,
1619 1192 1655 1251 de
1671 1210 1792 1268 quarum
1812 1209 1865 1249 me-

532 1280 589 1341 diis
611 1298 769 1357 carumque
791 1280 918 1339 numeris
940 1279 1013 1337 mihi
1035 1294 1103 1341 cum
1123 1276 1291 1353 auctoribus
1314 1276 1370 1337 boo
1393 1278 1423 1333 in
1446 1280 1541 1353 capite
1564 1282 1767 1339 controversia
1789 1283 1865 1339 inter·

531 1367 616 1441 cedit,
639 1384 708 1426 nam
731 1366 798 1427 Vll.
823 1370 851 1424 iu
874 1374 998 1442 utroque
1020 1380 1126 1441 genere
1150 1370 1252 1425 cautus
1274 1356 1319 1423 es‘t
1342 1363 1422 1435 405,
1446 1372 1476 1423 et
1497 1365 1537 1423 ll.
1561 1369 1698 1443 utrinque
1723 1368 1793 1425 640.

617 1454 785 1517 Memineris
808 1460 916 1527 antem,
940 1452 1065 1513 chordas
1087 1450 1317 1527 uuiuscujusque
1331 1453 1446 1527 generis
1468 1458 1582 1511 tantum
1596 1453 1774 1530 principales
1798 1464 1867 1510 octo-

529 1559 583 1601 nas
605 1544 635 1601 iu
658 1542 720 1602 hoc.
737 1544 833 1618 capite
855 1542 939 1617 poni;
970 1540 1007 1600 dc
1028 1541 1213 1611 accessoriis,
1245 1556 1367 1615 quarum
1390 1556 1476 1598 uuam
1500 1548 1602 1599 cantus
1625 1540 1719 1601 durus
1746 1540 1868 1601 adsciscit

530 1627 596 1697 loco
617 1646 692 1707 peno
714 1646 885 1705 supremae,
908 1632 936 1687 in
960 1634 1100 1703 sequente
1124 1626 1325 1702 dispiciemus3
1347 1626 1396 1685 hic
1419 1628 1496 1687 enim
1518 1628 1548 1687 id
1571 1630 1696 1704 agimus,
1721 1638 1754 1687 ut
1779 1626 1868 1685 videa-

530 1734 610 1788 mus,
638 1716 785 1793 quomodo
815 1732 1043 1793 peuesuprcmaa
1064 1722 1104 1781 ,et
1131 1714 1264 1790 peuimae
1296 1713 1515 1775 constituendae
1537 1716 1611 1788 sint,
1642 1722 1676 1775 nt
1704 1710 1868 1789 inutraque

490 1843 494 1850 ,
528 1820 635 1879 genere
657 1806 771 1879 possint
793 1820 858 1863 esse
881 1802 1010 1863 eaedem.
1056 1802 1093 1859 Et
1116 1803 1186 1877 quia
1213 1802 1242 1859 iu
1272 1802 1476 1877 conjunctione
1505 1801 1607 1863 barum
1635 1806 1788 1879 utriusque
1810 1820 1869 1859 cuu-

529 1900 575 1961 tus
598 1881 801 1967 principalium
823 1898 890 1951 octo
913 1890 1084 1951 chordarum
1106 1888 1147 1961 fit,
1172 1899 1204 1947 ut
1226 1888 1302 1947 duae
1325 1906 1424 1947 earum
1446 1892 1629 1965 geminentur
1650 1894 1678 1949 iu
1704 1893 1869 1949 instrumen-

530 1979 568 2035 tis
589 1980 726 2051 musicis,
748 1976 823 2037 liunt
844 1994 913 2053 ergo
935 1979 965 2035 in
988 1978 1135 2045 communi
1158 1982 1317 2051 systemate
1341 1975 1467 2037 chordae
1486 1976 1663 2055 principales
1686 1982 1776 2037 unius
1798 1984 1869 2035 octa·

530 2082 586 2123 vac
609 2064 718 2138 decem,
739 2071 938 2142 agnoscuntur
960 2072 1058 2125 brnen
1080 2063 1121 2143 (ct
1142 2065 1185 2122 sic
1208 2064 1296 2123 etiam
1318 2062 1514 2143 appellantur)
1535 2064 1603 2125 loca
1625 2082 1683 2124 nou
1702 2064 1771 2142 plus
1793 2080 1868 2139 quau

530 2160 606 2211 octo.
651 2150 728 2212 Vide
750 2155 890 2231 originem
912 2151 1051 2213 vocabuli
1064 2169 1138 2227 ¹cap.
1163 2152 1192 2209 4.
1200 2150 1234 2225 *)
1698 2174 1701 2185 Δ

1082 2383 1223 2455 CAPUT
1253 2383 1329 2453 illl.

594 2530 643 2586 Dc
664 2543 799 2585 numero
818 2533 852 2583 et
869 2525 987 2581 ordine
1009 2524 1218 2581 minimorum
1240 2524 1503 2582 intervallorum
1525 2528 1626 2585 nnius
1648 2529 1823 2603 diapason.

614 2690 774 2754 Intervalla
794 2691 886 2748 imum
909 2694 939 2748 et
960 2704 1113 2761 summum,
1137 2694 1213 2747 utet
1229 2696 1371 2765 quartum,
1395 2698 1501 2750 natura
1514 2690 1579 2765 hoc,
1604 2690 1655 2751 illa
1672 2703 1798 2753 naturae
1811 2692 1867 2751 imi·

528 2782 653 2855 tatione,
683 2779 851 2838 factasunt
872 2778 934 2836 toni
956 2776 1099 2852 majores,
1133 2776 1280 2850 aquibus
1308 2794 1421 2837 rursum
1444 2780 1605 2839 inuitatione
1632 2788 1772 2855 naturae,
1802 2795 1866 2856 quac

527 2878 628 2928 tonum
650 2869 790 2927 minorem
812 2872 893 2925 secat
915 2865 945 2921 in
968 2865 1154 2922 semitonium
1177 2872 1206 2921 ct
1228 2863 1336 2937 diesin,
1366 2865 1575 2925 abscinduntur
1597 2866 1698 2927 itidem
1722 2870 1867 2929 semitonia

531 2951 617 3038 “lm
646 2962 765 3032 propter
786 2952 927 3028 majorem
948 2954 1121 3011 varietatem
1149 2952 1178 3007 in
1203 2960 1305 3011 cantus
1327 2952 1449 3011 flexibus
1477 2970 1530 3013 seu
1559 2954 1740 3017 anfractibus
1763 2956 1866 3033 pracci-

526 3060 593 3119 puc,
617 3042 705 3118 idque
726 3042 867 3116 superiori
890 3045 973 3114 parte
994 3037 1158 3113 intervalli3
1181 3047 1291 3097 restant
1313 3041 1400 3115 igitur
1423 3043 1452 3097 ln
1475 3048 1558 3117 parte
1581 3044 1717 3104 inferiore
1739 3044 1867 3104 lemmata

527 3148 579 3191 sen
602 3129 699 3188 dieses
720 3128 847 3203 majores
873 3122 987 3209 ’Ἥκω
1010 3124 1090 3201 quod
1114 3124 1207 3183 dibsiu
1230 3122 1302 3209 ’Ἢ
1325 3142 1384 3185 uno
1409 3136 1551 3188 commate
1574 3138 1700 3207 soporat.

613 3216 778 3291 Praecipua
806 3230 876 3275 vero
906 3221 952 3273 cst
980 3212 1069 3289 hujus
1092 3214 1279 3272 abscissionis
1303 3218 1461 3275 necessitas
1493 3218 1523 3273 in
1544 3235 1679 3293 supremo
1710 3214 1865 3283 intervallo,

527 3303 606 3380 quod
629 3306 724 3379 capita
745 3300 930 3381 praecedenti
952 3306 1053 3361 tonum
1076 3300 1216 3377 maJorcm
1238 3301 1367 3374 lecimus,
1392 3305 1461 3378 quia
1483 3312 1586 3363 cantus
1609 3304 1697 3365 durus
1721 3304 1865 3367 semitonio

526 3394 557 3449 in
580 3407 702 3463 sumo,
725 3388 774 3449 vel
796 3397 866 3447 tono
888 3386 1000 3462 majore
1021 3390 1186 3463 promiscue
1218 3394 1247 3446 et
1268 3406 1320 3464 pro
1343 3406 1373 3449 re
1396 3400 1467 3449 nata
1492 3394 1597 3465 utitur,
1627 3395 1757 3454 crebrius
1780 3402 1865 3453 tameo

526 3478 579 3537 illo
601 3486 630 3537 et
651 3494 727 3554 pene
749 3474 915 3550 solenniter,
939 3492 974 3534 eo
997 3475 1076 3551 quod
1099 3478 1175 3534 sicut
1197 3477 1321 3551 septima
1343 3475 1489 3537 ordinaria
1504 3480 1573 3537 lacit
1595 3498 1660 3539 cum
1684 3486 1790 3558 quarta
1811 3478 1866 3555 cpi·

526 3568 615 3625 tritou
635 3582 688 3625 scu
711 3564 892 3623 diatessaron
916 3560 957 3645 ὅ),
980 3560 1033 3642 (sc.
1058 3564 1120 3621 405
1145 3578 1210 3621 cnm
1226 3564 1289 3621 540
1313 3566 1416 3640 capitis
1431 3564 1615 3645 superioris),
1639 3570 1682 3627 sic
1697 3572 1788 3629 etiam
1802 3567 1865 3625 baec

527 3645 595 3712 vn.
620 3650 848 3712 extraordinaria
870 3650 1006 3727 diapente
1028 3650 1188 3725 perlectum
1210 3668 1263 3711 seu
1281 3647 1321 3733 ²]³
1345 3669 1409 3709 cum
1426 3652 1481 3711 lIl.
1504 3654 1600 3715 lacere
1620 3664 1707 3731 amet,
1733 3658 1804 3734 qnia
1817 3650 1865 3713 Ill.

526 3748 571 3801 est
591 3742 710 3818 propria
730 3741 846 3816 generis
869 3737 941 3812 duri,
965 3754 1006 3796 sc.
1031 3738 1103 3810 576,
1126 3744 1159 3794 nt
1181 3740 1311 3814 argutior
1333 3736 1389 3797 hoc
1411 3749 1498 3815 pacto
1522 3750 1624 3801 cantus
1644 3743 1705 3802 fiat.
1753 3745 1790 3803 Et
1804 3754 1865 3801 seru

526 3822 567 3910 Ἴ,
590 3828 626 3889 da
650 3828 712 3887 bili
736 3834 781 3887 est
804 3826 882 3901 384,
907 3825 1074 3902 quodcum
1096 3822 1186 3900 VIll,
1210 3824 1322 3885 scilicet
1346 3842 1410 3885 curu
1435 3828 1512 3903 360,
1536 3829 1606 3888 iacit
1634 3826 1706 3911 Ἠῶ.

1224 3976 1275 4020 lltst
1289 3980 1346 4019 hand
1361 3980 1527 4030 contenderim,
1542 3983 1560 4021 sl
1576 3982 1626 4031 quis
1640 3980 1793 4027 alamanni,
1806 3980 1865 4029 nujus

1275 4033 1384 4074 malodlae
1398 4038 1558 4084 proprietatem
1575 4037 1609 4074 alc
1623 4038 1708 4075 rectius
1723 4036 1823 4087 exprimi.

565 4008 625 4061 capa
637 4009 680 4051 bos
693 4006 819 4057 exemplum
831 4006 855 4049 la
869 4006 930 4047 uotis
944 4018 973 4049 ax
986 3968 1117 4056 andelesio.

830 4316 856 4322 -
880 4266 1146 4323 ,ΣΞ-ΣΞ

915 4373 975 4433 Sed
997 4373 1033 4433 dc
1054 4371 1111 4432 bac
1132 4388 1163 4431 rc
1184 4373 1259 4431 inlra
1281 4390 1316 4431 ex
1338 4374 1478 4450 professo.

608 4498 714 4575 Itaque
737 4496 810 4555 fiunt
831 4498 862 4554 ln
884 4512 943 4553 uua
967 4502 1074 4554 octava
1106 4494 1135 4551 in
1166 4494 1334 4553 universnm
1365 4494 1490 4556 chordae
1512 4496 1647 4555 tredecim
1678 4497 1722 4557 bis
1746 4490 1862 4556 numeris

523 4605 575 4649 seu
598 4587 728 4647 terminis
750 4585 892 4656 minimis,
924 4583 1030 4657 quibus
1058 4582 1218 4656 interposui
1247 4582 1401 4642 intervalla
1431 4584 1529 4643 omnia
1558 4586 1678 4645 minima
1709 4582 1860 4646 secuudum

522 4674 685 4736 naturalem
708 4672 837 4731 ordinem
861 4672 890 4727 ia
912 4670 1000 4745 pleno
1023 4678 1053 4729 et
1074 4668 1201 4745 perlecto
1224 4678 1383 4745 systemate
1407 4673 1553 4749 organico.

521 4872 728 4886 ψ

627 5004 650 5054 ⁰)
663 5004 721 5045 vta·
734 5002 801 5044 atlans
814 5001 873 5041 bunc
886 5005 978 5050 typum,
993 4999 1032 5049 qul
1045 4999 1122 5040 ecdem
1137 4998 1208 5041 radit·

533 5100 537 5107 -
651 5074 711 5113 uses
726 5072 744 5114 0
757 5073 807 5113 duri
868 5070 932 5112 vm.
959 5070 1009 5109 vn.
1144 5068 1183 5111 vl.
1237 5070 1255 5107 V
1316 5068 1354 5111 IV.
1486 5066 1526 5111 111.
1575 5070 1597 5110 ll
1672 5070 1690 5113 l.

650 5126 752 5167 ctiortaa
881 5126 926 5165 lto.
967 5122 1013 5163 tob.
1054 5122 1100 5164 toz
1140 5122 1187 5163 trib.
1228 5120 1273 5161 8⁶³0.
1314 5120 1359 5162 otti.
1398 5120 1444 5163 dib.
1483 5124 1530 5165 (llll
1572 5120 1617 5163 640.
1656 5122 1701 5165 Γὶθ.

651 5177 829 5243 Lomcnollla
868 5178 931 5219 Vlll.
960 5176 1008 5218 vll,
1050 5176 1089 5217 Vl.
1235 5175 1263 5245 V.¹
1317 5174 1354 5217 lV.
1402 5175 1443 5217 lll.
1574 5177 1604 5217 11.
1672 5179 1690 5217 1.
