4242 6384
557 781 621 848 308
997 784 1040 840 De
1057 783 1370 844 MotibnsPlxnetsrntn
1388 775 1567 845 Hemonicis.

557 965 754 1022 macenorum
775 962 947 1037 intervallo,
976 964 1026 1024 rel
1047 967 1235 1026 semitonium
1261 962 1346 1049 mim,
1375 965 1424 1026 vel
1446 965 1558 1043 aliquid
1582 965 1787 1040 intermedium,
1811 985 1866 1025 tou·

556 1056 635 1108 mata
657 1045 727 1133 ⁸⁰s„
756 1049 869 1109 distans
891 1051 941 1110 vel
963 1053 1002 1111 ab
1024 1052 1076 1112 illo
1100 1042 1148 1114 iel
1171 1055 1209 1113 ab
1231 1054 1302 1130 hoc;
1330 1053 1448 1113 interior
1470 1071 1540 1114 vero
1564 1053 1613 1114 vel
1636 1054 1726 1114 diesin
1747 1054 1867 1128 simplicem

557 1132 643 1218 “tw
673 1137 721 1198 vel
743 1137 934 1196 differentiam
957 1141 1034 1199 inter
1055 1144 1243 1200 semitonium
1276 1149 1305 1201 et
1328 1141 1438 1214 diesin,
1469 1157 1546 1218 quae
1577 1149 1622 1200 est
1648 1136 1753 1222 mlm,
1780 1141 1825 1198 boc
1841 1154 1870 1198 cei

555 1219 629 1306 “7„
651 1225 726 1298 iere,
756 1223 805 1284 sel
828 1223 956 1302 deniqne
979 1227 1112 1288 similiter
1143 1229 1255 1304 aliquid
1279 1229 1500 1302 intermedium,
1533 1237 1678 1289 commate
1699 1223 1761 1310 Ἥ
1790 1227 1871 1285 disum

555 1309 664 1370 veleb
688 1311 740 1371 illo
764 1311 812 1372 vel
834 1313 872 1371 ab
895 1313 964 1387 hoc,
997 1333 1038 1374 sc.
1069 1315 1118 1375 ille
1142 1315 1305 1393 duplicem,
1337 1317 1392 1376 iste
1420 1305 1582 1393 simplicem
1613 1315 1727 1390 diesin,
1755 1323 1872 1389 utrumqne

554 1398 742 1464 interuallum
765 1407 910 1462 commate
933 1401 1138 1481 diminutum„

641 1497 711 1553 Nam
730 1499 879 1569 superioris
905 1500 1017 1569 propria
1038 1501 1121 1556 debet
1139 1516 1200 1556 esso
1221 1501 1309 1569 msu‘or
1331 1516 1413 1569 qnam
1439 1499 1522 1558 diesis
1540 1515 1591 1570 per
1607 1515 1649 1570 pr.
1668 1503 1719 1570 25,
1743 1502 1819 1556 miror
1832 1516 1874 1554 run

554 1589 634 1643 qnam
653 1583 735 1632 tonus
754 1577 802 1646 ’lm
820 1576 880 1647 per'
886 1577 1105 1646 praecedentem.
1141 1579 1179 1632 At
1197 1594 1261 1632 vero
1279 1579 1403 1648 superior
1420 1577 1502 1636 debet
1520 1577 1652 1634 excedere
1671 1579 1876 1634 interimendus

553 1668 616 1722 ιιιιιι,
635 1669 685 1724 per
702 1673 744 1725 pr.
762 1657 806 1712 24.
842 1656 880 1710 Et
897 1655 995 1710 suadet
1012 1657 1170 1712 harmonica
1186 1657 1374 1726 pulchritudo,
1398 1665 1428 1714 ut
1447 1658 1573 1727 propriae
1591 1657 1703 1728 horum,
1729 1659 1752 1714 si
1770 1659 1801 1712 ob
1815 1661 1886 1727 perri·¹

552 1738 637 1786 tatem
655 1741 794 1804 nequeunt
818 1750 879 1789 esse
897 1735 1083 1802 harmonicae,
1109 1737 1205 1792 saltem
1229 1753 1262 1792 ex
1282 1737 1422 1796 concinnis
1449 1735 1516 1805 sint,
1542 1737 1566 1790 si
1583 1735 1643 1790 fieri
1669 1737 1724 1795 boc
1740 1738 1828 1806 possit,
1845 1755 1886 1809 pu,

553 1825 597 1866 ax.
619 1816 643 1868 i.
679 1813 763 1884 Atqui
782 1813 915 1867 concinna
932 1813 1037 1869 minora
1063 1832 1144 1884 quam
1163 1823 1206 1870 est
1222 1823 1305 1871 tonus
1325 1815 1372 1885 ll„
1391 1821 1455 1869 sunt
1472 1817 1577 1868 tantum
1601 1815 1671 1882 duo,
1698 1817 1848 1872 semitonium
1860 1819 1886 1882 etl

553 1887 651 1961 diesis3
677 1889 748 1948 baec
770 1907 834 1947 vero
853 1892 983 1946 differam
1007 1895 1080 1948 inter
1104 1911 1134 1948 se
1157 1907 1212 1948 non
1234 1893 1315 1964 diesi,
1343 1895 1391 1950 sed
1414 1895 1505 1962 aliquo
1529 1895 1626 1948 minori
1650 1894 1793 1950 intervallo
1815 1897 1886 1962 ¹²⁵!„,.3

553 1967 617 2024 Non
635 1979 751 2040 possunt
768 1973 851 2040 igitur
872 1971 951 2026 simul
969 1971 1072 2024 habere
1091 1972 1216 2040 superior
1233 1974 1418 2042 semitonium,
1437 1971 1549 2027 inferior
1566 1973 1668 2038 diesin,
1693 1975 1742 2028 sed
1760 1981 1803 2028 aut
1824 1989 1877 2041 supr·

552 2045 609 2100 rior
625 2048 740 2105 habebit
757 2049 929 2104 semitonium
951 2048 1022 2116 'isse
1046 2048 1160 2104 inferior
1181 2051 1282 2120 min„
1307 2051 1333 2106 h.
1355 2067 1378 2106 e.
1395 2052 1468 2122 *Ἰὼ
1493 2058 1541 2105 aut
1558 2051 1672 2106 inferior
1697 2052 1804 2106 habebit
1819 2051 1878 2103 diesin

556 2122 627 2194 “tw
653 2128 778 2197 superior
800 2142 865 2202 verp
888 2126 1026 2197 duplicem
1050 2127 1139 2182 diesin
1165 2131 1222 2200 ΝΛ,
1246 2131 1311 2186 iero.
1354 2131 1420 2186 Cum
1450 2145 1514 2184 vero
1538 2129 1681 2200 utriusque
1709 2131 1826 2200 planetae
1844 2129 1886 2196 sint,

552 2205 679 2274 aequabo
692 2207 771 2274 jura,
796 2220 883 2273 qnare
901 2205 926 2260 si
941 2205 971 2258 in
988 2206 1105 2274 propriis
1123 2209 1246 2277 ipsorum
1263 2209 1390 2264 violanda
1407 2211 1461 2265 fnit
1487 2217 1586 2264 natura
1602 2209 1740 2277 concinui,
1765 2206 1880 2276 aequaliter

551 2279 581 2334 5¹¹
598 2291 715 2355 ”mille
733 2283 861 2338 '5⁰¹²lld2
876 2282 941 2350 fusti
966 2293 998 2336 ut
1015 2282 1169 2340 ffiffmentia
1186 2284 1359 2358 propriorum
1376 2291 1444 2358 ipsis
1462 2288 1667 2344 intervallorum
1692 2302 1799 2342 manere
1814 2297 1886 2358 poure

553 2369 651 2418 exacta
668 2364 764 2433 diesis,
783 2362 819 2416 ad
837 2360 1049 2418 discriminanda
1066 2380 1167 2432 genera
1185 2368 1387 2424 harmoniarum
1409 2368 1576 2436 necessaria,
1600 2382 1649 2436 per
1666 2383 1709 2436 pr.
1726 2367 1768 2422 24.
1801 2368 1880 2433 Amne·

551 2443 723 2499 iterantem
740 2451 808 2498 tunc
825 2441 981 2496 violabatur
998 2443 1124 2497 concinui
1147 2454 1246 2500 natura
1264 2448 1291 2500 in
1310 2453 1439 2516 ntrqque,
1463 2447 1486 2501 si
1505 2455 1607 2516 quanto
1621 2445 1783 2516 superioris
1799 2447 1880 2516 proprie

551 2524 693 2592 proportio
715 2519 861 2577 deficiebat
882 2535 899 2572 a
922 2519 990 2574 diesi
1014 2519 1116 2588 duplici
1145 2524 1328 2592 superabatve
1352 2527 1538 2588 semitonium,
1565 2533 1642 2580 tanto
1667 2527 1752 2581 etiam
1777 2524 1880 2578 inferioris

550 2601 664 2670 propria
681 2599 811 2657 deficeret
828 2615 846 2654 a
863 2599 932 2655 diesi
949 2598 1079 2668 simplici,
1097 2609 1275 2670 superaretse
1291 2603 1462 2658 intervallum
1484 2603 1576 2673 mim.

582 2676 585 2685 '
638 2680 723 2734 Porro
741 2680 786 2733 hio
804 2690 936 2734 excessus
957 2677 1002 2730 vel
1020 2677 1145 2733 delectus
1163 2679 1257 2734 debuit
1281 2695 1341 2735 esse
1360 2697 1464 2736 oomrrm
1482 2681 1558 2753 ⁵⁹1⁸„
1585 2681 1650 2750 quia
1669 2697 1780 2736 rursum
1807 2681 1881 2736 nolim

525 2829 528 2833 ¹
551 2757 628 2812 alind
645 2758 821 2814 intervallum
837 2756 1043 2812 monstrabatur
1060 2773 1078 2812 a
1095 2759 1319 2828 proportionibus
1343 2759 1522 2828 harmonicis,
1546 2767 1574 2814 et
1591 2767 1623 2813 ut
1640 2776 1749 2815 comma
1769 2762 1806 2816 sio
1821 2760 1881 2828 expri·

550 2845 671 2894 mmmm
687 2839 759 2894 iuter
775 2847 866 2892 motus
884 2835 1031 2905 coelestes,
1045 2835 1118 2890 siout
1136 2851 1295 2906 expressum
1314 2849 1358 2894 est
1374 2839 1402 2892 in
1420 2839 1592 2906 harmonicis,
1610 2839 1717 2894 scilicet
1727 2841 1785 2895 solo
1797 2853 1882 2893 excessu

550 2915 706 2972 etdetectn
724 2917 796 2972 iuter
814 2932 845 2972 sc
866 2914 1081 2971 intervallorum.
1118 2916 1229 2978 Comma
1251 2917 1322 2972 euim
1346 2918 1373 2971 in
1397 2917 1559 2980 harmonicis
1578 2917 1725 2987 distinguit
1746 2921 1814 2974 inter
1828 2927 1882 2971 tonos

549 2996 680 3064 majorem
696 3001 727 3049 et
744 2995 875 3050 minorem
892 3009 944 3048 nec
961 2994 1042 3048 aliter
1058 2995 1216 3051 innotescit.
1819 3029 1824 3035 -

637 3074 735 3128 Restat
756 3082 787 3127 ut
806 3073 1008 3141 disquiramus,
1031 3081 1104 3126 ntra
1117 3089 1153 3127 ex
1170 3075 1317 3143 propositis
1338 3075 1447 3143 potiora
1464 3080 1519 3130 sint
1536 3076 1692 3144 interualla,
1723 3093 1789 3132 num
1811 3076 1883 3135 dieses,

549 3149 665 3218 simplex
682 3167 734 3219 pro
751 3150 872 3206 inferiori
891 3151 1016 3218 planeta,
1035 3149 1139 3220 duplex
1156 3167 1208 3220 pro
1226 3153 1375 3222 superiori,
1398 3169 1434 3208 an
1451 3155 1544 3222 potins
1562 3155 1738 3210 semitonium
1761 3173 1808 3225 pro
1825 3167 1882 3222 supe

549 3229 628 3296 riori,
653 3239 682 3285 et
702 3230 785 3300 ”lim
807 3229 1007 3299 proicieriori.
1042 3229 1081 3283 Et
1104 3229 1216 3286 vincunt
1240 3233 1407 3301 argumentis
1431 3234 1530 3289 dieses
1565 3233 1635 3287 Nam
1661 3235 1715 3288 etsi
1740 3234 1883 3289 semitonium

550 3309 626 3363 varie
642 3324 803 3378 expressum
821 3309 910 3362 estin
930 3308 1006 3361 scala
1021 3309 1139 3378 musica,
1158 3318 1187 3363 at
1205 3313 1309 3366 socium
1329 3310 1411 3381 'iiim
1429 3327 1483 3366 non
1502 3317 1545 3366 est
1561 3325 1723 3380 expressum
1770 3315 1884 3367 Conusu

552 3386 635 3441 diesis
653 3395 698 3441 est
714 3386 847 3456 expressa
864 3387 939 3440 varie
957 3395 985 3439 ct
1003 3387 1106 3457 duplex
1123 3387 1207 3443 diesis
1225 3390 1433 3457 quodammodo,
1454 3405 1491 3444 sc.
1510 3391 1538 3444 in
1556 3391 1725 3447 resolutione
1742 3387 1884 3448 oenomai

553 3465 652 3530 dieses,
670 3465 816 3520 semitonia
833 3471 862 3519 ct
878 3465 1020 3534 lammam
1038 3474 1106 3522 tuno
1123 3467 1204 3536 enim,
1223 3475 1254 3522 ut
1271 3467 1340 3522 libro
1352 3469 1401 3522 III.
1420 3484 1478 3538 cap.
1491 3470 1517 3524 8.
1537 3469 1647 3537 dictum,
1665 3468 1884 3538 proximsinvicen

553 3545 708 3601 succedunt
725 3545 796 3600 duae
811 3544 903 3599 disses
919 3543 1027 3599 dnobus
1044 3544 1122 3600 locis.
1159 3545 1282 3599 Alterum
1307 3555 1510 3616 argumentum,
1536 3547 1609 3616 qnod
1627 3549 1655 3600 in
1674 3549 1842 3604 distinctione
1855 3559 1884 3610 pe·

551 3639 648 3679 narum
666 3624 781 3695 propria
797 3631 862 3678 snnt
875 3624 940 3693 jura
957 3622 1072 3690 dieseos,
1091 3622 1168 3677 nulls
1185 3623 1328 3694 semitonii,
1346 3627 1433 3694 major
1451 3627 1535 3695 igitur
1546 3634 1689 3696 respectus
1708 3621 1886 3683 babendnsiuil

550 3704 672 3774 dimaon,
690 3720 773 3775 qnam
790 3703 933 3759 semitonii.
970 3700 1164 3764 Conflaturex
1182 3702 1307 3760 omnibus
1326 3705 1392 3773 hoc,
1411 3706 1559 3775 superioris
1576 3706 1716 3775 propriam
1735 3708 1829 3764 debere
1844 3713 1886 3757 esse

555 3782 665 3852 mim„
682 3798 734 3838 seu
756 3781 811 3851 ul„
828 3781 900 3851 iere,
917 3780 1054 3856 inferioris
1072 3780 1212 3850 propriam
1232 3781 1315 3854 'wisan
1333 3799 1382 3840 seu
1401 3785 1460 3856 ³⁶1„
1478 3786 1545 3843 iere.

641 3873 811 3950 Quaeritur,
845 3883 941 3932 uuum
964 3891 1079 3932 summa
1102 3875 1249 3950 sapientia
1273 3879 1397 3936 creatrix
1428 3887 1574 3956 occupata
1595 3878 1682 3940 tuerit
1713 3881 1743 3936 in
1775 3873 1886 3938 tenuibus

549 3964 614 4028 istis
636 3962 808 4023 ratiunculis
830 3961 1053 4038 conquirendis,
1099 3961 1294 4038 liespoudeo,
1318 3963 1380 4023 lieri
1402 3981 1500 4042 posse,
1524 3974 1556 4024 ut
1578 3965 1688 4025 multae
1712 3984 1760 4025 me
1782 3965 1886 4023 rationes

548 4050 670 4125 lateant,
694 4058 726 4110 at
747 4053 774 4109 si
794 4047 1019 4126 ponderosiores
1041 4055 1147 4108 natura
1169 4054 1352 4114 harmonicas
1374 4069 1433 4111 aon
1456 4052 1531 4127 tulit,
1555 4049 1664 4130 quippe
1688 4055 1717 4110 in
1740 4049 1883 4129 proportio·

549 4140 651 4212 nibus,
675 4139 751 4198 inira
772 4139 903 4197 omnium
926 4139 1137 4206 concinnerunt
1160 4141 1355 4213 quantitatem
1378 4138 1641 4213 descendentibus,
1668 4139 1824 4200 absurdum
1844 4147 1886 4192 nti

548 4236 603 4300 cst
628 4226 726 4286 Deum
749 4224 802 4284 vel.
821 4226 902 4298 istas,
925 4233 1077 4301 utcunque
1099 4235 1262 4302 appareant
1284 4233 1398 4300 tenues,
1422 4245 1487 4286 esse
1502 4237 1645 4302 secutum,
1668 4243 1736 4286 oum
1758 4225 1826 4286 nibil
1839 4223 1886 4280 ιίιι

549 4329 641 4373 eausa
663 4313 852 4372 ordinaverit.
898 4311 1064 4370 absurdius
1086 4327 1115 4369 n.
1140 4311 1227 4387 longe
1251 4321 1330 4372 esset
1352 4314 1506 4389 affirmare,
1529 4314 1627 4374 Deum
1648 4314 1884 4391 bas-quantitates,

549 4401 626 4459 infra
648 4399 766 4476 quidem
788 4400 1000 4475 praescriptum
1024 4402 1060 4456 iis
1083 4401 1238 4457 terminum
1260 4402 1484 4476 toui'minoris,
1508 4403 1628 4461 iortuito
1656 4403 1826 4479 arripuisse,
1845 4409 1885 4452 nel

548 4489 656 4550 sufficit
686 4485 797 4546 dicere:
829 4493 929 4543 tantas
959 4487 1079 4559 sumsit,
1113 4487 1184 4561 quia
1214 4493 1314 4548 tantm
1336 4487 1525 4564 placuerunt3
1556 4491 1585 4547 in
1609 4491 1792 4566 geometricis
1816 4487 1883 4548 colu·

547 4575 678 4636 libertati
700 4573 854 4633 electionis
876 4571 1035 4647 subiectis,
1066 4573 1141 4630 nihil
1163 4571 1229 4632 Deo
1253 4573 1366 4650 placuit
1395 4579 1457 4636 sine
1489 4593 1579 4636 causa
1601 4580 1779 4653 geometrica
1806 4569 1884 4650 quali-

549 4680 683 4740 cunque,
707 4669 741 4720 nt
761 4665 884 4736 apparet
906 4661 935 4716 in
961 4662 1018 4718 oris
1041 4658 1187 4732 loliorum,
1212 4663 1241 4718 iu
1264 4665 1394 4744 squamis
1417 4662 1552 4748 piscium,
1580 4666 1609 4724 iu
1632 4663 1760 4742 pellibus
1782 4665 1883 4722 terarum

548 4765 709 4826 earumque
730 4747 854 4808 maculis
877 4754 908 4805 et
929 4745 1111 4806 macularum
1135 4749 1235 4808 ordine
1259 4761 1288 4808 et
1309 4751 1465 4812 similibus.
1493 4825 1495 4833 Α
1528 4783 1531 4801 ·

636 4853 865 4934 Propositio
887 4847 1025 4927 XXVII.
1071 4851 1200 4912 Telluris
1221 4861 1251 4913 et
1265 4853 1389 4914 Veneris
1410 4861 1543 4915 motuum
1566 4857 1715 4932 proportio
1736 4853 1823 4930 major
1842 4845 1881 4904 dt·

468 4989 473 4996 .
550 4940 614 4998 buit
637 4958 705 5001 esse
718 4947 804 5000 sexta
819 4937 901 5012 dura,
925 4940 1001 5000 inter
1009 4945 1108 5000 motu
1124 4939 1281 5016 aphelios3·
1294 4943 1397 5013 minor,
1420 4948 1505 5001 sexta
1520 4941 1627 5016 mollis,
1651 4943 1725 5001 inter
1739 4935 1881 5020 pastellos

635 5023 762 5092 Oportnit
783 5039 809 5077 ιι.
835 5021 967 5090 dietim
992 5037 1094 5094 genera
1127 5022 1329 5080 harmoniarum
1351 5037 1401 5092 per
1422 5039 1469 5078 ax.
1492 5024 1535 5080 20.
1573 5023 1604 5077 ld
1627 5031 1719 5080 antem
1742 5023 1798 5078 fieri
1819 5017 1880 5073 aliter

547 5117 603 5155 non
620 5103 718 5172 potuit,
737 5117 818 5170 quom
831 5116 885 5170 per
903 5108 996 5158 sextas
1014 5116 1066 5170 per
1083 5099 1125 5156 23.
1162 5101 1265 5178 Earum
1282 5095 1367 5171 igitur
1383 5117 1466 5158 unam
1482 5105 1516 5172 ll,
1536 5117 1597 5157 oum
1616 5102 1769 5172 acceperint
1779 5097 1880 5156 uerso

549 5173 586 5258 ὅ,
604 5181 719 5249 proximi
736 5180 865 5250 planetae
882 5186 911 5234 ot
928 5177 1081 5236 icosicdn‘ci
1100 5194 1149 5250 per
1162 5180 1208 5234 tn:
1228 5179 1351 5251 oportuit
1368 5185 1397 5236 et
1414 5181 1527 5236 dieram
1541 5180 1576 5250 ³l,
1594 5181 1627 5237 iis
1640 5181 1731 5237 tribui
1765 5181 1878 5238 uesieu

546 5257 620 5313 inter
637 5263 782 5327 extremos,
801 5267 996 5329 convescentes
1008 5258 1052 5315 vel
1063 5257 1244 5330 diverqentes,
1263 5259 1312 5315 sed
1323 5259 1396 5314 inter
1413 5257 1536 5328 ejusdem
1547 5262 1796 5330 plagaecxtremos,
1813 5252 1876 5312 nutu
