4242 6384
1088 1331 1151 1408 Jo.
1178 1331 1386 1456 serrem
1427 1439 1428 1444 Ν

853 1494 1161 1609 sisncncrs
1197 1494 1349 1608 nursi
1384 1491 1532 1643 iren
1567 1493 1611 1614 v,

560 1716 611 1788 De
637 1716 816 1787 harmonia
844 1692 1097 1804 perfectissima
1126 1705 1280 1790 motuum
1308 1717 1510 1790 coelestium
1538 1723 1690 1807 ortuque
1720 1737 1767 1788 ex
1793 1716 1884 1794 iisdeu

586 1848 884 1918 eccentricitntum
913 1839 1319 1939 semidiametro'rnmque
1347 1853 1383 1918 et
1410 1853 1602 1936 temporum
1621 1849 1871 1936 periodieerun.

559 2013 609 2072 Ad
635 2031 766 2074 normam
796 2014 945 2074 doctrinae
972 2019 1184 2080 astronomicae
1212 2017 1369 2076 hodiernae
1400 2014 1654 2076 emendatissimis
1675 2011 1884 2096 hypothescsonl

559 2102 730 2178 Ccpemici‚
765 2103 816 2162 sed
847 2112 876 2162 et
905 2102 1055 2180 Tychonis
1087 2105 1225 2178 Brahei,'
1249 2120 1370 2180 qnarnm
1400 2102 1557 2162 alterutrae
1588 2103 1691 2178 hodie,
1727 2104 1884 2168 Ptolemaieli

842 2191 1018 2268 antiquatis,
1049 2201 1081 2250 nt
1104 2195 1273 2252 verissimae
1295 2192 1412 2268 publice
1434 2187 1623 2282 recipiuntur.

955 2343 1107 2400 Galenus
1125 2345 1159 2400 (le
1178 2359 1230 2400 usu
1247 2343 1365 2412 partium
1382 2341 1451 2428 libre
1469 2341 1518 2396 111.

554 2449 643 2531 ‘lepos
675 2455 759 2532 loyes
790 2452 856 2532 ἐγω,
890 2476 944 2514 του
976 2460 1234 2534 δημιουργησαπος
1263 2449 1335 2531 ἡμας
1368 2448 1456 2527 ὕμνον
1489 2448 1630 2528 niloticae
1663 2457 1830 2530 συπιθημι,
1859 2459 1884 2510 ni

560 2537 673 2615 τομιζω,
696 2537 772 2602 τουτ’
798 2539 869 2602 εἶναι
890 2562 942 2618 την
965 2539 1126 2618 suescimus,
1158 2539 1223 2620 οὐχι
1246 2541 1269 2602 εἰ
1291 2563 1407 2618 sosoma
1436 2535 1707 2614 enoacussuascriaor
1740 2539 1884 2610 annualia

558 2633 769 2702 καταθυσαιμι,
801 2653 848 2688 και
871 2650 909 2687 τα
931 2625 1012 2690 ἅλλα
1033 2653 1121 2704 rivom
1147 2649 1236 2707 μυρα’
1260 2635 1432 2702 θνμιιισαιμι
1461 2649 1508 2687 aur
1531 2645 1648 2696 κασιας·
1679 2622 1749 2686 ἀλλ’
1777 2627 1801 2688 εἰ
1825 2623 1884 2702 yscoi

557 2735 610 2791 uer
633 2712 739 2786 αὐτος,
769 2713 869 2778 ἔπειτα
899 2721 931 2775 lle
961 2741 1008 2777 και
1029 2740 1089 2785 τοις
1111 2713 1221 2786 ἄλλοις·
1244 2713 1442 2795 ἐξηγησαιμην,
1474 2711 1535 2782 ὀἶος
1564 2735 1617 2787 aaa
1646 2710 1704 2773 ἐστι
1730 2736 1784 2789 την
1809 2725 1884 2787 coarat

558 2799 651 2871 οἱοςτε
672 2825 724 2880 την
746 2809 875 2876 imanes,
904 2797 1005 2873 ὁποιος
1027 2810 1059 2866 δε
1080 2827 1132 2880 την
1153 2826 1347 2883 χρηστοτητα,
1375 2825 1408 2862 το
1432 2823 1485 2878 γαρ
1517 2823 1629 2874 acorum
1659 2797 1778 2860 ἑθελειτ
1799 2795 1884 2860 ἅπαντα

557 2913 609 2952 τον
631 2888 814 2969 ἑνδεχομενον
837 2895 955 2964 κόσμον,
978 2915 1025 2952 και
1046 2897 1144 2970 proieci
1167 2895 1290 2964 ociorem
1311 2911 1369 2949 rma
1391 2884 1527 2968 ἀγαθων,
1560 2911 1611 2964 της
1634 2889 1819 2966 τελειοτατης
1837 2908 1884 2964 zor·

557 2998 695 3054 στοτητος
717 2974 770 3055 e’ym
786 2984 886 3055 δειγμα
901 2983 1037 3051 sciamur:
1072 3003 1118 3039 και
1140 2999 1231 3058 ταυτῃ
1245 2998 1297 3051 μεν
1318 2971 1358 3044 ὦς
1374 2972 1486 3054 diarios
1508 2970 1572 3052 ἡμιν
1593 2969 1755 3055 inserebas,
1777 2999 1809 3036 το
1830 2968 1884 3040 lai

559 3061 596 3125 ἂν
617 3066 744 3138 μαλιστα
767 3069 931 3142 uomicam,
954 3087 1012 3125 uuo
1034 3064 1169 3142 ἑξευρειν,
1193 3061 1286 3140 dacae
1306 3085 1422 3144 σοφιας,
1445 3085 1479 3122 το
1495 3066 1589 3126 &aaut
1612 3067 1720 3140 δρασαι
1744 3059 1829 3123 rra-ril'
1851 3055 1884 3120 ὅσα

980 3156 1151 3231 sensilem,
1175 3159 1320 3225 δυναμεως
1342 3149 1496 3228 doctores.

1125 3269 1128 3278 '
1188 3271 1218 3322 Id
1235 3279 1284 3324 est:

560 3363 672 3422 Sacrum
696 3383 860 3434 sermonem,
885 3370 1014 3440 hymnum
1036 3371 1095 3424 Deo
1124 3371 1262 3426 conditori
1283 3365 1451 3426 verissimum
1474 3367 1577 3438 ordioir,
1600 3369 1733 3440 pietatem
1756 3371 1824 3425 hanc
1846 3377 1884 3420 esst

558 3449 648 3512 ratus,
679 3463 734 3502 non
767 3454 797 3501 ut
830 3448 1006 3504 hecatombas
1037 3448 1077 3501 illi
1108 3456 1248 3504 taurorum
1277 3450 1407 3520 plurimas
1438 3449 1587 3517 immolem,
1625 3449 1724 3505 odores
1758 3450 1884 3505 innumero

559 3520 683 3576 adoleam
701 3527 862 3596 eccesiam,
882 3528 929 3583 sed
949 3536 979 3582 us
997 3529 1111 3596 primum
1128 3528 1188 3596 ipse
1207 3529 1322 3595 discam,
1345 3535 1453 3596 postet
1471 3535 1577 3582 ceteros
1598 3528 1723 3596 doceam,
1750 3534 1778 3581 et
1795 3529 1884 3593 quanm

559 3596 606 3653 ille
624 3600 660 3655 sit
677 3604 819 3673 sapientia,
836 3615 958 3674 quantus
976 3605 1107 3675 potentia,
1127 3617 1155 3662 et
1172 3606 1261 3676 qualis
1274 3607 1404 3662 bonitate.
1431 3607 1508 3661 Velle
1521 3607 1591 3660 enim
1604 3607 1693 3660 omnia
1706 3613 1807 3674 quanto
1818 3609 1884 3670 posset

561 3686 659 3732 ornatu
677 3680 816 3751 decorare,
834 3700 884 3738 nec
903 3684 952 3738 ulli
969 3686 1042 3739 bona
1061 3700 1111 3738 sua
1129 3684 1256 3748 invidere,
1274 3685 1302 3740 id
1321 3701 1371 3754 ego
1384 3684 1513 3740 bonitatis
1534 3683 1810 3738 consummatissimae
1827 3679 1884 3732 doce

559 3765 679 3811 mentum
698 3767 805 3829 statuo,
832 3763 1019 3831 hactenusque
1044 3768 1075 3816 ut
1092 3762 1191 3818 bonum
1210 3764 1331 3832 celebro;
1360 3762 1449 3823 omnia
1475 3779 1539 3815 vero
1557 3761 1688 3830 invenire,
1714 3760 1884 3834 quibuscum

559 3836 675 3890 maxime
694 3848 902 3910 exornarentur,
927 3843 1153 3898 eminentissimae
1173 3843 1334 3912 sapientiam
1359 3843 1448 3896 omnia
1467 3840 1594 3910 denique,
1618 3855 1687 3909 quae
1707 3845 1848 3902 statuerat,
1869 3831 1884 3884 ii

844 3943 851 3948 ·
923 3924 1171 3990 uenerandumne,
1189 3924 1328 3993 potentiae
1346 3920 1546 3990 insuperabilis.

760 4061 764 4068 ’
841 4072 925 4142 Cum
954 4073 988 4144 S.
1017 4075 1053 4145 C.
1083 4074 1122 4144 ll.
1152 4073 1408 4177 Privilegioparl
1436 4089 1543 4142 annos
1570 4069 1637 4142 XV.

698 4287 703 4298 .
734 4255 835 4305 emon
854 4257 1025 4336 cessans.
1063 4258 1209 4310 Excudebat
1225 4257 1354 4306 Jolrannes
1371 4255 1491 4318 Plantae,
1509 4269 1577 4306 anno
1593 4251 1736 4306 ninom.

1070 4585 1390 4671 l'llillllllllllll.

646 4759 733 4836 Quod
756 4769 825 4821 ante
847 4760 921 4822 dnos
944 4772 974 4824 et
995 4762 1099 4841 viginti
1122 4782 1229 4840 annos,
1261 4769 1384 4842 primum
1406 4773 1494 4842 atque
1517 4765 1625 4840 figuras
1648 4763 1775 4838 quinque
1795 4749 1884 4814 colidei

561 4850 635 4908 inter
658 4850 743 4908 orbes
767 4848 910 4909 coelestes
932 4854 1034 4927 reperi,
1058 4871 1121 4910 sum
1137 4862 1307 4928 auguratus,
1333 4855 1413 4931 quod
1434 4853 1553 4912 firmiter
1569 4851 1665 4909 animo
1687 4844 1812 4926 persuasi
1825 4850 1882 4922 orec,

558 4937 729 5011 priusquam
751 4935 914 4998 Ptolemaei
936 4939 1116 4998 Harmonice
1139 4939 1288 5014 vidissem,
1312 4941 1390 5018 quod
1410 4939 1495 5001 titulo
1518 4939 1584 4998 libri
1607 4935 1694 5011 hujus
1716 4932 1805 5012 quinti
1825 4937 1883 4982 nui·

560 5031 676 5097 cupato,
700 5026 870 5102 prinsquam
892 5025 929 5086 (le
950 5045 982 5086 re
1005 5028 1070 5102 ipsa
1093 5033 1188 5086 certus
1210 5045 1318 5102 essem,
1342 5029 1491 5106 pollicitus
1506 5027 1579 5086 ‘sum
1602 5025 1712 5097 amicis,
1739 5015 1811 5097 quod
1830 5014 1881 5069 aiii

560 5107 687 5168 sedecim
710 5130 804 5172 annos
826 5112 944 5190 publico
967 5117 1075 5190 scripto
1099 5113 1297 5190 quaerendum
1320 5117 1482 5188 inculcavi,
1512 5113 1595 5190 cujus
1619 5127 1725 5169 causa.
1739 5111 1810 5167 ritae
1828 5111 1881 5174 par-

488 5239 492 5244 ·
560 5202 619 5255 tam
650 5201 790 5274 optimam
823 5204 1026 5262 astronomicis
1059 5201 1355 5279 contemplationibus
1385 5201 1530 5280 impendi,
1565 5197 1735 5277 Tychonem
1761 5188 1879 5252 Braneus
