4242 6384
1244 694 1260 741 a

469 796 477 814 '
534 805 598 868 336
1015 791 1164 851 Ptolemaei
1183 748 1404 859 llaritonicorum

532 976 580 1030 illo
600 990 649 1028 suo
667 969 791 1038 subjecto
809 968 972 1038 definiatur,
998 983 1088 1037 neque
1116 968 1270 1034 subjectum
1297 969 1332 1022 ab
1359 967 1500 1022 harmonia
1517 967 1699 1023 essentialiter
1713 971 1846 1032 informetur,

533 1056 581 1110 sed
600 1061 706 1108 tantum
723 1047 933 1105 accidentaliter.
970 1047 1030 1116 Ego
1049 1047 1131 1114 igitur
1149 1047 1238 1114 capite
1257 1047 1279 1098 l.
1299 1045 1361 1100 libri
1379 1046 1430 1100 mei
1449 1045 1494 1099 lV.
1513 1046 1628 1114 ostendi,
1656 1046 1792 1102 harmonias
1806 1067 1847 1106 esse

533 1130 731 1202 proportiones,
749 1129 941 1196 proportiones
959 1141 1022 1179 sero
1041 1141 1103 1179 esse
1122 1126 1218 1178 mentis
1239 1123 1462 1192 comparationes,
1482 1131 1509 1178 et
1528 1124 1567 1178 sic
1585 1139 1632 1178 ens
1652 1125 1768 1181 rationis:
1784 1129 1849 1196 itaque

533 1211 685 1266 harmonias
712 1215 743 1263 ut
759 1206 916 1260 harmoniae
934 1206 961 1258 in
980 1205 1070 1258 anima
1089 1209 1263 1271 comparatio
1281 1203 1385 1269 inesse,
1410 1205 1447 1258 sic
1467 1211 1498 1256 ut
1516 1203 1606 1257 anima
1625 1203 1729 1259 sublata
1744 1205 1852 1260 tamenn
1879 1234 1880 1272 ι

533 1297 635 1358 pereat.
671 1285 784 1340 Ostendi
802 1285 930 1353 amplius,
958 1300 1020 1338 curn
1039 1283 1180 1352 proportio
1199 1281 1233 1334 sit
1254 1282 1280 1334 in
1304 1281 1523 1348 praedicamento
1542 1283 1693 1352 relationis,
1721 1285 1854 1352 duosipni
1879 1277 1880 1348 i

533 1365 632 1434 requiri
650 1366 778 1418 terminos
794 1366 829 1420 ad
848 1363 994 1433 quamlibet
1013 1362 1189 1424 litimonium,
1209 1360 1255 1428 qni
1274 1359 1315 1412 vet
1335 1369 1399 1415 siant
1417 1377 1459 1414 res
1479 1361 1600 1428 seme,
1621 1362 1719 1430 quibus
1736 1365 1855 1418 continetur
1879 1351 1880 1434 i

533 1443 673 1498 hannonis
693 1443 810 1510 sensilis,
821 1428 870 1497 'rel
888 1440 1028 1505 mentales,
1057 1439 1157 1506 quibus
1176 1437 1368 1491 intellectualis
1387 1447 1414 1492 et
1432 1439 1607 1521 archetypien
1626 1441 1761 1494 harmonia
1776 1459 1856 1512 reprae
1879 1439 1880 1508 l

533 1531 667 1576 sentatur.
704 1521 799 1587 Cupite
819 1521 842 1574 2.
861 1520 971 1587 respexi
990 1519 1074 1584 manis
1095 1517 1127 1570 ad
1148 1533 1228 1570 voees
1247 1517 1295 1569 sis
1314 1532 1362 1570 seu
1390 1517 1565 1574 facultasi
1590 1535 1731 1582 enarrans,
1756 1538 1857 1587 quaenam

534 1611 562 1654 et
580 1610 648 1668 qnnt
665 1599 720 1654 sint
739 1599 884 1653 facultates
902 1598 1008 1652 animae
1027 1597 1126 1665 agendi
1145 1595 1186 1650 sel
1206 1594 1326 1664 patiendi
1345 1595 1493 1650 secundum
1512 1595 1677 1650 bannonias.
1707 1597 1816 1666 Denique
1830 1615 1858 1652 ea·

532 1680 590 1749 pite
608 1683 632 1733 3.
653 1675 787 1746 quaesivi,
815 1675 913 1745 quibus
941 1677 968 1729 in
986 1673 1067 1729 rebus
1087 1677 1232 1742 expressae
1253 1673 1307 1726 sint
1323 1673 1407 1726 totius
1426 1673 1544 1727 universi
1563 1673 1724 1730 harmoniae
1741 1691 1784 1731 sen
1799 1693 1858 1745 quon·
1880 1722 1881 1752 ,

533 1759 626 1814 titates
644 1765 724 1824 aptae
743 1753 777 1808 ad
796 1753 1001 1809 constituendos
1020 1751 1150 1806 terminos
1170 1751 1387 1819 propositionum
1405 1751 1631 1807 harmonicorum.
1880 1761 1881 1764 ’

621 1851 770 1917 Postquam
797 1851 881 1918 igitur
905 1849 974 1904 libro
1003 1865 1063 1902 meo
1082 1848 1127 1902 ll'.
1147 1847 1172 1900 iu
1201 1848 1275 1902 horne
1302 1849 1412 1904 modum
1431 1849 1466 1904 ad
1493 1849 1681 1918 quaestionem
1701 1865 1716 1902 a
1734 1851 1860 1904 Ptolemaeo

534 1931 703 1998 propositam
722 1943 755 1982 cx
773 1928 884 1996 propria
902 1929 953 1982 mei
972 1928 1054 1984 animi
1073 1928 1206 1982 sententia
1224 1927 1369 1996 respondi,
1399 1929 1524 1982 nimirum
1551 1928 1663 1996 etquid
1689 1929 1725 1982 sit
1744 1938 1861 1996 utrunque

534 2015 590 2061 tarn
608 2008 748 2076 proportio
766 2005 935 2066 harmonica.
963 2022 1044 2074 quam
1062 2005 1178 2059 fseultus
1198 2003 1367 2074 hermonien,
1391 2014 1418 2060 et
1437 2023 1569 2075 quaenam
1588 2021 1632 2060 res
1651 2020 1716 2061 esse
1733 2009 1825 2075 possint
1839 2009 1863 2058 ai-

535 2085 666 2140 terutn‘us
684 2084 845 2152 participes:
869 2083 925 2152 jain
943 2084 1025 2138 etism
1041 2081 1193 2137 Ptolemaei
1220 2083 1403 2138 resolutiones
1433 2084 1604 2145 examinabo,
1631 2084 1658 2137 iu
1685 2084 1781 2152 quibus
1798 2085 1865 2150 aliqua

534 2164 708 2218 inveniuntur
726 2163 793 2218 meis
811 2163 1033 2231 responsionibus
1058 2169 1253 2228 consentanea,
1273 2178 1327 2214 sion
1347 2177 1433 2229 panos
1451 2163 1485 2216 ab
1503 2163 1536 2218 iis
1555 2163 1677 2228 diverso,
1698 2177 1768 2231 quae
1784 2162 1820 2216 sel
1835 2181 1865 2216 er·

536 2243 683 2312 plicatione
701 2241 744 2293 rel
762 2241 931 2296 correctione
948 2241 1078 2308 indigent,
1098 2239 1141 2294 sel
1160 2241 1248 2302 etiam,
1268 2247 1299 2293 ut
1317 2241 1423 2294 ueritati
1437 2241 1615 2304 adversantia,
1636 2241 1766 2310 reelnrgui
1784 2243 1860 2296 denen
1881 2212 1882 2284 l

590 2404 594 2410 ¹
622 2338 695 2392 Nota
713 2336 746 2390 ll.
782 2335 860 2404 Quod
879 2337 931 2389 sim
951 2337 1048 2390 attinet
1067 2335 1274 2400 vocabulorum,
1294 2353 1345 2390 uox
1365 2343 1488 2392 natura
1505 2337 1707 2394 harmonica
1726 2353 1774 2391 sen
1792 2335 1869 2390 iscul-

537 2421 590 2470 tas
617 2414 824 2468 harmonica
843 2415 929 2482 magis
947 2414 1060 2467 ine-linat
1078 2411 1111 2466 ad
1132 2413 1297 2484 efficientem
1324 2413 1538 2484 harmoniarum,
1567 2424 1594 2471 et
1612 2433 1664 2472 vox
1684 2439 1715 2470 so
1733 2419 1869 2486 ἢρμισμειιι

504 2503 508 2512 ·
536 2494 622 2562 magis
640 2491 675 2547 ad
694 2491 846 2560 subjeetum
864 2493 1027 2546 harmonicis
1045 2485 1267 2560 proportionibus
1286 2501 1451 2547 exornatum.
1472 2493 1593 2562 Utraque
1612 2511 1687 2565 vero,
1706 2501 1762 2548 mm
1781 2493 1870 2546 incultas

536 2571 692 2625 harmonica
720 2585 801 2636 quam
827 2569 982 2638 subjectum
1012 2570 1122 2636 aliquod
1148 2569 1304 2624 harmonice
1323 2579 1572 2639 contemperatum,
1601 2573 1682 2640 plura
1701 2573 1869 2642 complectitur.

537 2667 617 2720 quam
636 2665 724 2704 meras
743 2649 912 2716 harmonias,
932 2647 1037 2706 scilicet
1054 2649 1134 2702 etiam
1154 2647 1208 2702 alia
1226 2649 1369 2702 interualla
1387 2649 1421 2702 ab
1440 2650 1588 2704 harmoniis
1608 2651 1806 2718 dependentis,
1821 2661 1883 2718 qnae

537 2727 695 2798 generaliori
715 2722 779 2780 so'ce
797 2730 965 2783 concinna
983 2727 1118 2781 dicuntur.
1145 2727 1204 2782 lloe
1222 2727 1304 2792 igitur
1322 2725 1388 2782 dicit
1406 2727 1590 2794 Ptolemaeus,
1609 2732 1702 2783 omnia
1721 2745 1776 2782 non
1793 2735 1871 2780 tantun

537 2825 665 2876 consona,
683 2807 732 2861 sed
751 2808 833 2860 etiam
851 2807 992 2873 concinna,
1011 2806 1111 2874 quibus
1130 2813 1237 2860 constat
1256 2805 1375 2859 musicus
1395 2817 1500 2874 cautus,
1520 2807 1621 2860 habere
1641 2823 1709 2862 snas
1730 2817 1815 2862 certas
1830 2823 1870 2874 pr»

538 2887 690 2956 portiones:
719 2893 801 2952 atque
821 2882 848 2938 id
866 2899 921 2936 nou
939 2893 1046 2938 tanatum
1064 2895 1158 2953 patere
1177 2901 1211 2938 en
1231 2884 1461 2939 demonstratione
1481 2885 1598 2939 deducta
1626 2901 1659 2938 ex
1679 2885 1872 2955 praesuppositis

537 2965 730 3036 probahilibus,
749 2963 797 3018 sed
816 2963 950 3017 etiamen
969 2964 1089 3018 sectione
1103 2963 1232 3018 cononica
1245 2979 1294 3017 seu
1312 2964 1431 3032 regidari
1449 2963 1624 3018 monochordi
1644 2971 1671 3017 et
1691 2965 1731 3017 sic
1751 2981 1784 3018 ex
1797 2963 1876 3017 auditu.

538 3049 566 3101 Si
586 3049 657 3100 enirn
676 3045 779 3099 chorda
795 3044 877 3096 fuerit
894 3053 971 3098 secta
988 3044 1060 3099 sicut
1078 3044 1136 3100 vult
1154 3043 1366 3112 demonstratio,
1394 3049 1459 3099 triac
1476 3048 1568 3112 partes
1586 3041 1708 3096 chordae
1727 3051 1817 3097 sectae
1833 3055 1877 3093 eon·

537 3139 644 3190 sonare,
659 3123 752 3190 judice
770 3121 874 3176 auditu.

627 3219 700 3273 Noto
719 3219 767 3271 ill.
804 3217 1006 3272 Probabilis
1033 3217 1216 3287 supposita
1242 3215 1307 3271 dicit
1330 3214 1394 3280 ills,
1422 3217 1495 3284 quod
1514 3220 1642 3274 assumsit
1659 3221 1688 3275 in
1715 3221 1802 3290 primo
1819 3217 1877 3276 libro.

538 3299 600 3352 ilias
619 3296 737 3351 chordas
755 3312 913 3365 consonare,
934 3313 1003 3364 quae
1016 3297 1229 3352 determinentur
1240 3295 1367 3360 numeris,
1389 3304 1415 3349 et
1428 3296 1520 3364 primis
1534 3299 1677 3366 speciebus
1692 3299 1878 3368 proportionum

539 3373 735 3431 numeralium,
754 3374 858 3428 scilicet
875 3375 1036 3443 multiplici,
1054 3375 1296 3444 superparticulari
1315 3383 1342 3428 et
1361 3377 1586 3442 superpartiente.
1624 3379 1660 3430 at
1679 3391 1733 3442 ego
1753 3376 1818 3428 haee
1834 3391 1879 3439 sup

539 3453 630 3522 posits
647 3451 763 3508 refutavi
780 3452 849 3507 libro
867 3453 921 3506 mei
939 3454 1028 3520 operis
1048 3455 1138 3519 tertio,
1157 3461 1184 3507 ct
1203 3459 1298 3508 contra
1316 3455 1417 3522 protuli
1437 3453 1490 3507 alia
1509 3456 1651 3523 supposita
1668 3453 1828 3522 probabilia,
1845 3453 1879 3502 sn·

539 3532 604 3585 licet
620 3529 682 3584 illas
700 3530 828 3600 chordas,
856 3545 926 3598 quae
946 3547 975 3583 se
995 3530 1096 3584 habeut
1113 3539 1143 3584 ut
1162 3539 1254 3600 partes
1273 3531 1380 3597 circuli,
1401 3533 1581 3601 pertigentem
1600 3532 1840 3586 demonstrabilem
1856 3529 1882 3580 di·

539 3609 597 3664 risi.
634 3609 709 3676 Quae
728 3610 810 3676 igitur
835 3609 879 3663 hie
897 3610 1071 3667 Ptolemaeus
1089 3610 1123 3663 de
1150 3609 1315 3666 sectionibus
1343 3611 1399 3664 suis
1428 3613 1563 3665 canonicis
1592 3610 1752 3678 semiplenis
1778 3611 1883 3668 attinnt

541 3687 636 3740 eadem
665 3701 715 3755 ego
735 3694 762 3740 et
780 3685 865 3742 multo
883 3690 983 3741 rectius
1003 3689 1036 3742 dc
1054 3703 1115 3742 mea
1134 3687 1279 3758 septuplici
1298 3689 1418 3744 sectione
1442 3702 1554 3758 possum
1573 3689 1726 3756 affirmare,
1756 3689 1818 3756 quia
1835 3683 1884 3738 nihi

540 3763 670 3818 instantia
687 3764 763 3818 trulla
780 3771 872 3835 potest
889 3765 990 3820 afferri.

628 3874 817 3950 Consequens
842 3885 887 3936 est
908 3886 1016 3950 autem,
1040 3885 1072 3935 ut
1092 3879 1198 3952 siquis
1222 3879 1279 3935 ista
1302 3877 1531 3936 coiisideraierit
1552 3885 1674 3950 attente,
1699 3881 1803 3938 statim
1826 3878 1847 3932 is
1865 3873 1884 3928 ia

544 3961 767 4022 adsentationem
789 3964 875 4023 inerit
898 3975 1013 4042 raptus,
1047 3967 1072 4022 si
1097 3965 1271 4041 cujusquam
1295 3983 1330 4023 ex
1353 3967 1440 4024 rebus
1465 3965 1681 4040 pulcherrimis,
1716 3975 1796 4026 certe
1818 3979 1884 4022 cum·

544 4053 644 4124 pristis
668 4053 757 4110 etiam
779 4050 867 4126 hujus
890 4051 1076 4112 harmonicae
1099 4052 1262 4112 facultatis:
1287 4053 1395 4128 quippe
1412 4071 1499 4126 quani
1525 4051 1717 4128 deprehendit
1742 4054 1829 4124 louge
1849 4065 1884 4105 ra·

541 4137 764 4197 tionalissitnam
787 4135 849 4218 1V),
884 4141 1081 4198 invenientem
1111 4148 1139 4197 et
1163 4141 1388 4198 constituentem
1422 4142 1582 4214 specierum
1605 4141 1793 4216 propriarum
1817 4137 1884 4194 ditis-

542 4228 651 4282 rentias
685 4243 774 4300 quam
807 4223 1087 4306 accuratissimevb
1120 4243 1178 4301 quo
1203 4226 1369 4298 intellecto,
1400 4225 1491 4284 veltrti
1523 4225 1616 4283 divini
1640 4229 1780 4286 incensus
1804 4237 1884 4282 anion

543 4315 722 4389 concupiscit
743 4315 849 4372 intueri
872 4321 901 4370 ct
924 4312 1047 4373 lustrare
1070 4331 1163 4388 genus
1185 4313 1258 4371 illud
1282 4331 1385 4385 rernm,
1409 4315 1464 4370 sub
1492 4313 1571 4388 qnod
1596 4314 1721 4372 iabnltas
1746 4317 1804 4372 ista
1825 4311 1884 4367 rete-

541 4410 629 4471 ratur,
654 4406 684 4457 et
705 4416 775 4458 num
792 4403 924 4474 quasint
946 4399 1006 4459 alia
1028 4403 1057 4457 in
1082 4399 1137 4460 hoe
1154 4401 1352 4458 ursiversitatis
1369 4401 1479 4458 anibitu
1502 4403 1661 4475 cognitioni
1685 4411 1805 4461 nostrae
1827 4398 1884 4456 sub·

538 4487 635 4560 jecta,
660 4487 768 4560 quibus
790 4485 842 4544 illa
864 4503 996 4545 connexa
1018 4489 1058 4546 sit
1080 4497 1169 4562 atque
1193 4497 1318 4562 cogente
1342 4482 1395 4566 W).

628 4603 766 4658 NotaIV.
802 4603 1020 4657 Facultatem
1046 4604 1341 4659 harmonicainoit
1367 4603 1692 4659 rationalissimam.
1737 4601 1791 4656 Hic
1818 4595 1884 4652 ιιιιιΙ

521 4730 524 4738 ,
542 4679 612 4736 feste
630 4681 754 4749 disputat
772 4681 806 4734 de
824 4681 954 4735 iactiltate
973 4682 1086 4748 animae,
1107 4695 1136 4736 ut
1157 4683 1198 4737 cui
1211 4683 1352 4752 rationem,
1372 4683 1551 4735 inventionem
1572 4679 1830 4748 dispositionemque
1848 4690 1884 4726 ιιι

541 4760 762 4814 constitutionem
780 4761 882 4814 tn'hait.
920 4762 964 4816 Sic
982 4769 1073 4816 tanen
1092 4778 1121 4816 se
1140 4769 1296 4830 comparat.
1323 4781 1353 4814 nc
1374 4762 1572 4830 si'loqneretur
1591 4761 1623 4813 dc
1642 4773 1672 4812 re
1689 4759 1783 4828 aliqua
1801 4773 1846 4825 per
1863 4767 1884 4803 ee

543 4840 716 4906 subsistente,
735 4840 849 4894 rationis
860 4849 993 4909 compote,
1012 4855 1145 4908 suspensa
1161 4841 1217 4908 jam
1230 4841 1277 4894 illa
1290 4841 1457 4907 quaestione,
1476 4837 1547 4890 sitne
1559 4837 1606 4890 illa
1623 4837 1695 4891 idem
1708 4837 1783 4905 quod
1802 4835 1884 4888 anime.

543 4931 578 4972 tn
596 4917 670 4972 aliud
689 4917 791 4986 aliquid
808 4926 918 4986 praeter
936 4920 1052 4974 animam
1080 4927 1108 4972 et
1125 4921 1230 4972 ratione
1248 4935 1304 4970 rem
1323 4920 1358 4972 ab
1378 4916 1590 4970 eei-distinctam.
1628 4915 1665 4968 Et
1683 4929 1733 4968 nos
1752 4929 1810 4981 cap.
1828 4915 1847 4964 Ἀ
1864 4917 1884 4958 at

543 4995 568 5050 7.
587 4994 650 5051 libri
667 4997 714 5050 IV.
734 5003 762 5050 et
779 4994 807 5050 iu
833 4997 941 5065 epilogo
959 4997 1021 5051 libri
1039 4997 1072 5050 V.
1091 4996 1224 5064 diximus,
1251 4996 1324 5048 illurn
1345 5009 1405 5048 esse
1434 5002 1461 5048 et
1479 4993 1553 5060 ipsas
1572 4993 1675 5048 animas
1693 4993 1841 5054 humanas,
1864 4996 1884 5036 et

543 5074 756 5130 aninmmaham
773 5084 882 5143 praeter
899 5076 1049 5143 humanas,
1076 5075 1216 5132 sublunari
1233 5075 1335 5128 rasindo
1361 5073 1528 5142 praelectam
1546 5077 1574 5124 et
1592 5070 1709 5124 animam
1727 5071 1778 5124 toti
1797 5065 1884 5121 mundo

542 5154 716 5224 praelectam,
734 5155 814 5224 caius
830 5155 860 5209 in
878 5155 941 5210 Sole
959 5157 1047 5225 sedes,
1067 5160 1098 5209 ut
1115 5161 1158 5209 est
1174 5153 1308 5210 humanas
1327 5154 1435 5220 animae,
1450 5153 1476 5207 in
1496 5147 1767 5220 coelestemque
1785 5148 1883 5201 Deum

543 5247 675 5303 ipsam.
