<?xml version="1.0" encoding="UTF-8"?>
<!DOCTYPE html PUBLIC "-//W3C//DTD XHTML 1.0 Transitional//EN"
    "http://www.w3.org/TR/xhtml1/DTD/xhtml1-transitional.dtd">
<html xmlns="http://www.w3.org/1999/xhtml" xml:lang="en" lang="en">
 <head>
  <title>
</title>
<meta http-equiv="Content-Type" content="text/html;charset=utf-8" />
  <meta name='ocr-system' content='tesseract 3.04.00' />
  <meta name='ocr-capabilities' content='ocr_page ocr_carea ocr_par ocr_line ocrx_word'/>
</head>
<body>
  <div class='ocr_page' id='page_1' title='image "./joanniskepleria20frisgoog/joanniskepleria20frisgoog_0458.png"; bbox 0 0 4242 6384; ppageno 0'>
   <div class='ocr_carea' id='block_1_1' title="bbox 528 763 1401 836">
    <p class='ocr_par' dir='ltr' id='par_1_1' title="bbox 528 763 1401 836">
     <span class='ocr_line' id='line_1_1' title="bbox 528 763 1401 836; baseline -0.007 -10"><span class='ocrx_word' id='word_1_1' title='bbox 528 767 592 828; x_wconf 88' lang='grc'>444</span> <span class='ocrx_word' id='word_1_2' title='bbox 995 763 1163 836; x_wconf 74' lang='lat' dir='ltr'>appendicis</span> <span class='ocrx_word' id='word_1_3' title='bbox 1177 765 1401 827; x_wconf 79' lang='lat' dir='ltr'>Harmonieorum</span> 
     </span>
    </p>
   </div>
   <div class='ocr_carea' id='block_1_2' title="bbox 475 939 1877 5302">
    <p class='ocr_par' dir='ltr' id='par_1_2' title="bbox 526 939 1868 1110">
     <span class='ocr_line' id='line_1_2' title="bbox 527 939 1866 1018; baseline 0.003 -18"><span class='ocrx_word' id='word_1_4' title='bbox 527 941 668 1002; x_wconf 83' lang='lat' dir='ltr'>concinna</span> <span class='ocrx_word' id='word_1_5' title='bbox 697 939 845 1002; x_wconf 88' lang='lat' dir='ltr'>dirldatur</span> <span class='ocrx_word' id='word_1_6' title='bbox 874 947 903 1002; x_wconf 90' lang='lat' dir='ltr'>et</span> <span class='ocrx_word' id='word_1_7' title='bbox 932 942 1086 1018; x_wconf 86' lang='lat' dir='ltr'>quaelibet</span> <span class='ocrx_word' id='word_1_8' title='bbox 1113 943 1317 1006; x_wconf 69' lang='lat' dir='ltr'><strong>denominatur</strong></span> <span class='ocrx_word' id='word_1_9' title='bbox 1345 963 1364 1006; x_wconf 88' lang='lat' dir='ltr'>a</span> <span class='ocrx_word' id='word_1_10' title='bbox 1393 963 1515 1006; x_wconf 89' lang='lat' dir='ltr'>numero</span> <span class='ocrx_word' id='word_1_11' title='bbox 1546 947 1771 1014; x_wconf 74' lang='lat' dir='ltr'>mocianum,</span> <span class='ocrx_word' id='word_1_12' title='bbox 1801 959 1866 1018; x_wconf 82' lang='lat' dir='ltr'>quac</span> 
     </span>
     <span class='ocr_line' id='line_1_3' title="bbox 526 1030 1868 1110; baseline 0.002 -25"><span class='ocrx_word' id='word_1_13' title='bbox 526 1030 629 1105; x_wconf 89' lang='lat' dir='ltr'>recipit</span> <span class='ocrx_word' id='word_1_14' title='bbox 651 1031 764 1091; x_wconf 83' lang='lat' dir='ltr'>unitate</span> <span class='ocrx_word' id='word_1_15' title='bbox 786 1037 882 1100; x_wconf 85' lang='lat' dir='ltr'>auctu,</span> <span class='ocrx_word' id='word_1_16' title='bbox 906 1031 976 1105; x_wconf 90' lang='lat' dir='ltr'>quia</span> <span class='ocrx_word' id='word_1_17' title='bbox 999 1048 1053 1107; x_wconf 92' lang='lat' dir='ltr'>pro</span> <span class='ocrx_word' id='word_1_18' title='bbox 1075 1033 1238 1092; x_wconf 82' lang='lat' dir='ltr'>intervallis</span> <span class='ocrx_word' id='word_1_19' title='bbox 1261 1036 1399 1094; x_wconf 85' lang='lat' dir='ltr'>terminos</span> <span class='ocrx_word' id='word_1_20' title='bbox 1428 1035 1541 1094; x_wconf 70' lang='lat' dir='ltr'>uniute</span> <span class='ocrx_word' id='word_1_21' title='bbox 1562 1032 1660 1110; x_wconf 90' lang='lat' dir='ltr'>plures</span> <span class='ocrx_word' id='word_1_22' title='bbox 1683 1047 1868 1090; x_wconf 84' lang='lat' dir='ltr'>numeramur.</span> 
     </span>
    </p>

    <p class='ocr_par' dir='ltr' id='par_1_3' title="bbox 526 1115 1874 1805">
     <span class='ocr_line' id='line_1_4' title="bbox 613 1115 1869 1196; baseline -0.002 -22"><span class='ocrx_word' id='word_1_23' title='bbox 613 1116 679 1188; x_wconf 83' lang='lat' dir='ltr'>Hir,</span> <span class='ocrx_word' id='word_1_24' title='bbox 703 1118 809 1192; x_wconf 79' lang='lat' dir='ltr'>inquis,</span> <span class='ocrx_word' id='word_1_25' title='bbox 833 1115 1027 1182; x_wconf 67' lang='lat' dir='ltr'>consideratis</span> <span class='ocrx_word' id='word_1_26' title='bbox 1049 1136 1133 1178; x_wconf 86' lang='lat' dir='ltr'>more</span> <span class='ocrx_word' id='word_1_27' title='bbox 1154 1125 1341 1196; x_wconf 68' lang='lat' dir='ltr'>emmetriao.</span> <span class='ocrx_word' id='word_1_28' title='bbox 1386 1119 1603 1196; x_wconf 75' lang='lat' dir='ltr'>Ogeouretrcc</span> <span class='ocrx_word' id='word_1_29' title='bbox 1626 1121 1803 1188; x_wconf 76' lang='lat' dir='ltr'>concurrite,</span> <span class='ocrx_word' id='word_1_30' title='bbox 1830 1120 1869 1172; x_wconf 90' lang='lat' dir='ltr'>in-</span> 
     </span>
     <span class='ocr_line' id='line_1_5' title="bbox 527 1203 1871 1286; baseline -0.001 -24"><span class='ocrx_word' id='word_1_31' title='bbox 527 1203 641 1279; x_wconf 87' lang='lat' dir='ltr'>quirite,</span> <span class='ocrx_word' id='word_1_32' title='bbox 664 1205 688 1262; x_wconf 89' lang='lat' dir='ltr'>si</span> <span class='ocrx_word' id='word_1_33' title='bbox 713 1205 869 1278; x_wconf 89' lang='lat' dir='ltr'>qnisquam</span> <span class='ocrx_word' id='word_1_34' title='bbox 891 1221 907 1264; x_wconf 90' lang='lat' dir='ltr'>c</span> <span class='ocrx_word' id='word_1_35' title='bbox 930 1214 1026 1264; x_wconf 88' lang='lat' dir='ltr'>vestro</span> <span class='ocrx_word' id='word_1_36' title='bbox 1051 1221 1170 1266; x_wconf 86' lang='lat' dir='ltr'>numero</span> <span class='ocrx_word' id='word_1_37' title='bbox 1192 1210 1239 1278; x_wconf 88' lang='lat' dir='ltr'>sit,</span> <span class='ocrx_word' id='word_1_38' title='bbox 1263 1211 1312 1284; x_wconf 92' lang='lat' dir='ltr'>qul</span> <span class='ocrx_word' id='word_1_39' title='bbox 1335 1208 1557 1286; x_wconf 73' lang='lat' dir='ltr'>praecedentem</span> <span class='ocrx_word' id='word_1_40' title='bbox 1572 1207 1695 1266; x_wconf 85' lang='lat' dir='ltr'>Roberti</span> <span class='ocrx_word' id='word_1_41' title='bbox 1720 1207 1871 1264; x_wconf 83' lang='lat' dir='ltr'>orationem</span> 
     </span>
     <span class='ocr_line' id='line_1_6' title="bbox 527 1289 1873 1372; baseline 0.001 -24"><span class='ocrx_word' id='word_1_42' title='bbox 527 1289 680 1364; x_wconf 75' lang='lat' dir='ltr'>intelligat</span> <span class='ocrx_word' id='word_1_43' title='bbox 726 1291 830 1363; x_wconf 83' lang='lat' dir='ltr'>Putet,</span> <span class='ocrx_word' id='word_1_44' title='bbox 859 1293 983 1351; x_wconf 86' lang='lat' dir='ltr'>minora</span> <span class='ocrx_word' id='word_1_45' title='bbox 1005 1295 1171 1353; x_wconf 76' lang='lat' dir='ltr'>interuallo</span> <span class='ocrx_word' id='word_1_46' title='bbox 1193 1313 1251 1354; x_wconf 82' lang='lat' dir='ltr'>erce</span> <span class='ocrx_word' id='word_1_47' title='bbox 1272 1298 1431 1372; x_wconf 79' lang='lat' dir='ltr'>simplicia.</span> <span class='ocrx_word' id='word_1_48' title='bbox 1476 1295 1538 1356; x_wconf 89' lang='lat' dir='ltr'>Nec</span> <span class='ocrx_word' id='word_1_49' title='bbox 1567 1295 1624 1354; x_wconf 91' lang='lat' dir='ltr'>boc</span> <span class='ocrx_word' id='word_1_50' title='bbox 1650 1302 1736 1371; x_wconf 85' lang='lat' dir='ltr'>patet</span> <span class='ocrx_word' id='word_1_51' title='bbox 1762 1310 1798 1350; x_wconf 87' lang='lat' dir='ltr'>ex</span> <span class='ocrx_word' id='word_1_52' title='bbox 1823 1294 1873 1350; x_wconf 82' lang='lat' dir='ltr'>tuis</span> 
     </span>
     <span class='ocr_line' id='line_1_7' title="bbox 527 1377 1874 1459; baseline -0.001 -21"><span class='ocrx_word' id='word_1_53' title='bbox 527 1377 827 1450; x_wconf 75' lang='lat' dir='ltr'>considerationibus,</span> <span class='ocrx_word' id='word_1_54' title='bbox 857 1395 910 1438; x_wconf 84' lang='lat' dir='ltr'>nac</span> <span class='ocrx_word' id='word_1_55' title='bbox 933 1395 988 1454; x_wconf 84' lang='lat' dir='ltr'>ego</span> <span class='ocrx_word' id='word_1_56' title='bbox 1011 1384 1119 1455; x_wconf 82' lang='lat' dir='ltr'>negavi</span> <span class='ocrx_word' id='word_1_57' title='bbox 1142 1397 1286 1458; x_wconf 88' lang='lat' dir='ltr'>uuquam,</span> <span class='ocrx_word' id='word_1_58' title='bbox 1315 1392 1428 1459; x_wconf 77' lang='lat' dir='ltr'>purtem</span> <span class='ocrx_word' id='word_1_59' title='bbox 1451 1383 1603 1444; x_wconf 70' lang='lat' dir='ltr'>iormdem</span> <span class='ocrx_word' id='word_1_60' title='bbox 1632 1399 1699 1440; x_wconf 87' lang='lat' dir='ltr'>ease</span> <span class='ocrx_word' id='word_1_61' title='bbox 1721 1377 1874 1454; x_wconf 88' lang='lat' dir='ltr'>simplicio-</span> 
     </span>
     <span class='ocr_line' id='line_1_8' title="bbox 526 1463 1874 1548; baseline 0.001 -26"><span class='ocrx_word' id='word_1_62' title='bbox 526 1483 587 1526; x_wconf 85' lang='lat' dir='ltr'>rem</span> <span class='ocrx_word' id='word_1_63' title='bbox 611 1473 672 1524; x_wconf 88' lang='lat' dir='ltr'>tuto</span> <span class='ocrx_word' id='word_1_64' title='bbox 695 1482 766 1538; x_wconf 84' lang='lat' dir='ltr'>ruo,</span> <span class='ocrx_word' id='word_1_65' title='bbox 797 1463 848 1524; x_wconf 85' lang='lat' dir='ltr'>sad</span> <span class='ocrx_word' id='word_1_66' title='bbox 872 1463 928 1524; x_wconf 90' lang='lat' dir='ltr'>hoc</span> <span class='ocrx_word' id='word_1_67' title='bbox 950 1465 1050 1526; x_wconf 86' lang='lat' dir='ltr'>docui:</span> <span class='ocrx_word' id='word_1_68' title='bbox 1080 1467 1229 1544; x_wconf 78' lang='lat' dir='ltr'>simplices</span> <span class='ocrx_word' id='word_1_69' title='bbox 1251 1470 1306 1530; x_wconf 85' lang='lat' dir='ltr'>has</span> <span class='ocrx_word' id='word_1_70' title='bbox 1329 1477 1442 1548; x_wconf 79' lang='lat' dir='ltr'>partes,</span> <span class='ocrx_word' id='word_1_71' title='bbox 1474 1488 1549 1547; x_wconf 83' lang='lat' dir='ltr'>quae</span> <span class='ocrx_word' id='word_1_72' title='bbox 1571 1471 1721 1528; x_wconf 87' lang='lat' dir='ltr'>concinna</span> <span class='ocrx_word' id='word_1_73' title='bbox 1752 1466 1874 1534; x_wconf 82' lang='lat' dir='ltr'>dicimus,</span> 
     </span>
     <span class='ocr_line' id='line_1_9' title="bbox 527 1552 1874 1632; baseline 0 -20"><span class='ocrx_word' id='word_1_74' title='bbox 527 1562 590 1612; x_wconf 88' lang='lat' dir='ltr'>ortu</span> <span class='ocrx_word' id='word_1_75' title='bbox 620 1555 796 1630; x_wconf 79' lang='lat' dir='ltr'>posteriores</span> <span class='ocrx_word' id='word_1_76' title='bbox 826 1569 889 1612; x_wconf 81' lang='lat' dir='ltr'>ease</span> <span class='ocrx_word' id='word_1_77' title='bbox 919 1555 1118 1614; x_wconf 87' lang='lat' dir='ltr'>consonantiis</span> <span class='ocrx_word' id='word_1_78' title='bbox 1148 1559 1235 1632; x_wconf 83' lang='lat' dir='ltr'>ipsis,</span> <span class='ocrx_word' id='word_1_79' title='bbox 1266 1560 1308 1618; x_wconf 87' lang='lat' dir='ltr'>ita</span> <span class='ocrx_word' id='word_1_80' title='bbox 1330 1566 1362 1616; x_wconf 90' lang='lat' dir='ltr'>nt</span> <span class='ocrx_word' id='word_1_81' title='bbox 1391 1560 1616 1628; x_wconf 72' lang='lat' dir='ltr'>consonantiae,</span> <span class='ocrx_word' id='word_1_82' title='bbox 1648 1571 1743 1615; x_wconf 83' lang='lat' dir='ltr'>causa</span> <span class='ocrx_word' id='word_1_83' title='bbox 1766 1552 1874 1628; x_wconf 87' lang='lat' dir='ltr'>quidem</span> 
     </span>
     <span class='ocr_line' id='line_1_10' title="bbox 526 1639 1874 1717; baseline -0.002 -17"><span class='ocrx_word' id='word_1_84' title='bbox 526 1658 597 1700; x_wconf 88' lang='lat' dir='ltr'>suae</span> <span class='ocrx_word' id='word_1_85' title='bbox 620 1642 801 1716; x_wconf 80' lang='lat' dir='ltr'>quantitatis,</span> <span class='ocrx_word' id='word_1_86' title='bbox 825 1655 882 1697; x_wconf 92' lang='lat' dir='ltr'>non</span> <span class='ocrx_word' id='word_1_87' title='bbox 906 1657 996 1700; x_wconf 75' lang='lat' dir='ltr'>caum</span> <span class='ocrx_word' id='word_1_88' title='bbox 1019 1641 1179 1717; x_wconf 79' lang='lat' dir='ltr'>qualitatis,</span> <span class='ocrx_word' id='word_1_89' title='bbox 1203 1647 1231 1702; x_wconf 94' lang='lat' dir='ltr'>in</span> <span class='ocrx_word' id='word_1_90' title='bbox 1255 1644 1307 1704; x_wconf 89' lang='lat' dir='ltr'>illa</span> <span class='ocrx_word' id='word_1_91' title='bbox 1329 1647 1473 1704; x_wconf 85' lang='lat' dir='ltr'>concinna</span> <span class='ocrx_word' id='word_1_92' title='bbox 1495 1653 1602 1704; x_wconf 81' lang='grc'><strong>1111111111</strong></span> <span class='ocrx_word' id='word_1_93' title='bbox 1620 1642 1697 1702; x_wconf 88' lang='lat' dir='ltr'>duce</span> <span class='ocrx_word' id='word_1_94' title='bbox 1712 1639 1874 1700; x_wconf 82' lang='lat' dir='ltr'>dissolvan-</span> 
     </span>
     <span class='ocr_line' id='line_1_11' title="bbox 528 1721 1429 1805; baseline -0.007 -17"><span class='ocrx_word' id='word_1_95' title='bbox 528 1737 649 1788; x_wconf 84' lang='lat' dir='ltr'>tarsen</span> <span class='ocrx_word' id='word_1_96' title='bbox 673 1723 948 1805; x_wconf 69' lang='lat' dir='ltr'>distinguantur-⁸⁰)</span> <span class='ocrx_word' id='word_1_97' title='bbox 1040 1721 1044 1730; x_wconf 91' lang='lat'>&#39;</span> <span class='ocrx_word' id='word_1_98' title='bbox 1425 1787 1429 1795; x_wconf 32' lang='lat'><strong><em>¹</em></strong></span> 
     </span>
    </p>

    <p class='ocr_par' dir='ltr' id='par_1_4' title="bbox 526 1811 1877 2597">
     <span class='ocr_line' id='line_1_12' title="bbox 613 1811 1875 1894; baseline 0 -22"><span class='ocrx_word' id='word_1_99' title='bbox 613 1813 691 1888; x_wconf 86' lang='lat' dir='ltr'>Quid</span> <span class='ocrx_word' id='word_1_100' title='bbox 715 1832 771 1889; x_wconf 82' lang='lat' dir='ltr'>ego</span> <span class='ocrx_word' id='word_1_101' title='bbox 794 1831 872 1894; x_wconf 84' lang='lat' dir='ltr'>rrupc</span> <span class='ocrx_word' id='word_1_102' title='bbox 894 1811 990 1874; x_wconf 88' lang='lat' dir='ltr'>dicam</span> <span class='ocrx_word' id='word_1_103' title='bbox 1014 1813 1281 1892; x_wconf 84' lang='lat' dir='ltr'>decequentibus,</span> <span class='ocrx_word' id='word_1_104' title='bbox 1305 1819 1355 1878; x_wconf 93' lang='lat' dir='ltr'>ubi</span> <span class='ocrx_word' id='word_1_105' title='bbox 1378 1818 1472 1878; x_wconf 89' lang='lat' dir='ltr'>videri</span> <span class='ocrx_word' id='word_1_106' title='bbox 1496 1818 1578 1891; x_wconf 89' lang='lat' dir='ltr'>dicis,</span> <span class='ocrx_word' id='word_1_107' title='bbox 1602 1817 1680 1878; x_wconf 82' lang='lat' dir='ltr'>banc</span> <span class='ocrx_word' id='word_1_108' title='bbox 1704 1833 1774 1877; x_wconf 84' lang='lat' dir='ltr'>ease</span> <span class='ocrx_word' id='word_1_109' title='bbox 1796 1817 1875 1874; x_wconf 83' lang='lat' dir='ltr'>ratio·</span> 
     </span>
     <span class='ocr_line' id='line_1_13' title="bbox 527 1901 1876 1982; baseline 0 -24"><span class='ocrx_word' id='word_1_110' title='bbox 527 1918 594 1959; x_wconf 83' lang='lat' dir='ltr'>nrm</span> <span class='ocrx_word' id='word_1_111' title='bbox 619 1919 713 1961; x_wconf 87' lang='lat' dir='ltr'>meam</span> <span class='ocrx_word' id='word_1_112' title='bbox 736 1901 935 1977; x_wconf 81' lang='lat' dir='ltr'>productionis</span> <span class='ocrx_word' id='word_1_113' title='bbox 959 1904 1166 1962; x_wconf 87' lang='lat' dir='ltr'>concinnorum</span> <span class='ocrx_word' id='word_1_114' title='bbox 1189 1921 1208 1962; x_wconf 87' lang='lat' dir='ltr'>a</span> <span class='ocrx_word' id='word_1_115' title='bbox 1230 1909 1376 1979; x_wconf 85' lang='lat' dir='ltr'>consonis,</span> <span class='ocrx_word' id='word_1_116' title='bbox 1402 1905 1482 1982; x_wconf 92' lang='lat' dir='ltr'>quod</span> <span class='ocrx_word' id='word_1_117' title='bbox 1505 1907 1617 1965; x_wconf 85' lang='lat' dir='ltr'>scilicet</span> <span class='ocrx_word' id='word_1_118' title='bbox 1640 1905 1754 1964; x_wconf 86' lang='lat' dir='ltr'>cubum</span> <span class='ocrx_word' id='word_1_119' title='bbox 1778 1920 1876 1978; x_wconf 77' lang='lat' dir='ltr'>agnos·</span> 
     </span>
     <span class='ocr_line' id='line_1_14' title="bbox 527 1987 1876 2069; baseline 0 -22"><span class='ocrx_word' id='word_1_120' title='bbox 527 2005 591 2047; x_wconf 83' lang='lat' dir='ltr'>carn</span> <span class='ocrx_word' id='word_1_121' title='bbox 615 1991 834 2064; x_wconf 82' lang='lat' dir='ltr'>primigenium.</span> <span class='ocrx_word' id='word_1_122' title='bbox 864 1987 952 2062; x_wconf 90' lang='lat' dir='ltr'>idque</span> <span class='ocrx_word' id='word_1_123' title='bbox 974 1989 1050 2048; x_wconf 92' lang='lat' dir='ltr'>libro</span> <span class='ocrx_word' id='word_1_124' title='bbox 1075 1989 1110 2048; x_wconf 90' lang='lat' dir='ltr'>V.</span> <span class='ocrx_word' id='word_1_125' title='bbox 1156 1991 1203 2049; x_wconf 79' lang='lat' dir='ltr'>An</span> <span class='ocrx_word' id='word_1_126' title='bbox 1226 2001 1272 2052; x_wconf 88' lang='lat' dir='ltr'>est</span> <span class='ocrx_word' id='word_1_127' title='bbox 1297 1992 1359 2052; x_wconf 89' lang='lat' dir='ltr'>ulla</span> <span class='ocrx_word' id='word_1_128' title='bbox 1387 1997 1482 2069; x_wconf 81' lang='lat' dir='ltr'>magis</span> <span class='ocrx_word' id='word_1_129' title='bbox 1511 1995 1612 2068; x_wconf 84' lang='lat' dir='ltr'>iniqua</span> <span class='ocrx_word' id='word_1_130' title='bbox 1639 1995 1797 2068; x_wconf 74' lang='lat' dir='ltr'>perversio</span> <span class='ocrx_word' id='word_1_131' title='bbox 1820 2007 1876 2047; x_wconf 84' lang='lat' dir='ltr'>rer·</span> 
     </span>
     <span class='ocr_line' id='line_1_15' title="bbox 527 2074 1877 2153; baseline -0.003 -19"><span class='ocrx_word' id='word_1_132' title='bbox 527 2077 644 2142; x_wconf 83' lang='lat' dir='ltr'>bornnr,</span> <span class='ocrx_word' id='word_1_133' title='bbox 676 2077 772 2152; x_wconf 90' lang='lat' dir='ltr'>scopi,</span> <span class='ocrx_word' id='word_1_134' title='bbox 808 2074 962 2136; x_wconf 83' lang='lat' dir='ltr'>methodii</span> <span class='ocrx_word' id='word_1_135' title='bbox 1007 2076 1088 2152; x_wconf 84' lang='lat' dir='ltr'>Quid</span> <span class='ocrx_word' id='word_1_136' title='bbox 1115 2079 1190 2136; x_wconf 90' lang='lat' dir='ltr'>cubo</span> <span class='ocrx_word' id='word_1_137' title='bbox 1223 2099 1290 2140; x_wconf 88' lang='lat' dir='ltr'>cum</span> <span class='ocrx_word' id='word_1_138' title='bbox 1319 2091 1384 2139; x_wconf 88' lang='lat' dir='ltr'>ortu</span> <span class='ocrx_word' id='word_1_139' title='bbox 1419 2078 1651 2140; x_wconf 79' lang='lat' dir='ltr'>concinnornmi</span> <span class='ocrx_word' id='word_1_140' title='bbox 1698 2077 1782 2153; x_wconf 89' lang='lat' dir='ltr'>Quid</span> <span class='ocrx_word' id='word_1_141' title='bbox 1812 2077 1877 2134; x_wconf 86' lang='lat' dir='ltr'>libro</span> 
     </span>
     <span class='ocr_line' id='line_1_16' title="bbox 527 2161 1876 2244; baseline -0.002 -22"><span class='ocrx_word' id='word_1_142' title='bbox 527 2179 591 2222; x_wconf 87' lang='lat' dir='ltr'>meo</span> <span class='ocrx_word' id='word_1_143' title='bbox 615 2161 652 2236; x_wconf 90' lang='lat' dir='ltr'>V,</span> <span class='ocrx_word' id='word_1_144' title='bbox 676 2163 726 2222; x_wconf 90' lang='lat' dir='ltr'>ubi</span> <span class='ocrx_word' id='word_1_145' title='bbox 749 2165 890 2224; x_wconf 82' lang='lat' dir='ltr'>nrusioanr</span> <span class='ocrx_word' id='word_1_146' title='bbox 914 2165 941 2220; x_wconf 90' lang='lat' dir='ltr'>in</span> <span class='ocrx_word' id='word_1_147' title='bbox 966 2165 1066 2224; x_wconf 87' lang='lat' dir='ltr'>coelos</span> <span class='ocrx_word' id='word_1_148' title='bbox 1089 2165 1208 2236; x_wconf 86' lang='lat' dir='ltr'>induco,</span> <span class='ocrx_word' id='word_1_149' title='bbox 1237 2185 1303 2227; x_wconf 88' lang='lat' dir='ltr'>eum</span> <span class='ocrx_word' id='word_1_150' title='bbox 1325 2167 1401 2226; x_wconf 91' lang='lat' dir='ltr'>libro</span> <span class='ocrx_word' id='word_1_151' title='bbox 1425 2169 1485 2244; x_wconf 83' lang='grc' dir='ltr'><strong>ΙΙΙ,</strong></span> <span class='ocrx_word' id='word_1_152' title='bbox 1515 2168 1565 2224; x_wconf 93' lang='lat' dir='ltr'>ubi</span> <span class='ocrx_word' id='word_1_153' title='bbox 1588 2168 1735 2226; x_wconf 84' lang='lat' dir='ltr'>musicam</span> <span class='ocrx_word' id='word_1_154' title='bbox 1767 2183 1803 2224; x_wconf 84' lang='lat' dir='ltr'>ex</span> <span class='ocrx_word' id='word_1_155' title='bbox 1825 2165 1876 2220; x_wconf 84' lang='lat' dir='ltr'>suis</span> 
     </span>
     <span class='ocr_line' id='line_1_17' title="bbox 527 2247 1877 2331; baseline 0 -23"><span class='ocrx_word' id='word_1_156' title='bbox 527 2251 674 2327; x_wconf 88' lang='lat' dir='ltr'>principiis</span> <span class='ocrx_word' id='word_1_157' title='bbox 697 2251 809 2326; x_wconf 69' lang='lat' dir='ltr'>gigno?</span> <span class='ocrx_word' id='word_1_158' title='bbox 855 2247 991 2322; x_wconf 86' lang='lat' dir='ltr'>Omnino,</span> <span class='ocrx_word' id='word_1_159' title='bbox 1016 2251 1154 2324; x_wconf 84' lang='lat' dir='ltr'>Robcrte,</span> <span class='ocrx_word' id='word_1_160' title='bbox 1178 2255 1230 2314; x_wconf 88' lang='lat' dir='ltr'>tibi</span> <span class='ocrx_word' id='word_1_161' title='bbox 1255 2257 1322 2331; x_wconf 87' lang='lat' dir='ltr'>quis</span> <span class='ocrx_word' id='word_1_162' title='bbox 1345 2255 1444 2314; x_wconf 84' lang='lat' dir='ltr'>credat</span> <span class='ocrx_word' id='word_1_163' title='bbox 1466 2253 1654 2327; x_wconf 87' lang='lat' dir='ltr'>methodum,</span> <span class='ocrx_word' id='word_1_164' title='bbox 1676 2255 1705 2322; x_wconf 87' lang='lat' dir='ltr'>si</span> <span class='ocrx_word' id='word_1_165' title='bbox 1727 2255 1801 2328; x_wconf 87' lang='lat' dir='ltr'>quis</span> <span class='ocrx_word' id='word_1_166' title='bbox 1823 2267 1877 2308; x_wconf 83' lang='lat' dir='ltr'>me·</span> 
     </span>
     <span class='ocr_line' id='line_1_18' title="bbox 527 2335 1873 2421; baseline -0.001 -25"><span class='ocrx_word' id='word_1_167' title='bbox 527 2335 650 2396; x_wconf 89' lang='lat' dir='ltr'>thodum</span> <span class='ocrx_word' id='word_1_168' title='bbox 673 2338 748 2397; x_wconf 81' lang='lat' dir='ltr'>berre</span> <span class='ocrx_word' id='word_1_169' title='bbox 771 2343 900 2396; x_wconf 72' lang='lat' dir='ltr'>carratam</span> <span class='ocrx_word' id='word_1_170' title='bbox 924 2337 1018 2396; x_wconf 81' lang='lat' dir='ltr'>veliti</span> <span class='ocrx_word' id='word_1_171' title='bbox 1063 2337 1147 2421; x_wconf 84' lang='lat' dir='ltr'>Quae</span> <span class='ocrx_word' id='word_1_172' title='bbox 1169 2341 1258 2415; x_wconf 79' lang='lat' dir='ltr'>igitur</span> <span class='ocrx_word' id='word_1_173' title='bbox 1281 2351 1314 2401; x_wconf 92' lang='lat' dir='ltr'>tu</span> <span class='ocrx_word' id='word_1_174' title='bbox 1335 2345 1595 2402; x_wconf 76' lang='lat' dir='ltr'>consecrationem</span> <span class='ocrx_word' id='word_1_175' title='bbox 1617 2341 1695 2400; x_wconf 88' lang='lat' dir='ltr'>hanc</span> <span class='ocrx_word' id='word_1_176' title='bbox 1720 2339 1801 2398; x_wconf 83' lang='lat' dir='ltr'>laleo</span> <span class='ocrx_word' id='word_1_177' title='bbox 1815 2337 1873 2396; x_wconf 85' lang='lat' dir='ltr'>nubi</span> 
     </span>
     <span class='ocr_line' id='line_1_19' title="bbox 526 2425 1875 2508; baseline -0.002 -24"><span class='ocrx_word' id='word_1_178' title='bbox 526 2425 663 2486; x_wconf 85' lang='lat' dir='ltr'>tributam</span> <span class='ocrx_word' id='word_1_179' title='bbox 687 2425 827 2502; x_wconf 70' lang='lat' dir='ltr'>dispectus,</span> <span class='ocrx_word' id='word_1_180' title='bbox 852 2441 888 2484; x_wconf 89' lang='lat' dir='ltr'>ea</span> <span class='ocrx_word' id='word_1_181' title='bbox 910 2429 1076 2486; x_wconf 80' lang='lat' dir='ltr'>transmitto</span> <span class='ocrx_word' id='word_1_182' title='bbox 1099 2427 1165 2484; x_wconf 86' lang='lat' dir='ltr'>aliis</span> <span class='ocrx_word' id='word_1_183' title='bbox 1189 2429 1377 2503; x_wconf 76' lang='lat' dir='ltr'>emuticndu,</span> <span class='ocrx_word' id='word_1_184' title='bbox 1402 2431 1511 2508; x_wconf 83' lang='lat' dir='ltr'>quippe</span> <span class='ocrx_word' id='word_1_185' title='bbox 1534 2431 1571 2487; x_wconf 91' lang='lat' dir='ltr'>iis</span> <span class='ocrx_word' id='word_1_186' title='bbox 1593 2427 1665 2486; x_wconf 89' lang='lat' dir='ltr'>mihi</span> <span class='ocrx_word' id='word_1_187' title='bbox 1687 2444 1792 2503; x_wconf 89' lang='lat' dir='ltr'>neque</span> <span class='ocrx_word' id='word_1_188' title='bbox 1813 2427 1875 2484; x_wconf 83' lang='lat' dir='ltr'>seri·</span> 
     </span>
     <span class='ocr_line' id='line_1_20' title="bbox 526 2514 1388 2597; baseline 0 -25"><span class='ocrx_word' id='word_1_189' title='bbox 526 2519 573 2572; x_wconf 93' lang='lat' dir='ltr'>tur</span> <span class='ocrx_word' id='word_1_190' title='bbox 595 2514 690 2587; x_wconf 82' lang='lat' dir='ltr'>neque</span> <span class='ocrx_word' id='word_1_191' title='bbox 712 2515 838 2572; x_wconf 88' lang='lat' dir='ltr'>metitur.</span> <span class='ocrx_word' id='word_1_192' title='bbox 1223 2563 1231 2572; x_wconf 87' lang='lat'><em>.</em></span> <span class='ocrx_word' id='word_1_193' title='bbox 1380 2584 1388 2597; x_wconf 91' lang='lat'><strong>.</strong></span> 
     </span>
    </p>

    <p class='ocr_par' dir='ltr' id='par_1_5' title="bbox 523 2598 1874 2848">
     <span class='ocr_line' id='line_1_21' title="bbox 615 2598 1873 2678; baseline -0.005 -20"><span class='ocrx_word' id='word_1_194' title='bbox 615 2598 752 2676; x_wconf 86' lang='lat' dir='ltr'>Sequitur</span> <span class='ocrx_word' id='word_1_195' title='bbox 774 2599 853 2658; x_wconf 87' lang='lat' dir='ltr'>linea</span> <span class='ocrx_word' id='word_1_196' title='bbox 880 2599 928 2658; x_wconf 83' lang='lat' dir='ltr'>lb.</span> <span class='ocrx_word' id='word_1_197' title='bbox 946 2615 987 2674; x_wconf 47' lang='lat' dir='ltr'>,en</span> <span class='ocrx_word' id='word_1_198' title='bbox 1010 2615 1099 2675; x_wconf 90' lang='lat' dir='ltr'>puro,</span> <span class='ocrx_word' id='word_1_199' title='bbox 1123 2608 1157 2659; x_wconf 89' lang='lat' dir='ltr'>ut</span> <span class='ocrx_word' id='word_1_200' title='bbox 1178 2603 1232 2674; x_wconf 89' lang='lat' dir='ltr'>ais,</span> <span class='ocrx_word' id='word_1_201' title='bbox 1255 2613 1377 2664; x_wconf 85' lang='lat' dir='ltr'>naturae</span> <span class='ocrx_word' id='word_1_202' title='bbox 1399 2603 1478 2662; x_wconf 87' lang='lat' dir='ltr'>lonte</span> <span class='ocrx_word' id='word_1_203' title='bbox 1495 2602 1685 2678; x_wconf 77' lang='lat' dir='ltr'>longissimus</span> <span class='ocrx_word' id='word_1_204' title='bbox 1703 2599 1873 2662; x_wconf 84' lang='lat' dir='ltr'>inductionis</span> 
     </span>
     <span class='ocr_line' id='line_1_22' title="bbox 525 2687 1874 2768; baseline 0.003 -26"><span class='ocrx_word' id='word_1_205' title='bbox 525 2687 605 2744; x_wconf 84' lang='lat' dir='ltr'>rivus</span> <span class='ocrx_word' id='word_1_206' title='bbox 624 2705 676 2762; x_wconf 90' lang='lat' dir='ltr'>per</span> <span class='ocrx_word' id='word_1_207' title='bbox 696 2695 756 2758; x_wconf 82' lang='lat' dir='ltr'>tres</span> <span class='ocrx_word' id='word_1_208' title='bbox 779 2687 911 2762; x_wconf 76' lang='lat' dir='ltr'>paginas,</span> <span class='ocrx_word' id='word_1_209' title='bbox 935 2687 1019 2762; x_wconf 88' lang='lat' dir='ltr'>cujus</span> <span class='ocrx_word' id='word_1_210' title='bbox 1043 2690 1139 2746; x_wconf 84' lang='lat' dir='ltr'>exitus</span> <span class='ocrx_word' id='word_1_211' title='bbox 1162 2707 1227 2766; x_wconf 76' lang='lat' dir='ltr'>pag.</span> <span class='ocrx_word' id='word_1_212' title='bbox 1249 2693 1308 2750; x_wconf 80' lang='lat' dir='ltr'>ut:</span> <span class='ocrx_word' id='word_1_213' title='bbox 1329 2691 1453 2768; x_wconf 70' lang='lat' dir='ltr'>tieriin</span> <span class='ocrx_word' id='word_1_214' title='bbox 1467 2691 1675 2753; x_wconf 56' lang='lat' dir='ltr'>contonam</span> <span class='ocrx_word' id='word_1_215' title='bbox 1693 2689 1874 2764; x_wconf 75' lang='lat' dir='ltr'>proprecric·</span> 
     </span>
     <span class='ocr_line' id='line_1_23' title="bbox 523 2774 1429 2848; baseline 0.007 -17"><span class='ocrx_word' id='word_1_216' title='bbox 523 2791 593 2832; x_wconf 84' lang='lat' dir='ltr'>nern</span> <span class='ocrx_word' id='word_1_217' title='bbox 616 2793 637 2835; x_wconf 87' lang='lat' dir='ltr'>u</span> <span class='ocrx_word' id='word_1_218' title='bbox 658 2777 771 2834; x_wconf 79' lang='lat' dir='ltr'>mircori</span> <span class='ocrx_word' id='word_1_219' title='bbox 794 2774 835 2832; x_wconf 88' lang='lat' dir='ltr'>ud</span> <span class='ocrx_word' id='word_1_220' title='bbox 855 2775 969 2848; x_wconf 72' lang='lat' dir='ltr'>maius,</span> <span class='ocrx_word' id='word_1_221' title='bbox 992 2792 1056 2835; x_wconf 87' lang='lat' dir='ltr'>non</span> <span class='ocrx_word' id='word_1_222' title='bbox 1078 2793 1099 2833; x_wconf 87' lang='lat' dir='ltr'>u</span> <span class='ocrx_word' id='word_1_223' title='bbox 1120 2778 1234 2848; x_wconf 82' lang='lat' dir='ltr'>majori</span> <span class='ocrx_word' id='word_1_224' title='bbox 1254 2777 1297 2836; x_wconf 88' lang='lat' dir='ltr'>ud</span> <span class='ocrx_word' id='word_1_225' title='bbox 1317 2781 1429 2837; x_wconf 84' lang='lat' dir='ltr'>minut.</span> 
     </span>
    </p>

    <p class='ocr_par' dir='ltr' id='par_1_6' title="bbox 475 2854 1874 4778">
     <span class='ocr_line' id='line_1_24' title="bbox 613 2854 1872 2940; baseline -0.003 -20"><span class='ocrx_word' id='word_1_226' title='bbox 613 2854 651 2920; x_wconf 90' lang='lat' dir='ltr'>Ut</span> <span class='ocrx_word' id='word_1_227' title='bbox 674 2863 760 2936; x_wconf 79' lang='lat' dir='ltr'>igitur</span> <span class='ocrx_word' id='word_1_228' title='bbox 783 2879 801 2920; x_wconf 84' lang='lat' dir='ltr'>a</span> <span class='ocrx_word' id='word_1_229' title='bbox 824 2859 1010 2920; x_wconf 89' lang='lat' dir='ltr'>conclusione</span> <span class='ocrx_word' id='word_1_230' title='bbox 1034 2863 1115 2936; x_wconf 91' lang='lat' dir='ltr'>prius</span> <span class='ocrx_word' id='word_1_231' title='bbox 1138 2865 1284 2940; x_wconf 83' lang='lat' dir='ltr'>incipiam,</span> <span class='ocrx_word' id='word_1_232' title='bbox 1310 2867 1398 2928; x_wconf 83' lang='lat' dir='ltr'>velim</span> <span class='ocrx_word' id='word_1_233' title='bbox 1422 2874 1453 2924; x_wconf 89' lang='lat' dir='ltr'>te</span> <span class='ocrx_word' id='word_1_234' title='bbox 1467 2865 1646 2938; x_wconf 73' lang='lat' dir='ltr'>meminisse,</span> <span class='ocrx_word' id='word_1_235' title='bbox 1667 2862 1814 2934; x_wconf 80' lang='lat' dir='ltr'>Boberte,</span> <span class='ocrx_word' id='word_1_236' title='bbox 1836 2875 1872 2916; x_wconf 79' lang='lat' dir='ltr'>mr</span> 
     </span>
     <span class='ocr_line' id='line_1_25' title="bbox 523 2945 1872 3028; baseline 0.001 -24"><span class='ocrx_word' id='word_1_237' title='bbox 523 2945 589 3022; x_wconf 90' lang='lat' dir='ltr'>boe,</span> <span class='ocrx_word' id='word_1_238' title='bbox 614 2948 693 3024; x_wconf 89' lang='lat' dir='ltr'>qued</span> <span class='ocrx_word' id='word_1_239' title='bbox 716 2957 747 3008; x_wconf 88' lang='lat' dir='ltr'>tu</span> <span class='ocrx_word' id='word_1_240' title='bbox 771 2947 928 3020; x_wconf 89' lang='lat' dir='ltr'>concludis,</span> <span class='ocrx_word' id='word_1_241' title='bbox 952 2965 1048 3024; x_wconf 79' lang='lat' dir='ltr'>neque</span> <span class='ocrx_word' id='word_1_242' title='bbox 1071 2966 1195 3024; x_wconf 82' lang='lat' dir='ltr'>negasse</span> <span class='ocrx_word' id='word_1_243' title='bbox 1219 2969 1314 3028; x_wconf 80' lang='lat' dir='ltr'>ireque</span> <span class='ocrx_word' id='word_1_244' title='bbox 1336 2953 1514 3026; x_wconf 82' lang='lat' dir='ltr'>altirmasse3</span> <span class='ocrx_word' id='word_1_245' title='bbox 1540 2949 1593 3012; x_wconf 86' lang='lat' dir='ltr'>sed</span> <span class='ocrx_word' id='word_1_246' title='bbox 1617 2950 1675 3010; x_wconf 90' lang='lat' dir='ltr'>hoc</span> <span class='ocrx_word' id='word_1_247' title='bbox 1698 2950 1789 3022; x_wconf 91' lang='lat' dir='ltr'>dico,</span> <span class='ocrx_word' id='word_1_248' title='bbox 1812 2964 1872 3008; x_wconf 88' lang='lat' dir='ltr'>oon·</span> 
     </span>
     <span class='ocr_line' id='line_1_26' title="bbox 524 3036 1872 3116; baseline -0.001 -23"><span class='ocrx_word' id='word_1_249' title='bbox 524 3039 684 3106; x_wconf 84' lang='lat' dir='ltr'>sonantius,</span> <span class='ocrx_word' id='word_1_250' title='bbox 710 3038 903 3112; x_wconf 84' lang='lat' dir='ltr'>quantitatem</span> <span class='ocrx_word' id='word_1_251' title='bbox 926 3036 1081 3116; x_wconf 75' lang='lat' dir='ltr'>majorem,</span> <span class='ocrx_word' id='word_1_252' title='bbox 1105 3037 1217 3096; x_wconf 89' lang='lat' dir='ltr'>deliniri</span> <span class='ocrx_word' id='word_1_253' title='bbox 1239 3041 1339 3113; x_wconf 88' lang='lat' dir='ltr'>prius,</span> <span class='ocrx_word' id='word_1_254' title='bbox 1362 3043 1507 3100; x_wconf 82' lang='lat' dir='ltr'>correinne</span> <span class='ocrx_word' id='word_1_255' title='bbox 1528 3037 1704 3108; x_wconf 71' lang='lat' dir='ltr'>hibernalis,</span> <span class='ocrx_word' id='word_1_256' title='bbox 1731 3045 1767 3094; x_wconf 90' lang='lat' dir='ltr'>ut</span> <span class='ocrx_word' id='word_1_257' title='bbox 1790 3051 1872 3110; x_wconf 86' lang='lat' dir='ltr'>quau·</span> 
     </span>
     <span class='ocr_line' id='line_1_27' title="bbox 524 3123 1874 3203; baseline -0.004 -24"><span class='ocrx_word' id='word_1_258' title='bbox 524 3125 624 3182; x_wconf 86' lang='lat' dir='ltr'>titates</span> <span class='ocrx_word' id='word_1_259' title='bbox 644 3125 788 3196; x_wconf 88' lang='lat' dir='ltr'>minores,</span> <span class='ocrx_word' id='word_1_260' title='bbox 823 3123 935 3181; x_wconf 90' lang='lat' dir='ltr'>deliniri</span> <span class='ocrx_word' id='word_1_261' title='bbox 958 3125 1121 3199; x_wconf 85' lang='lat' dir='ltr'>posterius,</span> <span class='ocrx_word' id='word_1_262' title='bbox 1152 3126 1267 3188; x_wconf 83' lang='lat' dir='ltr'>scilicet</span> <span class='ocrx_word' id='word_1_263' title='bbox 1289 3143 1341 3202; x_wconf 88' lang='lat' dir='ltr'>per</span> <span class='ocrx_word' id='word_1_264' title='bbox 1362 3130 1492 3203; x_wconf 89' lang='lat' dir='ltr'>ipsarum</span> <span class='ocrx_word' id='word_1_265' title='bbox 1523 3125 1789 3185; x_wconf 85' lang='lat' dir='ltr'>consonantiarum</span> <span class='ocrx_word' id='word_1_266' title='bbox 1813 3125 1874 3180; x_wconf 85' lang='lat' dir='ltr'>iuter</span> 
     </span>
     <span class='ocr_line' id='line_1_28' title="bbox 525 3209 1873 3291; baseline -0.001 -25"><span class='ocrx_word' id='word_1_267' title='bbox 525 3227 556 3268; x_wconf 89' lang='lat' dir='ltr'>sa</span> <span class='ocrx_word' id='word_1_268' title='bbox 579 3213 836 3286; x_wconf 88' lang='lat' dir='ltr'>comparationem.</span> <span class='ocrx_word' id='word_1_269' title='bbox 883 3209 1006 3280; x_wconf 85' lang='lat' dir='ltr'>Definiri</span> <span class='ocrx_word' id='word_1_270' title='bbox 1029 3219 1129 3270; x_wconf 88' lang='lat' dir='ltr'>autem</span> <span class='ocrx_word' id='word_1_271' title='bbox 1154 3213 1300 3274; x_wconf 90' lang='lat' dir='ltr'>hocloco</span> <span class='ocrx_word' id='word_1_272' title='bbox 1324 3225 1369 3273; x_wconf 87' lang='lat' dir='ltr'>est</span> <span class='ocrx_word' id='word_1_273' title='bbox 1391 3213 1486 3287; x_wconf 90' lang='lat' dir='ltr'>idem,</span> <span class='ocrx_word' id='word_1_274' title='bbox 1517 3212 1747 3291; x_wconf 84' lang='lat' dir='ltr'>quodinduere</span> <span class='ocrx_word' id='word_1_275' title='bbox 1777 3219 1873 3270; x_wconf 80' lang='lat' dir='ltr'>certam</span> 
     </span>
     <span class='ocr_line' id='line_1_29' title="bbox 524 3295 1873 3374; baseline -0.004 -20"><span class='ocrx_word' id='word_1_276' title='bbox 524 3298 715 3372; x_wconf 80' lang='lat' dir='ltr'>qualitatum,</span> <span class='ocrx_word' id='word_1_277' title='bbox 745 3315 822 3374; x_wconf 88' lang='lat' dir='ltr'>quae</span> <span class='ocrx_word' id='word_1_278' title='bbox 845 3299 883 3356; x_wconf 90' lang='grc'>111</span> <span class='ocrx_word' id='word_1_279' title='bbox 904 3295 1100 3372; x_wconf 86' lang='lat' dir='ltr'>jucunditatis</span> <span class='ocrx_word' id='word_1_280' title='bbox 1123 3302 1153 3358; x_wconf 91' lang='lat' dir='ltr'>in</span> <span class='ocrx_word' id='word_1_281' title='bbox 1176 3299 1278 3360; x_wconf 87' lang='lat' dir='ltr'>auditu</span> <span class='ocrx_word' id='word_1_282' title='bbox 1302 3318 1402 3373; x_wconf 77' lang='lat' dir='ltr'>causa.</span> <span class='ocrx_word' id='word_1_283' title='bbox 1445 3300 1517 3360; x_wconf 86' lang='lat' dir='ltr'>Jam</span> <span class='ocrx_word' id='word_1_284' title='bbox 1547 3309 1599 3361; x_wconf 89' lang='lat' dir='ltr'>tua</span> <span class='ocrx_word' id='word_1_285' title='bbox 1620 3299 1673 3363; x_wconf 81' lang='lat' dir='ltr'>illa</span> <span class='ocrx_word' id='word_1_286' title='bbox 1695 3297 1873 3356; x_wconf 85' lang='lat' dir='ltr'>ratiocinatio</span> 
     </span>
     <span class='ocr_line' id='line_1_30' title="bbox 525 3383 1873 3460; baseline -0.001 -20"><span class='ocrx_word' id='word_1_287' title='bbox 525 3401 593 3442; x_wconf 52' lang='lat' dir='ltr'>non,</span> <span class='ocrx_word' id='word_1_288' title='bbox 608 3383 730 3446; x_wconf 79' lang='lat' dir='ltr'>refertur</span> <span class='ocrx_word' id='word_1_289' title='bbox 757 3384 793 3442; x_wconf 87' lang='lat' dir='ltr'>ad</span> <span class='ocrx_word' id='word_1_290' title='bbox 818 3383 975 3460; x_wconf 82' lang='lat' dir='ltr'>qualitates</span> <span class='ocrx_word' id='word_1_291' title='bbox 998 3385 1103 3458; x_wconf 78' lang='lat' dir='ltr'>hasce,</span> <span class='ocrx_word' id='word_1_292' title='bbox 1135 3388 1187 3446; x_wconf 90' lang='lat' dir='ltr'>sed</span> <span class='ocrx_word' id='word_1_293' title='bbox 1218 3388 1256 3446; x_wconf 88' lang='lat' dir='ltr'>ad</span> <span class='ocrx_word' id='word_1_294' title='bbox 1279 3387 1336 3448; x_wconf 91' lang='lat' dir='ltr'>hoc</span> <span class='ocrx_word' id='word_1_295' title='bbox 1365 3388 1478 3448; x_wconf 84' lang='lat' dir='ltr'>solum:</span> <span class='ocrx_word' id='word_1_296' title='bbox 1511 3390 1538 3446; x_wconf 86' lang='lat' dir='ltr'>si</span> <span class='ocrx_word' id='word_1_297' title='bbox 1565 3387 1642 3446; x_wconf 85' lang='lat' dir='ltr'>dnae</span> <span class='ocrx_word' id='word_1_298' title='bbox 1663 3385 1797 3445; x_wconf 84' lang='lat' dir='ltr'>chordae</span> <span class='ocrx_word' id='word_1_299' title='bbox 1826 3385 1873 3439; x_wconf 87' lang='lat' dir='ltr'>siut</span> 
     </span>
     <span class='ocr_line' id='line_1_31' title="bbox 525 3470 1874 3548; baseline -0.004 -18"><span class='ocrx_word' id='word_1_300' title='bbox 525 3471 690 3547; x_wconf 87' lang='lat' dir='ltr'>aequaliter</span> <span class='ocrx_word' id='word_1_301' title='bbox 713 3481 812 3532; x_wconf 86' lang='lat' dir='ltr'>tensae</span> <span class='ocrx_word' id='word_1_302' title='bbox 836 3488 993 3547; x_wconf 87' lang='lat' dir='ltr'>earumque</span> <span class='ocrx_word' id='word_1_303' title='bbox 1017 3470 1219 3536; x_wconf 77' lang='lat' dir='ltr'>alterasonet</span> <span class='ocrx_word' id='word_1_304' title='bbox 1240 3475 1407 3540; x_wconf 82' lang='lat' dir='ltr'>invariabili</span> <span class='ocrx_word' id='word_1_305' title='bbox 1420 3493 1510 3546; x_wconf 63' lang='lat' dir='ltr'>&#39;sono,</span> <span class='ocrx_word' id='word_1_306' title='bbox 1533 3475 1647 3548; x_wconf 79' lang='lat' dir='ltr'>reliqua</span> <span class='ocrx_word' id='word_1_307' title='bbox 1669 3476 1748 3532; x_wconf 85' lang='lat' dir='ltr'>inter</span> <span class='ocrx_word' id='word_1_308' title='bbox 1761 3471 1874 3548; x_wconf 84' lang='lat' dir='ltr'>pulsen-</span> 
     </span>
     <span class='ocr_line' id='line_1_32' title="bbox 527 3557 1872 3640; baseline -0.002 -24"><span class='ocrx_word' id='word_1_309' title='bbox 527 3557 597 3618; x_wconf 88' lang='lat' dir='ltr'>dum</span> <span class='ocrx_word' id='word_1_310' title='bbox 622 3563 788 3620; x_wconf 82' lang='lat' dir='ltr'>successive</span> <span class='ocrx_word' id='word_1_311' title='bbox 811 3561 958 3622; x_wconf 84' lang='lat' dir='ltr'>minuatur</span> <span class='ocrx_word' id='word_1_312' title='bbox 979 3557 1070 3638; x_wconf 91' lang='lat' dir='ltr'>(quod</span> <span class='ocrx_word' id='word_1_313' title='bbox 1094 3570 1139 3620; x_wconf 90' lang='lat' dir='ltr'>cst</span> <span class='ocrx_word' id='word_1_314' title='bbox 1161 3569 1259 3631; x_wconf 64' lang='lat' dir='ltr'>ruthe</span> <span class='ocrx_word' id='word_1_315' title='bbox 1289 3560 1544 3640; x_wconf 82' lang='lat' dir='ltr'>quantitativum),</span> <span class='ocrx_word' id='word_1_316' title='bbox 1576 3569 1647 3620; x_wconf 88' lang='lat' dir='ltr'>tune</span> <span class='ocrx_word' id='word_1_317' title='bbox 1668 3559 1808 3636; x_wconf 86' lang='lat' dir='ltr'>quidem,</span> <span class='ocrx_word' id='word_1_318' title='bbox 1837 3557 1872 3613; x_wconf 82' lang='lat' dir='ltr'>h&#39;u</span> 
     </span>
     <span class='ocr_line' id='line_1_33' title="bbox 526 3648 1873 3726; baseline -0.001 -20"><span class='ocrx_word' id='word_1_319' title='bbox 526 3648 641 3722; x_wconf 88' lang='lat' dir='ltr'>positis,</span> <span class='ocrx_word' id='word_1_320' title='bbox 667 3655 852 3718; x_wconf 84' lang='lat' dir='ltr'>rerum-cst,</span> <span class='ocrx_word' id='word_1_321' title='bbox 876 3648 989 3704; x_wconf 87' lang='lat' dir='ltr'>transiri</span> <span class='ocrx_word' id='word_1_322' title='bbox 1013 3649 1253 3716; x_wconf 80' lang='lat' dir='ltr'>omniaminima</span> <span class='ocrx_word' id='word_1_323' title='bbox 1270 3649 1432 3710; x_wconf 84' lang='lat' dir='ltr'>intervella</span> <span class='ocrx_word' id='word_1_324' title='bbox 1454 3653 1607 3721; x_wconf 82' lang='lat' dir='ltr'>concinna,</span> <span class='ocrx_word' id='word_1_325' title='bbox 1632 3651 1807 3726; x_wconf 85' lang='lat' dir='ltr'>priusquam</span> <span class='ocrx_word' id='word_1_326' title='bbox 1829 3660 1873 3699; x_wconf 79' lang='lat' dir='ltr'>rr·</span> 
     </span>
     <span class='ocr_line' id='line_1_34' title="bbox 526 3733 1871 3810; baseline -0.001 -20"><span class='ocrx_word' id='word_1_327' title='bbox 526 3736 626 3794; x_wconf 88' lang='lat' dir='ltr'>niatur</span> <span class='ocrx_word' id='word_1_328' title='bbox 648 3733 685 3792; x_wconf 88' lang='lat' dir='ltr'>ad</span> <span class='ocrx_word' id='word_1_329' title='bbox 710 3735 824 3794; x_wconf 87' lang='lat' dir='ltr'>tertium</span> <span class='ocrx_word' id='word_1_330' title='bbox 847 3734 1003 3802; x_wconf 87' lang='lat' dir='ltr'>minorem,</span> <span class='ocrx_word' id='word_1_331' title='bbox 1035 3745 1179 3810; x_wconf 81' lang='lat' dir='ltr'>quaeest</span> <span class='ocrx_word' id='word_1_332' title='bbox 1207 3739 1327 3796; x_wconf 86' lang='lat' dir='ltr'>minima</span> <span class='ocrx_word' id='word_1_333' title='bbox 1350 3739 1615 3798; x_wconf 82' lang='lat' dir='ltr'>consonantiarum.</span> <span class='ocrx_word' id='word_1_334' title='bbox 1661 3736 1702 3793; x_wconf 77' lang='lat' dir='ltr'>At</span> <span class='ocrx_word' id='word_1_335' title='bbox 1732 3735 1759 3792; x_wconf 87' lang='lat' dir='ltr'>si</span> <span class='ocrx_word' id='word_1_336' title='bbox 1783 3749 1871 3792; x_wconf 89' lang='lat' dir='ltr'>casuu</span> 
     </span>
     <span class='ocr_line' id='line_1_35' title="bbox 526 3819 1871 3901; baseline -0.004 -23"><span class='ocrx_word' id='word_1_337' title='bbox 526 3821 636 3899; x_wconf 79' lang='lat' dir='ltr'>lingere</span> <span class='ocrx_word' id='word_1_338' title='bbox 659 3821 741 3894; x_wconf 88' lang='lat' dir='ltr'>licet,</span> <span class='ocrx_word' id='word_1_339' title='bbox 770 3821 879 3896; x_wconf 73' lang='lat' dir='ltr'>fingam</span> <span class='ocrx_word' id='word_1_340' title='bbox 903 3837 959 3897; x_wconf 82' lang='lat' dir='ltr'>ego</span> <span class='ocrx_word' id='word_1_341' title='bbox 982 3825 1173 3884; x_wconf 88' lang='lat' dir='ltr'>contrarium:</span> <span class='ocrx_word' id='word_1_342' title='bbox 1202 3841 1298 3900; x_wconf 90' lang='lat' dir='ltr'>neque</span> <span class='ocrx_word' id='word_1_343' title='bbox 1325 3828 1402 3884; x_wconf 86' lang='lat' dir='ltr'>enim</span> <span class='ocrx_word' id='word_1_344' title='bbox 1424 3827 1521 3884; x_wconf 85' lang='lat' dir='ltr'>miuus</span> <span class='ocrx_word' id='word_1_345' title='bbox 1543 3824 1651 3901; x_wconf 83' lang='lat' dir='ltr'>poterit</span> <span class='ocrx_word' id='word_1_346' title='bbox 1678 3821 1775 3881; x_wconf 85' lang='lat' dir='ltr'>altera</span> <span class='ocrx_word' id='word_1_347' title='bbox 1797 3819 1871 3878; x_wconf 88' lang='lat' dir='ltr'>chor·</span> 
     </span>
     <span class='ocr_line' id='line_1_36' title="bbox 526 3907 1870 3987; baseline -0.01 -15"><span class='ocrx_word' id='word_1_348' title='bbox 526 3909 628 3972; x_wconf 89' lang='lat' dir='ltr'>durum</span> <span class='ocrx_word' id='word_1_349' title='bbox 651 3911 818 3970; x_wconf 84' lang='lat' dir='ltr'>sonantium</span> <span class='ocrx_word' id='word_1_350' title='bbox 841 3910 930 3968; x_wconf 88' lang='lat' dir='ltr'>etiem</span> <span class='ocrx_word' id='word_1_351' title='bbox 953 3912 1053 3983; x_wconf 79' lang='lat' dir='ltr'>augeri</span> <span class='ocrx_word' id='word_1_352' title='bbox 1077 3914 1253 3985; x_wconf 77' lang='lat' dir='ltr'>succensire,</span> <span class='ocrx_word' id='word_1_353' title='bbox 1278 3915 1362 3971; x_wconf 85' lang='lat' dir='ltr'>initio</span> <span class='ocrx_word' id='word_1_354' title='bbox 1386 3913 1464 3972; x_wconf 89' lang='lat' dir='ltr'>lecto</span> <span class='ocrx_word' id='word_1_355' title='bbox 1487 3931 1506 3971; x_wconf 90' lang='lat' dir='ltr'>a</span> <span class='ocrx_word' id='word_1_356' title='bbox 1527 3919 1646 3987; x_wconf 88' lang='lat' dir='ltr'>puncto,</span> <span class='ocrx_word' id='word_1_357' title='bbox 1669 3907 1800 3968; x_wconf 86' lang='lat' dir='ltr'>chordae</span> <span class='ocrx_word' id='word_1_358' title='bbox 1822 3918 1870 3962; x_wconf 86' lang='lat' dir='ltr'>ter·</span> 
     </span>
     <span class='ocr_line' id='line_1_37' title="bbox 525 3991 1869 4073; baseline -0.004 -17"><span class='ocrx_word' id='word_1_359' title='bbox 525 3991 619 4073; x_wconf 71' lang='lat' dir='ltr'>mino,</span> <span class='ocrx_word' id='word_1_360' title='bbox 650 4005 709 4073; x_wconf 89' lang='lat' dir='ltr'>quo</span> <span class='ocrx_word' id='word_1_361' title='bbox 731 3998 828 4073; x_wconf 89' lang='lat' dir='ltr'>posito</span> <span class='ocrx_word' id='word_1_362' title='bbox 851 4005 1003 4072; x_wconf 89' lang='lat' dir='ltr'>sequetur,</span> <span class='ocrx_word' id='word_1_363' title='bbox 1035 4004 1068 4055; x_wconf 90' lang='lat' dir='ltr'>ut</span> <span class='ocrx_word' id='word_1_364' title='bbox 1097 4000 1246 4058; x_wconf 86' lang='lat' dir='ltr'>minimum</span> <span class='ocrx_word' id='word_1_365' title='bbox 1275 4003 1483 4061; x_wconf 80' lang='lat' dir='ltr'>concinnorrun</span> <span class='ocrx_word' id='word_1_366' title='bbox 1512 3994 1622 4057; x_wconf 79' lang='lat' dir='ltr'>ultimo·</span> <span class='ocrx_word' id='word_1_367' title='bbox 1646 3999 1780 4054; x_wconf 87' lang='lat' dir='ltr'>omnium</span> <span class='ocrx_word' id='word_1_368' title='bbox 1810 4008 1869 4051; x_wconf 85' lang='lat' dir='ltr'>cou-</span> 
     </span>
     <span class='ocr_line' id='line_1_38' title="bbox 525 4081 1868 4164; baseline -0.009 -20"><span class='ocrx_word' id='word_1_369' title='bbox 525 4085 647 4145; x_wconf 88' lang='lat' dir='ltr'>liciatur.</span> <span class='ocrx_word' id='word_1_370' title='bbox 678 4085 796 4159; x_wconf 89' lang='lat' dir='ltr'>.Neque</span> <span class='ocrx_word' id='word_1_371' title='bbox 820 4091 916 4142; x_wconf 81' lang='lat' dir='ltr'>tamen</span> <span class='ocrx_word' id='word_1_372' title='bbox 941 4085 1069 4156; x_wconf 88' lang='lat' dir='ltr'>interest,</span> <span class='ocrx_word' id='word_1_373' title='bbox 1093 4101 1189 4161; x_wconf 88' lang='lat' dir='ltr'>neque</span> <span class='ocrx_word' id='word_1_374' title='bbox 1211 4087 1259 4146; x_wconf 92' lang='lat' dir='ltr'>hic</span> <span class='ocrx_word' id='word_1_375' title='bbox 1280 4105 1375 4164; x_wconf 90' lang='lat' dir='ltr'>neque</span> <span class='ocrx_word' id='word_1_376' title='bbox 1399 4088 1467 4159; x_wconf 87' lang='lat' dir='ltr'>illic,</span> <span class='ocrx_word' id='word_1_377' title='bbox 1491 4086 1563 4162; x_wconf 92' lang='lat' dir='ltr'>quid</span> <span class='ocrx_word' id='word_1_378' title='bbox 1577 4085 1741 4159; x_wconf 84' lang='lat' dir='ltr'>bispoaitis</span> <span class='ocrx_word' id='word_1_379' title='bbox 1764 4081 1868 4142; x_wconf 69' lang='lat' dir='ltr'>cassibus</span> 
     </span>
     <span class='ocr_line' id='line_1_39' title="bbox 525 4167 1868 4250; baseline -0.005 -18"><span class='ocrx_word' id='word_1_380' title='bbox 525 4175 635 4250; x_wconf 87' lang='lat' dir='ltr'>primo,</span> <span class='ocrx_word' id='word_1_381' title='bbox 660 4171 731 4248; x_wconf 92' lang='lat' dir='ltr'>quid</span> <span class='ocrx_word' id='word_1_382' title='bbox 754 4171 858 4230; x_wconf 86' lang='lat' dir='ltr'>ultimo</span> <span class='ocrx_word' id='word_1_383' title='bbox 882 4173 1002 4244; x_wconf 86' lang='lat' dir='ltr'>existat,</span> <span class='ocrx_word' id='word_1_384' title='bbox 1033 4172 1085 4232; x_wconf 90' lang='lat' dir='ltr'>sed</span> <span class='ocrx_word' id='word_1_385' title='bbox 1109 4173 1257 4248; x_wconf 82' lang='lat' dir='ltr'>quodnam</span> <span class='ocrx_word' id='word_1_386' title='bbox 1280 4191 1395 4248; x_wconf 89' lang='lat' dir='ltr'>eorum,</span> <span class='ocrx_word' id='word_1_387' title='bbox 1422 4191 1501 4248; x_wconf 87' lang='lat' dir='ltr'>quae</span> <span class='ocrx_word' id='word_1_388' title='bbox 1523 4176 1668 4244; x_wconf 85' lang='lat' dir='ltr'>existunt,</span> <span class='ocrx_word' id='word_1_389' title='bbox 1697 4171 1738 4230; x_wconf 85' lang='lat' dir='ltr'>ab</span> <span class='ocrx_word' id='word_1_390' title='bbox 1760 4167 1868 4228; x_wconf 74' lang='lat' dir='ltr'>auribus</span> 
     </span>
     <span class='ocr_line' id='line_1_40' title="bbox 525 4255 1868 4337; baseline -0.007 -17"><span class='ocrx_word' id='word_1_391' title='bbox 525 4260 704 4337; x_wconf 87' lang='lat' dir='ltr'>approbetur</span> <span class='ocrx_word' id='word_1_392' title='bbox 734 4275 793 4320; x_wconf 84' lang='lat' dir='ltr'>sen</span> <span class='ocrx_word' id='word_1_393' title='bbox 816 4265 848 4320; x_wconf 92' lang='lat' dir='ltr'>ut</span> <span class='ocrx_word' id='word_1_394' title='bbox 880 4261 1053 4328; x_wconf 85' lang='lat' dir='ltr'>concinnum</span> <span class='ocrx_word' id='word_1_395' title='bbox 1085 4277 1139 4319; x_wconf 91' lang='lat' dir='ltr'>seu</span> <span class='ocrx_word' id='word_1_396' title='bbox 1168 4264 1401 4334; x_wconf 83' lang='lat' dir='ltr'>utconsonum,</span> <span class='ocrx_word' id='word_1_397' title='bbox 1433 4262 1490 4324; x_wconf 90' lang='lat' dir='ltr'>hoc</span> <span class='ocrx_word' id='word_1_398' title='bbox 1517 4263 1646 4320; x_wconf 88' lang='lat' dir='ltr'>interest.</span> <span class='ocrx_word' id='word_1_399' title='bbox 1691 4257 1759 4316; x_wconf 86' lang='lat' dir='ltr'>Hoc</span> <span class='ocrx_word' id='word_1_400' title='bbox 1791 4255 1868 4314; x_wconf 81' lang='lat' dir='ltr'>etiam</span> 
     </span>
     <span class='ocr_line' id='line_1_41' title="bbox 525 4341 1867 4424; baseline -0.004 -18"><span class='ocrx_word' id='word_1_401' title='bbox 525 4350 654 4419; x_wconf 90' lang='lat' dir='ltr'>interest,</span> <span class='ocrx_word' id='word_1_402' title='bbox 678 4355 710 4416; x_wconf 84' lang='lat' dir='ltr'>ut</span> <span class='ocrx_word' id='word_1_403' title='bbox 732 4361 924 4421; x_wconf 82' lang='lat' dir='ltr'>quaeramus,</span> <span class='ocrx_word' id='word_1_404' title='bbox 942 4351 1030 4424; x_wconf 86' lang='lat' dir='ltr'>quam</span> <span class='ocrx_word' id='word_1_405' title='bbox 1055 4348 1094 4406; x_wconf 95' lang='lat' dir='ltr'>ob</span> <span class='ocrx_word' id='word_1_406' title='bbox 1117 4365 1237 4410; x_wconf 86' lang='lat' dir='ltr'>causum</span> <span class='ocrx_word' id='word_1_407' title='bbox 1260 4366 1345 4408; x_wconf 89' lang='lat' dir='ltr'>aures</span> <span class='ocrx_word' id='word_1_408' title='bbox 1368 4358 1401 4407; x_wconf 91' lang='lat' dir='ltr'>ut</span> <span class='ocrx_word' id='word_1_409' title='bbox 1423 4351 1565 4408; x_wconf 84' lang='lat' dir='ltr'>concinna</span> <span class='ocrx_word' id='word_1_410' title='bbox 1587 4346 1752 4422; x_wconf 85' lang='lat' dir='ltr'>approbent</span> <span class='ocrx_word' id='word_1_411' title='bbox 1774 4361 1808 4403; x_wconf 84' lang='lat' dir='ltr'>er</span> <span class='ocrx_word' id='word_1_412' title='bbox 1829 4341 1867 4394; x_wconf 82' lang='lat' dir='ltr'>in·</span> 
     </span>
     <span class='ocr_line' id='line_1_42' title="bbox 525 4432 1866 4512; baseline -0.004 -16"><span class='ocrx_word' id='word_1_413' title='bbox 525 4433 656 4496; x_wconf 79' lang='lat' dir='ltr'>torsellis</span> <span class='ocrx_word' id='word_1_414' title='bbox 685 4432 786 4492; x_wconf 88' lang='lat' dir='ltr'>ordine</span> <span class='ocrx_word' id='word_1_415' title='bbox 816 4434 1032 4506; x_wconf 64' lang='lat' dir='ltr'>emergentibus</span> <span class='ocrx_word' id='word_1_416' title='bbox 1060 4435 1111 4494; x_wconf 87' lang='lat' dir='ltr'>illa</span> <span class='ocrx_word' id='word_1_417' title='bbox 1141 4439 1326 4512; x_wconf 86' lang='lat' dir='ltr'>potissimum</span> <span class='ocrx_word' id='word_1_418' title='bbox 1361 4452 1450 4511; x_wconf 87' lang='lat' dir='ltr'>qnam</span> <span class='ocrx_word' id='word_1_419' title='bbox 1476 4439 1549 4511; x_wconf 88' lang='lat' dir='ltr'>ista,</span> <span class='ocrx_word' id='word_1_420' title='bbox 1580 4443 1610 4492; x_wconf 87' lang='lat' dir='ltr'>et</span> <span class='ocrx_word' id='word_1_421' title='bbox 1632 4451 1692 4509; x_wconf 85' lang='lat' dir='ltr'>qua</span> <span class='ocrx_word' id='word_1_422' title='bbox 1714 4432 1750 4492; x_wconf 91' lang='lat' dir='ltr'>de</span> <span class='ocrx_word' id='word_1_423' title='bbox 1773 4441 1866 4494; x_wconf 70' lang='lat' dir='ltr'>musti</span> 
     </span>
     <span class='ocr_line' id='line_1_43' title="bbox 475 4522 1866 4606; baseline -0.007 -28"><span class='ocrx_word' id='word_1_424' title='bbox 475 4595 479 4606; x_wconf 26' lang='grc'>1</span> <span class='ocrx_word' id='word_1_425' title='bbox 524 4539 595 4580; x_wconf 89' lang='lat' dir='ltr'>num</span> <span class='ocrx_word' id='word_1_426' title='bbox 619 4522 657 4584; x_wconf 86' lang='lat' dir='ltr'>ob</span> <span class='ocrx_word' id='word_1_427' title='bbox 680 4535 876 4584; x_wconf 72' lang='lat' dir='ltr'>consonarum</span> <span class='ocrx_word' id='word_1_428' title='bbox 901 4525 1157 4597; x_wconf 87' lang='lat' dir='ltr'>comparationem,</span> <span class='ocrx_word' id='word_1_429' title='bbox 1182 4541 1235 4582; x_wconf 84' lang='lat' dir='ltr'>seu</span> <span class='ocrx_word' id='word_1_430' title='bbox 1258 4527 1329 4599; x_wconf 87' lang='lat' dir='ltr'>quia</span> <span class='ocrx_word' id='word_1_431' title='bbox 1350 4533 1419 4582; x_wconf 88' lang='lat' dir='ltr'>sunt</span> <span class='ocrx_word' id='word_1_432' title='bbox 1437 4539 1575 4594; x_wconf 58' lang='lat' dir='ltr'>secessus</span> <span class='ocrx_word' id='word_1_433' title='bbox 1598 4537 1790 4580; x_wconf 82' lang='lat' dir='ltr'>consotiorum</span> <span class='ocrx_word' id='word_1_434' title='bbox 1811 4530 1866 4571; x_wconf 81' lang='lat' dir='ltr'>mr·</span> 
     </span>
     <span class='ocr_line' id='line_1_44' title="bbox 522 4605 1866 4687; baseline -0.003 -19"><span class='ocrx_word' id='word_1_435' title='bbox 522 4609 619 4686; x_wconf 87' lang='lat' dir='ltr'>jorum</span> <span class='ocrx_word' id='word_1_436' title='bbox 643 4626 731 4686; x_wconf 85' lang='lat' dir='ltr'>supra</span> <span class='ocrx_word' id='word_1_437' title='bbox 754 4623 885 4668; x_wconf 87' lang='lat' dir='ltr'>consona</span> <span class='ocrx_word' id='word_1_438' title='bbox 908 4611 1034 4680; x_wconf 87' lang='lat' dir='ltr'>minora,</span> <span class='ocrx_word' id='word_1_439' title='bbox 1058 4620 1092 4668; x_wconf 90' lang='lat' dir='ltr'>ut</span> <span class='ocrx_word' id='word_1_440' title='bbox 1113 4629 1169 4687; x_wconf 84' lang='lat' dir='ltr'>ego</span> <span class='ocrx_word' id='word_1_441' title='bbox 1192 4609 1275 4683; x_wconf 83' lang='lat' dir='ltr'>dieo,</span> <span class='ocrx_word' id='word_1_442' title='bbox 1299 4629 1344 4670; x_wconf 86' lang='lat' dir='ltr'>au.</span> <span class='ocrx_word' id='word_1_443' title='bbox 1360 4612 1399 4670; x_wconf 92' lang='lat' dir='ltr'>ob</span> <span class='ocrx_word' id='word_1_444' title='bbox 1421 4627 1526 4670; x_wconf 84' lang='lat' dir='ltr'>causas</span> <span class='ocrx_word' id='word_1_445' title='bbox 1544 4608 1679 4684; x_wconf 81' lang='lat' dir='ltr'>aliquas,</span> <span class='ocrx_word' id='word_1_446' title='bbox 1712 4623 1788 4684; x_wconf 84' lang='lat' dir='ltr'>quae</span> <span class='ocrx_word' id='word_1_447' title='bbox 1809 4605 1866 4659; x_wconf 73' lang='lat' dir='ltr'>eunt</span> 
     </span>
     <span class='ocr_line' id='line_1_45' title="bbox 525 4697 1693 4778; baseline 0 -22"><span class='ocrx_word' id='word_1_448' title='bbox 525 4697 705 4772; x_wconf 85' lang='lat' dir='ltr'>antiquiores</span> <span class='ocrx_word' id='word_1_449' title='bbox 729 4697 800 4778; x_wconf 73' lang='lat' dir='ltr'>ipsis</span> <span class='ocrx_word' id='word_1_450' title='bbox 824 4699 1075 4778; x_wconf 82' lang='lat' dir='ltr'>consonis,quas</span> <span class='ocrx_word' id='word_1_451' title='bbox 1099 4707 1128 4758; x_wconf 90' lang='lat' dir='ltr'>tc</span> <span class='ocrx_word' id='word_1_452' title='bbox 1150 4699 1281 4758; x_wconf 89' lang='lat' dir='ltr'>nondum</span> <span class='ocrx_word' id='word_1_453' title='bbox 1303 4701 1453 4758; x_wconf 84' lang='lat' dir='ltr'>invenisse</span> <span class='ocrx_word' id='word_1_454' title='bbox 1475 4706 1584 4756; x_wconf 88' lang='lat' dir='ltr'>certum</span> <span class='ocrx_word' id='word_1_455' title='bbox 1608 4703 1663 4756; x_wconf 79' lang='lat' dir='ltr'>cst.</span> <span class='ocrx_word' id='word_1_456' title='bbox 1689 4737 1693 4746; x_wconf 81' lang='lat'><strong>·</strong></span> 
     </span>
    </p>

    <p class='ocr_par' dir='ltr' id='par_1_7' title="bbox 508 4779 1864 5302">
     <span class='ocr_line' id='line_1_46' title="bbox 612 4779 1864 4861; baseline -0.006 -17"><span class='ocrx_word' id='word_1_457' title='bbox 612 4783 682 4844; x_wconf 83' lang='lat' dir='ltr'>Jam</span> <span class='ocrx_word' id='word_1_458' title='bbox 706 4781 784 4858; x_wconf 88' lang='lat' dir='ltr'>quod</span> <span class='ocrx_word' id='word_1_459' title='bbox 809 4783 1007 4844; x_wconf 85' lang='lat' dir='ltr'>inductionem</span> <span class='ocrx_word' id='word_1_460' title='bbox 1030 4787 1126 4860; x_wconf 87' lang='lat' dir='ltr'>ipsam</span> <span class='ocrx_word' id='word_1_461' title='bbox 1148 4789 1254 4847; x_wconf 83' lang='lat' dir='ltr'>attinet</span> <span class='ocrx_word' id='word_1_462' title='bbox 1277 4786 1313 4846; x_wconf 90' lang='lat' dir='ltr'>de</span> <span class='ocrx_word' id='word_1_463' title='bbox 1335 4789 1430 4854; x_wconf 82' lang='lat' dir='ltr'>sonis,</span> <span class='ocrx_word' id='word_1_464' title='bbox 1456 4787 1518 4861; x_wconf 36' lang='lat' dir='ltr'>,etsi</span> <span class='ocrx_word' id='word_1_465' title='bbox 1541 4779 1664 4847; x_wconf 80' lang='lat' dir='ltr'>multum</span> <span class='ocrx_word' id='word_1_466' title='bbox 1687 4791 1719 4841; x_wconf 93' lang='lat' dir='ltr'>tu</span> <span class='ocrx_word' id='word_1_467' title='bbox 1741 4779 1864 4840; x_wconf 82' lang='lat' dir='ltr'>tenebra·</span> 
     </span>
     <span class='ocr_line' id='line_1_47' title="bbox 524 4858 1862 4949; baseline -0.001 -21"><span class='ocrx_word' id='word_1_468' title='bbox 524 4887 588 4930; x_wconf 86' lang='lat' dir='ltr'>rum</span> <span class='ocrx_word' id='word_1_469' title='bbox 613 4878 642 4932; x_wconf 88' lang='lat' dir='ltr'>et</span> <span class='ocrx_word' id='word_1_470' title='bbox 665 4869 845 4930; x_wconf 85' lang='lat' dir='ltr'>locutionum</span> <span class='ocrx_word' id='word_1_471' title='bbox 870 4873 1074 4948; x_wconf 79' lang='lat' dir='ltr'>ambiguarum</span> <span class='ocrx_word' id='word_1_472' title='bbox 1097 4874 1215 4948; x_wconf 80' lang='lat' dir='ltr'>ingeris,</span> <span class='ocrx_word' id='word_1_473' title='bbox 1238 4873 1310 4931; x_wconf 90' lang='lat' dir='ltr'>illud</span> <span class='ocrx_word' id='word_1_474' title='bbox 1326 4881 1424 4934; x_wconf 80' lang='lat' dir='ltr'>muron</span> <span class='ocrx_word' id='word_1_475' title='bbox 1447 4873 1558 4949; x_wconf 86' lang='lat' dir='ltr'>passim</span> <span class='ocrx_word' id='word_1_476' title='bbox 1579 4889 1615 4930; x_wconf 83' lang='lat' dir='ltr'>ex</span> <span class='ocrx_word' id='word_1_477' title='bbox 1635 4873 1673 4928; x_wconf 85' lang='lat' dir='ltr'>iis</span> <span class='ocrx_word' id='word_1_478' title='bbox 1691 4870 1787 4929; x_wconf 84' lang='lat' dir='ltr'>elucet</span> <span class='ocrx_word' id='word_1_479' title='bbox 1806 4858 1862 4940; x_wconf 88' lang='lat' dir='ltr'>pul·</span> 
     </span>
     <span class='ocr_line' id='line_1_48' title="bbox 526 4957 1860 5036; baseline -0.005 -20"><span class='ocrx_word' id='word_1_480' title='bbox 526 4957 625 5018; x_wconf 86' lang='lat' dir='ltr'>chrurn</span> <span class='ocrx_word' id='word_1_481' title='bbox 648 4967 678 5018; x_wconf 87' lang='lat' dir='ltr'>et</span> <span class='ocrx_word' id='word_1_482' title='bbox 702 4957 935 5034; x_wconf 80' lang='lat' dir='ltr'>consideratione</span> <span class='ocrx_word' id='word_1_483' title='bbox 958 4960 1080 5035; x_wconf 81' lang='lat' dir='ltr'>dignum</span> <span class='ocrx_word' id='word_1_484' title='bbox 1103 4959 1263 5036; x_wconf 82' lang='lat' dir='ltr'>problema,</span> <span class='ocrx_word' id='word_1_485' title='bbox 1287 4977 1365 5036; x_wconf 87' lang='lat' dir='ltr'>qnae</span> <span class='ocrx_word' id='word_1_486' title='bbox 1379 4963 1417 5020; x_wconf 85' lang='lat' dir='ltr'>sit</span> <span class='ocrx_word' id='word_1_487' title='bbox 1439 4969 1543 5018; x_wconf 88' lang='lat' dir='ltr'>natura</span> <span class='ocrx_word' id='word_1_488' title='bbox 1558 4974 1695 5016; x_wconf 82' lang='lat' dir='ltr'>sonorum</span> <span class='ocrx_word' id='word_1_489' title='bbox 1718 4959 1749 5016; x_wconf 90' lang='lat' dir='ltr'>in</span> <span class='ocrx_word' id='word_1_490' title='bbox 1764 4963 1860 5030; x_wconf 71' lang='lat' dir='ltr'>genere,</span> 
     </span>
     <span class='ocr_line' id='line_1_49' title="bbox 526 5043 1858 5123; baseline -0.005 -21"><span class='ocrx_word' id='word_1_491' title='bbox 526 5045 596 5120; x_wconf 88' lang='lat' dir='ltr'>quid</span> <span class='ocrx_word' id='word_1_492' title='bbox 619 5062 725 5123; x_wconf 84' lang='lat' dir='ltr'>sonus,</span> <span class='ocrx_word' id='word_1_493' title='bbox 757 5062 834 5121; x_wconf 89' lang='lat' dir='ltr'>qnae</span> <span class='ocrx_word' id='word_1_494' title='bbox 857 5064 948 5108; x_wconf 87' lang='lat' dir='ltr'>causa</span> <span class='ocrx_word' id='word_1_495' title='bbox 970 5049 1114 5109; x_wconf 87' lang='lat' dir='ltr'>acuminis</span> <span class='ocrx_word' id='word_1_496' title='bbox 1131 5056 1167 5108; x_wconf 88' lang='lat' dir='ltr'>et</span> <span class='ocrx_word' id='word_1_497' title='bbox 1188 5049 1344 5123; x_wconf 82' lang='lat' dir='ltr'>gravitatis</span> <span class='ocrx_word' id='word_1_498' title='bbox 1372 5043 1424 5122; x_wconf 83' lang='lat' dir='ltr'>pe&#39;r</span> <span class='ocrx_word' id='word_1_499' title='bbox 1446 5063 1549 5106; x_wconf 89' lang='lat' dir='ltr'>omnes</span> <span class='ocrx_word' id='word_1_500' title='bbox 1570 5048 1738 5107; x_wconf 77' lang='lat' dir='ltr'>meantium</span> <span class='ocrx_word' id='word_1_501' title='bbox 1762 5045 1858 5101; x_wconf 77' lang='lat' dir='ltr'>tornes</span> 
     </span>
     <span class='ocr_line' id='line_1_50' title="bbox 508 5122 1860 5213; baseline -0.007 -23"><span class='ocrx_word' id='word_1_502' title='bbox 508 5131 655 5192; x_wconf 76' lang='lat' dir='ltr'>&#39;Materia</span> <span class='ocrx_word' id='word_1_503' title='bbox 680 5132 902 5209; x_wconf 81' lang='lat' dir='ltr'>disceptationis</span> <span class='ocrx_word' id='word_1_504' title='bbox 926 5143 970 5194; x_wconf 88' lang='lat' dir='ltr'>cst</span> <span class='ocrx_word' id='word_1_505' title='bbox 992 5135 1123 5213; x_wconf 80' lang='lat' dir='ltr'>physica.</span> <span class='ocrx_word' id='word_1_506' title='bbox 1146 5138 1296 5211; x_wconf 86' lang='lat' dir='ltr'>pertinens</span> <span class='ocrx_word' id='word_1_507' title='bbox 1318 5134 1356 5194; x_wconf 77' lang='lat' dir='ltr'>ud</span> <span class='ocrx_word' id='word_1_508' title='bbox 1379 5134 1518 5193; x_wconf 88' lang='lat' dir='ltr'>libellum.</span> <span class='ocrx_word' id='word_1_509' title='bbox 1534 5132 1702 5204; x_wconf 78' lang='lat' dir='ltr'>Aristotelia</span> <span class='ocrx_word' id='word_1_510' title='bbox 1725 5131 1762 5190; x_wconf 93' lang='lat' dir='ltr'>de</span> <span class='ocrx_word' id='word_1_511' title='bbox 1781 5122 1860 5184; x_wconf 79' lang='lat' dir='ltr'>,iudi-</span> 
     </span>
     <span class='ocr_line' id='line_1_51' title="bbox 526 5209 1858 5302; baseline 0 -24"><span class='ocrx_word' id='word_1_512' title='bbox 526 5217 635 5280; x_wconf 84' lang='lat' dir='ltr'>bilibus</span> <span class='ocrx_word' id='word_1_513' title='bbox 664 5219 760 5300; x_wconf 87' lang='lat' dir='ltr'>adque</span> <span class='ocrx_word' id='word_1_514' title='bbox 793 5229 935 5300; x_wconf 75' lang='lat' dir='ltr'>cognatas</span> <span class='ocrx_word' id='word_1_515' title='bbox 966 5222 1030 5302; x_wconf 83' lang='lat' dir='ltr'>rjus</span> <span class='ocrx_word' id='word_1_516' title='bbox 1061 5221 1276 5300; x_wconf 84' lang='lat' dir='ltr'>problematum</span> <span class='ocrx_word' id='word_1_517' title='bbox 1305 5225 1461 5283; x_wconf 88' lang='lat' dir='ltr'>sectiones.</span> <span class='ocrx_word' id='word_1_518' title='bbox 1505 5219 1565 5280; x_wconf 83' lang='lat' dir='ltr'>llic</span> <span class='ocrx_word' id='word_1_519' title='bbox 1595 5218 1687 5278; x_wconf 87' lang='lat' dir='ltr'>multa</span> <span class='ocrx_word' id='word_1_520' title='bbox 1721 5222 1809 5278; x_wconf 76' lang='lat' dir='ltr'>ccccm</span> <span class='ocrx_word' id='word_1_521' title='bbox 1834 5209 1858 5262; x_wconf 71' lang='lat'>5¹¹</span> 
     </span>
    </p>
   </div>
   <div class='ocr_carea' id='block_1_3' title="bbox 0 0 2126 6384">
    <p class='ocr_par' dir='ltr' id='par_1_8' title="bbox 0 0 2126 6384">
     <span class='ocr_line' id='line_1_52' title="bbox 0 0 2126 6384; baseline 0 0"><span class='ocrx_word' id='word_1_522' title='bbox 0 0 2126 6384; x_wconf 95' lang='lat' dir='ltr'> </span> 
     </span>
    </p>
   </div>
  </div>
 </body>
</html>
