4242 6384
533 756 599 821 204
964 769 1007 825 De
1023 768 1246 841 Propertlouibus
1262 770 1439 831 uomentem
1492 778 1495 789 '

619 937 707 1000 xvi.
730 941 825 1003 utum
847 940 919 1003 illud
941 946 971 1003 iri
993 950 1096 1023 poenis
1119 948 1279 1025 irrogandis
1308 948 1346 1009 ed
1367 952 1573 1027 geometricam
1594 954 1722 1027 pertinet
1743 954 1862 1027 acquita-

533 1032 601 1099 tom,
624 1026 704 1102 quod
727 1033 810 1105 puori
833 1048 920 1107 quam
940 1032 1051 1106 adulti,
1073 1036 1190 1111 iuvenis
1212 1053 1300 1112 quem
1322 1039 1429 1110 senis„
1446 1038 1571 1100 iemiuae
1594 1054 1682 1114 quem
1708 1042 1763 1097 viri
1785 1056 1865 1115 poena

533 1120 578 1173 est
598 1112 701 1177 leuior.
741 1116 825 1175 Nthl
855 1119 902 1177 bic
932 1120 1060 1196 iniquius
1083 1122 1260 1200 aequalitate
1289 1124 1470 1185 arithmetica
1496 1132 1651 1203 perpetua,
1682 1144 1761 1202 quae
1783 1136 1866 1183 menen

532 1200 1053 1283 eiedimaturssprudentiee'judiois,
1077 1228 1128 1288 pro
1151 1218 1273 1277 renata
1295 1212 1475 1289 usurpanda,
1500 1212 1664 1272 turbabitur
1683 1213 1866 1271 nibilominus

530 1286 700 1349 harmonica
720 1296 878 1368 proportio.

616 1375 719 1436 XVII.
741 1378 955 1441 Harmouioam
972 1387 1189 1460 proportionem
1203 1384 1334 1445 Bodinus
1356 1385 1386 1441 in
1409 1384 1444 1446 iis
1458 1384 1573 1461 legibus
1588 1386 1782 1457 demonstrat,
1804 1400 1870 1458 quae

531 1477 598 1523 cum
627 1466 752 1540 primum
781 1474 879 1529 amum
905 1469 1023 1535 sceleris
1053 1472 1214 1548 aequaliter
1243 1475 1272 1531 in
1303 1471 1437 1535 omuibus
1465 1471 1524 1531 levi
1551 1473 1662 1532 mulcta
1689 1471 1871 1541 ulciscamur,

531 1549 623 1609 relnti
645 1551 851 1615 admoniticnIs
873 1555 955 1628 loco,
983 1556 1146 1619 relabentes
1173 1566 1276 1636 postea
1302 1560 1421 1635 gravius
1443 1561 1582 1634 puniunt,
1612 1562 1698 1619 tertio
1723 1566 1871 1635 peccantes

530 1637 635 1697 iterum
652 1641 777 1715 gravius
799 1646 829 1703 at
850 1642 976 1719 danique
998 1652 1090 1705 morte
1113 1646 1251 1723 plectunt.
1296 1644 1347 1705 Eat
1370 1648 1445 1704 enim
1474 1649 1566 1705 mixta
1587 1647 1758 1722 aequalitas
1778 1644 1872 1703 arith-

530 1727 639 1785 metica
659 1728 689 1785 iu
711 1730 805 1803 primo
827 1738 904 1805 actu,
928 1734 1106 1805 geometrica
1127 1736 1274 1810 proportio
1297 1734 1325 1789 in
1348 1734 1462 1807 repetiti
1485 1750 1579 1809 eoque
1600 1736 1749 1809 gravioris
1765 1731 1873 1790 sceleris

530 1814 657 1887 graviori
680 1832 783 1890 poena
827 1815 911 1879 Hace
933 1816 1047 1879 Bodiuo
1070 1822 1242 1897 compositio
1265 1821 1386 1881 duarum
1409 1821 1438 1877 iu
1461 1836 1549 1879 uuam
1574 1823 1637 1881 visa
1659 1830 1706 1881 est
1731 1819 1872 1878 barmoni-

530 1916 595 1959 cam
618 1903 794 1965 constituero
815 1906 1041 1984 proportionem.
1086 1946 1089 1953 -
1118 1952 1122 1963 .

619 1985 736 2049 XVIII.
760 1991 794 2051 Iu
814 2010 937 2072 genero,
967 1993 1048 2070 quod
1070 2010 1183 2072 poenae
1211 1996 1273 2055 sire
1302 1993 1416 2068 legibus
1447 1994 1510 2051 sire
1535 1992 1645 2068 judicis
1675 1993 1801 2051 arbitrio
1830 2008 1873 2067 pro

530 2070 700 2136 diversitate
713 2084 753 2137 ,et
774 2081 975 2157 mffltudine
1003 2084 1154 2141 criminum
1177 2080 1380 2159 dispensantur
1400 2080 1635 2156 universumque
1663 2079 1742 2139 adeo
1762 2080 1814 2154 jus
1836 2088 1875 2135 ta-

529 2160 617 2221 lionis
639 2167 833 2240 geometricae
855 2169 1009 2244 analogiae
1031 2168 1215 2229 tribuendum
1239 2178 1291 2241 est,
1315 2166 1394 2243 quod
1416 2166 1535 2243 quidem
1557 2164 1745 2243 legislatores
1770 2182 1874 2239 aequa·

529 2247 597 2316 litei
617 2250 785 2327 iuuequaiia
804 2258 959 2332 generibus
981 2262 1103 2332 peccate
1125 2256 1290 2319 vindicante
1319 2253 1501 2314 arithmetice
1523 2252 1597 2317 haec
1618 2256 1694 2312 ratio
1726 2256 1805 2311 iuter
1826 2252 1874 2309 bo-

530 2336 623 2396 miaea
644 2336 742 2400 locam
763 2358 822 2401 non
844 2343 942 2418 babet,
965 2344 994 2399 iu
1017 2344 1092 2415 Deo,
1116 2343 1199 2419 cujus
1222 2341 1383 2419 aequaliter
1405 2358 1505 2400 omues
1521 2349 1652 2399 creatura
1666 2358 1784 2412 sumus,
1809 2357 1874 2413 que·

529 2420 600 2482 reiis
620 2428 726 2487 sestis
745 2436 786 2497 ¹ut
811 2428 1037 2507 reprebendatur
1066 2431 1110 2489 tas
1141 2447 1199 2489 uon
1227 2438 1279 2489 est.
1326 2430 1365 2487 At
1388 2428 1466 2503 quod
1495 2426 1703 2502 legumlatores
1734 2425 1874 2503 quaedam

529 2508 641 2573 temera
668 2531 731 2592 por.
747 2532 780 2577 ss
808 2519 928 2578 minine
958 2519 1158 2597 gravissimis,
1187 2519 1363 2593 irrogatione
1392 2531 1568 2592 poenarum,
1601 2516 1672 2592 reip.
1702 2530 1799 2573 causa
1830 2530 1874 2570 er·

529 2605 665 2674 aequam,
688 2611 719 2663 et
736 2604 819 2679 quod
841 2607 872 2664 iu
889 2605 956 2682 jare
978 2605 1097 2665 talionis
1119 2622 1176 2665 non
1200 2604 1270 2663 dens
1293 2622 1345 2680 pro
1369 2601 1471 2675 deute,
1503 2601 1554 2661 sed
1576 2600 1642 2661 loco
1666 2600 1766 2661 dcutis
1790 2600 1872 2657 aesti-

529 2691 641 2745 matum
663 2691 804 2765 medum,
834 2692 871 2755 de
893 2710 951 2769 quo
974 2695 1048 2752 inter
1070 2691 1218 2767 litigantes
1240 2692 1396 2750 convenire
1419 2696 1533 2768 potest,
1548 2687 1732 2765 rependitur,
1767 2704 1822 2747 nec
1843 2687 1872 2753 ei,

528 2775 581 2849 qui
600 2773 672 2851 mibi
695 2774 732 2839 de
754 2778 869 2841 duobus
892 2780 984 2841 oeulis
1006 2796 1096 2839 unum
1118 2780 1202 2848 eruit,
1226 2781 1368 2857 cumipse
1385 2775 1528 2836 unoculus
1544 2783 1630 2847 esset,
1654 2778 1787 2835 caecitas
1802 2788 1873 2830 mera

528 2860 668 2936 lulligitur
688 2871 779 2925 eruto
793 2884 864 2941 suo,
894 2867 923 2927 id
945 2868 1139 2928 harmonicae·
1154 2865 1268 2925 Bodino
1296 2863 1570 2941 contemperationis
1592 2869 1653 2937 est3
1684 2864 1727 2921 sic
1752 2864 1829 2921 onim
1851 2864 1875 2915 et

528 2948 646 3095 πεζὴ
665 2960 787 3027 peccata
808 2971 920 3031 poenas
941 2950 1055 3017 liabent
1076 2952 1256 3017 arithmetice
1276 2952 1435 3065 pequales,
1467 2958 1497 3009 et
1519 2948 1638 3009 diversa
1662 2951 1769 3027 poeuis
1793 2949 1873 3007 etiam

549 3035 556 3051 ⁸
587 3036 752 3111 'mentun
1130 3086 1134 3095 .

615 3121 708 3184 XIX.
730 3125 789 3201 Qui
810 3129 1047 3187 conatus-animi
1069 3129 1194 3205 puniunt
1214 3143 1310 3205 poena
1332 3143 1390 3185 nou
1404 3124 1518 3197 teriori,
1540 3125 1672 3205 quamsi
1695 3124 1872 3183 voluntatem

529 3218 726 3285 morequetur
747 3214 883 3284 erectus,
907 3221 937 3273 et
958 3216 1010 3290 qui
1031 3215 1139 3275 lactum
1162 3218 1299 3293 puniunt,
1322 3232 1341 3273 a
1363 3230 1421 3289 quo
1444 3213 1545 3273 aberat
1569 3212 1698 3284 animus,
1731 3208 1872 3289 plebeiam

531 3286 743 3360 arithmeticam
766 3300 975 3377 aequalitatem
997 3304 1070 3363 vitio
1093 3318 1150 3363 neu
1173 3302 1232 3361 levi
1254 3300 1415 3374 stabiliunt,
1438 3299 1499 3359 illic
1521 3300 1551 3355 in
1574 3296 1768 3359 dissimilibus
1792 3294 1872 3355 animi

529 3384 700 3459 meatibus,
729 3386 777 3447 bic
799 3391 828 3447 in
852 3388 1041 3449 dissimilibus
1073 3388 1250 3450 facinoribus
1259 3407 1273 3463 ς·
1295 3390 1345 3463 qui
1374 3386 1527 3463 distinguit
1548 3384 1595 3443 liic
1625 3387 1697 3444 inter
1719 3392 1872 3445 conatuum

529 3471 626 3531 sarias
648 3472 766 3547 sormam
789 3483 823 3535 ut
844 3492 970 3554 poenam
991 3476 1109 3553 sceleris
1131 3476 1331 3551 babeat,.qui
1354 3476 1453 3535 omnia
1474 3473 1552 3543 tecit,
1576 3487 1653 3547 quae
1675 3474 1794 3531 animus
1817 3484 1873 3527 me·

528 3556 639 3617 ditatus
661 3559 700 3619 ad
723 3570 860 3622 eventum
883 3564 983 3623 afferre
1004 3572 1116 3640 potest,
1145 3565 1210 3623 sive
1233 3564 1454 3639 perpetraverit,
1486 3560 1549 3617 slve
1577 3574 1667 3635 scopo
1689 3555 1871 3635 aberraverit,

528 3660 586 3705 uon
609 3644 727 3718 habeat,
751 3651 801 3725 qui
824 3652 1028 3720 occasionibus
1050 3650 1167 3727 quidem
1190 3649 1344 3710 incidimus
1367 3657 1419 3721 est,
1442 3646 1556 3709 adrem
1576 3652 1682 3719 mmeu,
1703 3644 1793 3722 crq'us'
1806 3646 1874 3700 irne-

527 3734 817 3809 ginecomeetesara
844 3746 961 3814 poterat
979 3739 1155 3811 absterreri,
1184 3754 1243 3795 non
1266 3738 1360 3813 repit,
1392 3736 1439 3794 bic
1469 3734 1676 3810 geometricam
1699 3734 1872 3809 aequitatem

480 3828 484 3843 ¹
528 3820 685 3896 observatr
708 3839 763 3883 neo
784 3827 890 3899 minus,
913 3828 963 3902 qui
986 3823 1094 3891 undam
1118 3826 1335 3903 persuasionem
1356 3822 1475 3883 sceleris
1498 3819 1591 3879 levius
1615 3822 1714 3896 punit,
1738 3836 1827 3895 quam
1848 3816 1872 3869 in

528 3913 676 3985 patratore
698 3910 805 3971 scelus
818 3914 929 3991 ipsum,
951 3922 982 3973 et
1004 3922 1117 3986 contra,
1141 3915 1191 3989 qui
1213 3918 1363 3973 auctorem
1384 3918 1415 3969 ct
1437 3906 1623 3985 impulsorem
1645 3908 1767 3982 gravius
1792 3916 1871 3980 quam

527 3996 698 4069 ministrum,
722 4006 756 4059 ut
777 4001 828 4075 qui
850 3994 1097 4061 aliennm'soelus
1112 4002 1264 4077 patrarit3
1287 3999 1337 4075 qui
1354 3996 1479 4071 denique
1502 3994 1597 4053 levius
1622 4010 1697 4067 euru,
1721 4011 1809 4071 quem
1834 3989 1871 4045 vlt

528 4098 635 4158 mgna
653 4079 787 4147 tuntum
809 4087 859 4149 sel
880 4090 942 4148 irae
961 4096 1160 4151 emmeranni
1182 4088 1292 4165 rapuit,
1318 4102 1406 4161 quarn
1430 4084 1480 4159 qui
1504 4082 1630 4157 quietior
1662 4081 1699 4140 ab
1723 4082 1759 4141 iis
1783 4076 1872 4137 omnia

526 4170 739 4245 praemeditato
767 4176 866 4233 animo
895 4177 1017 4252 peregit.
1061 4174 1145 4234 Idem
1173 4173 1208 4233 de
1232 4178 1389 4233 eventuum
1414 4172 1555 4235 uarietate
1587 4167 1752 4227 tenendum.
1799 4166 1871 4225 rian-

526 4256 593 4319 dtm
614 4274 739 4333 poenam
761 4270 895 4335 meretur,
920 4265 969 4337 qui
994 4265 1137 4323 viatorem
1159 4259 1269 4344 spoliat
1288 4258 1423 4331 triobolo,
1446 4259 1472 4316 si
1495 4258 1593 4321 auimo
1610 4272 1734 4330 maguae
1750 4250 1870 4333 praedae

527 4344 675 4416 inhiavit,
698 4362 787 4421 qoam
810 4350 861 4423 qui
883 4347 1171 4425 talentum.eripuit;
1200 4350 1340 4406 minorem
1364 4352 1477 4419 conca,
1502 4344 1552 4419 qni
1576 4358 1640 4402 cum
1663 4350 1755 4401 totum
1780 4340 1870 4419 posset

526 4430 638 4491 aufem
661 4432 776 4508 pondus
798 4437 878 4505 auri,
909 4435 1055 4501 modicum
1079 4433 1214 4506 abstulit,
1246 4449 1334 4510 quam
1357 4435 1407 4508 qui
1431 4446 1596 4491 crumenam
1619 4431 1740 4507 eripuit,
1768 4432 1796 4487 in
1820 4438 1872 4499 que

526 4518 646 4595 pauculi
668 4536 760 4579 maes.
804 4520 869 4581 Has
891 4522 1013 4597 quidem
1032 4524 1224 4599 geometricas
1248 4516 1447 4580 distinctiones
1470 4516 1602 4577 Bodinus
1634 4518 1672 4575 ad
1694 4510 1870 4591 pbilosophi-

526 4622 591 4667 um
613 4607 766 4667 culminum
788 4610 1023 4669 aestimationem
1043 4599 1138 4681 rciert,
1163 4625 1272 4686 poenas
1296 4623 1375 4679 vero,
1398 4605 1505 4682 quibus
1520 4603 1655 4681 exempla
1676 4602 1792 4681 publice
1814 4604 1870 4657 sta·

526 4700 661 4768 mantus,
692 4692 732 4753 ad
762 4694 911 4773 publicam
941 4695 1182 4773 tranquillitatem
1205 4696 1398 4773 pertinentes,
1431 4691 1599 4751 omnimoda
1626 4690 1677 4749 illa
1699 4688 1868 4766 aequalitate

525 4782 641 4854 eximit,
663 4788 697 4841 ut
718 4784 762 4843 ita
780 4783 911 4843 crebrius
934 4785 965 4841 iu
987 4784 1078 4857 iacta,
1104 4800 1178 4859 quae
1201 4785 1230 4841 in
1254 4784 1361 4841 civium
1385 4781 1486 4839 oculos
1509 4781 1666 4849 incurrunt,
1690 4776 1868 4837 animadver-

526 4874 604 4928 tatur
625 4868 760 4946 publice,
783 4871 912 4931 crebrius
935 4877 1059 4932 conatus
1082 4888 1100 4931 a
1122 4886 1212 4947 scopo
1233 4871 1414 4939 aberrantes,
1445 4867 1552 4944 quippe
1575 4866 1754 4942 inconspicui
1778 4860 1866 4935 vulga

526 4957 669 5031 impuniti,
692 4965 745 5017 aut
766 4956 873 5036 larius,
895 4976 985 5036 quam
1007 4960 1183 5035 geometrice
1207 4975 1259 5035 par
1281 4963 1352 5027 crat,
1375 4955 1470 5031 puniti
1492 4955 1733 5025 transmittantur,
1757 4960 1789 5009 ut
1809 4961 1867 5006 cru·

526 5040 655 5103 delitatie
676 5046 774 5105 minua
795 5062 886 5121 penos
905 5046 1037 5123 iudicem
1058 5047 1226 5123 reperiatur.
1247 5098 1251 5107 .
1272 5044 1331 5104 Τοι
1353 5048 1501 5117 respectus
1532 5040 1600 5099 boni
1623 5038 1732 5117 publici
1760 5038 1866 5097 bermo·

526 5131 625 5191 uicum
646 5131 877 5208 quidsaptuut..

612 5216 688 5284 XX.
710 5218 747 5290 lii
766 5218 880 5296 juditii
903 5221 994 5303 inque
1016 5216 1279 5284 consultationibus
1301 5216 1483 5278 arithmetica
1505 5220 1550 5281 est
1572 5214 1647 5273 ratio
1667 5212 1863 5289 suffragiorum
