4242 6384
892 2175 971 2238 AD

369 2321 637 2418 serenissimum
664 2345 701 2416 et
725 2341 1004 2434 Potentissimum
1031 2335 1225 2432 Principem
1251 2343 1288 2414 et
1313 2337 1495 2412 Dominum
1611 2341 1617 2358 ’

620 2565 625 2572 -
740 2507 783 2600 ι.
823 2465 1122 2614 retonuit,

306 2697 426 2780 iisgnse
448 2697 634 2777 Britanniae,
670 2699 828 2779 Frontino,
851 2701 1011 2764 Hiberniae
1031 2700 1160 2780 Regenn
1190 2700 1275 2763 Fidei
1296 2663 1563 2763 Defensorematc

632 2820 800 2884 'Dominum
822 2839 919 2884 meum
943 2819 1217 2885 clementissimum.

343 3011 479 3074 Ourios
501 3030 557 3091 ego
580 3011 772 3098 Harmonicee
800 3011 893 3074 libros
913 3013 987 3074 inter
1008 3009 1141 3073 homines
1163 3012 1338 3092 vulgandos,
1362 3031 1399 3076 ex
1418 3013 1607 3094 Imperatoris

276 3094 480 3175 insanissimi,
512 3101 631 3161 Domini
658 3103 731 3175 mei,
760 3099 843 3176 aula,
871 3097 995 3178 exejus
1023 3099 1134 3178 Regnis
1157 3109 1186 3162 et
1213 3101 1377 3163 Provinciis
1406 3101 1607 3164 haereditariis

276 3183 435 3262 Arauiscis,
465 3206 501 3249 ex
531 3191 596 3268 ipsa
619 3187 745 3266 deniqne
767 3185 940 3259 Germanis,
970 3197 1051 3248 trans
1080 3205 1161 3253 mare
1192 3189 1360 3267 ablegatam
1389 3197 1514 3269 tuoque,
1542 3189 1608 3259 Rex

276 3267 374 3351 Inclyta,
397 3279 570 3356 conspectui
592 3277 777 3338 serenissimo
799 3277 945 3338 sisterem:
970 3291 1075 3337 nauem
1097 3276 1188 3337 habui
1209 3279 1316 3357 purtim
1337 3285 1515 3358 praesentes,
1538 3294 1608 3356 par-

277 3359 315 3417 tim
334 3363 479 3440 undenas.
895 3366 899 3378 '
1016 3357 1019 3375 '
1115 3369 1118 3377 '
1437 3381 1440 3389 ·

340 3448 469 3509 Primum
492 3451 570 3510 euim
590 3451 647 3512 hoe
668 3465 732 3512 non¹
750 3449 880 3511 alienum
901 3469 920 3511 a
940 3467 1007 3512 meo
1029 3467 1149 3512 munere
1171 3453 1288 3531 putari,
1317 3459 1351 3514 ιιι
1380 3455 1451 3531 quia
1473 3451 1609 3512 decurio

276 3530 339 3594 inre
356 3535 565 3598 mathematica
586 3537 732 3620 stipendia
753 3555 867 3614 mereo,
891 3529 1119 3600 demonstratam
1140 3541 1229 3617 igitur
1250 3541 1339 3602 etiam
1361 3542 1487 3614 exteris,
1511 3553 1608 3616 quau-

275 3623 318 3678 tam
335 3630 448 3700 gereret
468 3623 686 3704 providentiam
707 3625 847 3705 Princeps
862 3623 946 3705 Reip.
962 3625 1145 3688 christianae
1161 3625 1409 3688 divinissimorum
1430 3626 1608 3688 etudiorum:

275 3710 516 3790 nuntigerotnr
544 3729 580 3773 ex
603 3730 687 3773 eursu
710 3729 769 3773 nou
790 3715 982 3776 interturbato
1004 3714 1086 3794 pacis
1109 3706 1343 3776 ornamentorum
1372 3732 1425 3795 per
1449 3711 1508 3774 'has
1535 3731 1607 3794 pro·
1713 3723 1717 3733 ’

276 3795 378 3874 indm,
409 3799 520 3860 samaia
546 3800 675 3860 intestini
704 3799 774 3862 beili
797 3803 944 3862 sinistram
973 3817 1039 3862 eum
1065 3803 1131 3881 ipss
1156 3821 1189 3864 re
1211 3803 1313 3882 procui
1335 3803 1426 3862 dubio
1449 3802 1531 3863 brevi
1555 3820 1611 3863 ox·

275 3881 389 3945 unctum
411 3889 464 3962 ἰῆς
492 3885 765 3965 dissonantiamque
787 3887 863 3949 hauc
889 3887 978 3967 peuio
1001 3887 1162 3961 duriorem,
1191 3898 1225 3948 ut
1246 3894 1277 3948 in
1298 3889 1449 3968 pathetica
1470 3889 1609 3974 melodia,

273 3963 319 4038 im
333 3971 452 4051 jamque
473 3975 506 4033 iu
518 3989 649 4052 *suavem
673 3973 836 4036 clausulam
857 3970 1025 4036 desituram.
1048 3985 1051 3992 “
1070 3975 1166 4052 Quem
1187 3989 1261 4037 vero
1283 3969 1610 4054 bonitatis‘Impercto·

276 4053 321 4116 riae
339 4057 499 4136 digniorem
521 4053 738 4125 aestimatorem
760 4061 842 4140 Rege
865 4079 989 4140 magno,
1021 4079 1110 4140 quem
1140 4062 1240 4142 operis,
1260 4063 1295 4124 de
1319 4063 1468 4124 coelorum
1489 4061 1609 4122 harmo-

276 4141 318 4214 ¹¹5⁸,
338 4143 537 4225 Pythagoram
557 4148 717 4210 redolentis
741 4157 771 4210 et
791 4149 954 4226 Platonem,
980 4153 1246 4212 convenientiorem
1271 4149 1432 4209 Patronem
1455 4149 1537 4226 Rege
1559 4148 1622 4208 iiio⁴

275 4223 396 4310 inissem,
419 4237 472 4313 qni
493 4235 665 4298 Platonicae
686 4239 849 4316 sapientiae
872 4237 1001 4298 studium
1024 4237 1192 4299 domesticis
1206 4240 1412 4317 monumentis,
1435 4253 1513 4314 quae
1535 4237 1609 4296 sub-

277 4311 379 4380 diorum
401 4325 592 4386 veneratione
623 4327 711 4385 etium
740 4325 861 4404 publice
888 4325 1047 4401 habemus,
1079 4333 1124 4387 ast
1150 4325 1295 4386 testatus?
1323 4327 1373 4402 qui
1404 4327 1611 4386 astronomiam

278 4398 404 4478 hodonis
425 4409 550 4486 Brahai,
578 4413 626 4471 cui
654 4427 729 4491 opus
756 4412 814 4472 hoc
843 4415 987 4485 innititur,
1020 4431 1094 4494 puer
1115 4412 1212 4474 adhuc
1234 4415 1411 4476 ornamentis
1433 4415 1543 4490 ingenii
1565 4416 1611 4471 sni

279 4483 373 4565 datam
394 4491 535 4558 samniti
561 4500 613 4576 qui
636 4499 761 4576 deniqne
783 4501 830 4558 vir
851 4501 946 4560 iaetus
970 4509 1000 4561 et
1021 4503 1104 4578 regui
1127 4501 1327 4580 gubernacula
1348 4510 1493 4574 tractans,
1516 4507 1613 4559 astro-

279 4571 382 4651 licieam
394 4587 558 4646 vanitatem
578 4585 701 4665 publiea
723 4603 847 4647 censura
867 4588 1005 4648 notavit?
1028 4605 1105 4666 qnae
1127 4581 1208 4664 saue,
1230 4589 1307 4649 litero
1329 4587 1417 4666 hujus
1443 4587 1539 4665 operis
1556 4585 1610 4644 IV.
1682 4588 1685 4592 ’

280 4659 375 4727 demtis
403 4675 482 4733 reris
508 4671 704 4734 fundamentis
737 4673 892 4734 effectuum
919 4673 1104 4751 sideralium,
1136 4675 1293 4757 elmisdma
1315 4679 1456 4755 patescit:
1486 4682 1520 4735 ut
1540 4673 1612 4732 uuili

281 4744 376 4816 dubium
396 4773 462 4820 esse
483 4762 593 4838 possit,
616 4763 688 4838 quin
710 4761 801 4822 totius
823 4759 912 4839 hujus
935 4765 1032 4842 operis
1055 4765 1246 4842 omniumque
1268 4763 1332 4840 ejus
1355 4764 1480 4842 partium
1501 4763 1543 4822 sis
1564 4760 1613 4820 iu-

281 4840 342 4899 turus
361 4845 652 4924 intelligentissimus.
1547 4865 1559 4891 ι

222 4979 223 4986 ,
348 4929 440 5008 Major
462 4929 533 4994 raro
556 4935 629 4994 mihi
651 4953 741 4996 causa
768 4935 962 4998 dedicationis
977 4955 1028 4998 ex
1055 4939 1177 5015 antiqno
1208 4945 1253 4999 est
1275 4939 1341 4998 ista
1387 4937 1462 4998 Cum
1488 4937 1613 5016 primum

282 5019 331 5073 autc
350 5033 438 5080 annos
459 5021 550 5100 paulo
572 5024 669 5083 minus
690 5024 796 5101 viginti
810 5027 961 5086 materiam
976 5027 1073 5104 operis
1094 5027 1191 5085 animo
1216 5027 1415 5104 concepissem
1436 5024 1613 5101 titulumque

282 5097 486 5196 Ψωρωιὲω,
506 5108 638 5183 noudum
660 5113 784 5188 coguitis
806 5109 989 5190 planetarum
1011 5113 1142 5173 motibus
1164 5114 1303 5191 propriis,
1332 5114 1362 5170 in
1385 5112 1492 5189 quibus
1515 5119 1613 5172 tamen

283 5197 357 5286 {ima
375 5193 546 5258 hamouiaa
564 5199 717 5259 instinctus
732 5205 854 5260 naturae
870 5199 1016 5260 dictabatr
1037 5200 1099 5277 jam
1121 5209 1192 5260 tunc
1214 5217 1270 5276 ego
1293 5193 1487 5278 patrocinium
1507 5202 1612 5278 operis,

284 5281 422 5352 'qnando'
443 5283 474 5344 id
496 5284 666 5348 succederet
679 5285 910 5364 absolutumque
932 5281 1018 5364 esset,
1042 5287 1196 5365 Majestati
1219 5281 1288 5350 tuae
1309 5287 1474 5365 destinavi3
1497 5287 1613 5364 hocque
