4242 6384
554 752 618 815 tbi
965 750 1007 807 De
1024 750 1289 821 contentionibus
1307 728 1487 809 Harmonieis.

481 986 492 1007 ,
554 927 728 1005 formisque,
760 946 836 1005 quaa
863 930 982 1006 igneum
1003 929 1075 1008 quid
1097 938 1181 1006 sunt,
1212 932 1391 1010 progenitus.
1436 928 1514 989 Vide
1537 927 1644 1007 Optica
1665 948 1744 1005 mea,
1772 928 1813 989 iol.
1831 930 1867 1000 ii,

542 1016 608 1088 36,
632 1011 697 1079 27.’
719 1020 760 1085 (11.
783 1019 831 1075 143
849 1022 879 1088 s.)
1116 1082 1120 1091 .

641 1102 725 1161 Hanc
751 1106 866 1163 animae
889 1104 1015 1165 Telluris
1042 1104 1135 1164 veluti
1164 1107 1316 1165 materiam
1347 1106 1577 1179 assignabimus,
1610 1107 1638 1161 in
1667 1122 1753 1179 quam
1777 1103 1828 1177 jam
1845 1104 1870 1157 sit

555 1190 695 1267 impressa
719 1189 783 1249 loco
806 1192 917 1252 lormae
940 1194 1038 1269 imago
1071 1192 1170 1251 vultus
1194 1192 1294 1265 divini,
1318 1209 1383 1249 cnm
1407 1192 1479 1251 ideis
1496 1200 1555 1251 mm
1580 1190 1680 1251 circuli
1703 1192 1870 1263 rationumque

553 1276 617 1351 ejus
639 1280 777 1351 omnium,
797 1296 888 1354 quam
911 1282 1040 1356 corporis
1063 1282 1108 1339 sui
1130 1279 1255 1352 sensilis,
1279 1281 1325 1337 cui
1349 1278 1476 1355 regendo
1500 1280 1647 1357 praelecta
1670 1287 1724 1351 est,
1745 1276 1872 1349 mundique

553 1363 629 1422 adeo
653 1368 751 1438 totius,
775 1368 805 1423 in
828 1384 887 1442 quo
910 1384 1016 1443 corpus
1039 1367 1102 1443 ejus
1126 1367 1253 1425 loturum
1278 1374 1348 1425 erat.
1395 1366 1493 1425 Habet
1524 1368 1599 1425 enini
1624 1367 1706 1425 Deus
1728 1384 1781 1423 non
1799 1382 1873 1421 erenr-

464 1446 468 1451 ⁴
552 1451 646 1526 plaria
668 1461 781 1511 motum
803 1455 981 1529 geometrica
1003 1470 1112 1526 secum,
1135 1453 1189 1513 aed
1211 1456 1299 1512 etiarn
1315 1462 1473 1531 conceptus
1496 1454 1685 1513 creandarum
1709 1454 1824 1511 omniun
1842 1468 1875 1507 re·

553 1556 616 1595 rum
640 1540 804 1609 sensilium,
835 1558 911 1615 quae
934 1543 1033 1599 omnia
1055 1541 1143 1599 simul
1165 1548 1316 1599 transeunt
1340 1543 1367 1597 iu
1392 1543 1517 1612 animas,
1551 1542 1607 1599 Dei
1630 1541 1815 1616 exemplaris,
1839 1554 1876 1611 pro

554 1626 766 1703 cujusquevel
789 1638 878 1703 captu
901 1627 949 1685 vel
973 1646 1037 1686 usu.
1061 1628 1184 1687 Relucet
1207 1630 1294 1703 igitur
1317 1630 1467 1687 inanima
1490 1626 1616 1687 Telluris
1641 1631 1739 1702 imago
1761 1624 1875 1702 quaedam

554 1714 651 1771 circuli
673 1714 787 1773 zodiaci
809 1715 957 1773 sensibilis
972 1718 1121 1791 totiusque
1138 1716 1212 1773 adeo
1226 1715 1411 1788 firmamenti,
1435 1715 1581 1774 vinculum
1605 1714 1786 1791 sympathiae
1807 1728 1876 1769 rerum

554 1800 725 1861 coelestium
748 1811 778 1859 st
797 1804 993 1877 terrestrium;
1022 1802 1151 1861 relucent
1178 1803 1271 1861 multo
1301 1806 1427 1861 maxime
1457 1804 1487 1859 in
1517 1802 1568 1861 illa
1599 1802 1751 1879 archetypi
1777 1801 1876 1858 omniun

554 1889 645 1965 ipsius
668 1890 834 1947 muniorum
856 1892 1044 1965 omniumque
1066 1898 1211 1962 mutuum,
1241 1890 1348 1965 quibus
1380 1907 1484 1965 corpus
1514 1908 1596 1949 suum
1621 1900 1793 1965 quocunque
1813 1900 1876 1944 senen

555 1984 685 2049 moreat,
714 1993 802 2052 quam
824 1975 875 2035 alii
898 1983 1030 2050 donique,
1063 1995 1118 2053 ogo
1142 1975 1283 2056 z'seqynoz
1311 1975 1459 2035 lubentius
1489 1980 1712 2038 nominaverim.
1759 1976 1805 2033 Est
1823 1974 1876 2031 enin

554 2064 714 2121 animarum
737 2066 864 2129 ementis
885 2063 972 2138 baec,
1003 2073 1048 2123 cst
1070 2065 1171 2125 veluti*
1185 2060 1263 2143 ῥυσις
1285 2064 1428 2139 quaedam
1458 2064 1546 2140 hujus
1569 2065 1704 2127 liamrnae
1728 2066 1796 2133 ista,
1821 2058 1877 2135 quol

554 2167 667 2225 semper
689 2154 731 2213 ita
752 2159 821 2226 sunt
842 2160 1028 2227 comparatae
1050 2162 1150 2211 secum
1173 2154 1294 2233 animae
1312 2154 1393 2227 ipsae
1416 2153 1507 2224 intus,
1538 2170 1573 2211 ac
1596 2155 1621 2210 si
1644 2158 1765 2228 agerent
1786 2148 1824 2217 id,
1848 2146 1877 2205 cui

452 2276 456 2290 ·
555 2237 720 2315 peragendo
743 2238 837 2297 lectae
859 2250 942 2311 sunt,
974 2241 1038 2297 sive
1060 2247 1128 2298 actu
1151 2242 1298 2316 potiantur
1328 2240 1526 2298 instrumentis
1550 2242 1696 2316 corporis,
1727 2240 1789 2295 eive
1809 2238 1878 2308 impe·

555 2324 679 2386 diaotur.
723 2325 806 2387 Deus
828 2329 937 2403 quippe
966 2334 1012 2385 est
1038 2324 1242 2385 substantialis
1273 2328 1391 2401 energia
1414 2334 1442 2385 et
1465 2328 1529 2401 ipsa
1553 2326 1608 2385 bac
1631 2326 1753 2401 energia
1774 2320 1879 2381 subsistit

555 2416 602 2485 [ut
624 2411 660 2471 dc
683 2411 790 2471 divinis
813 2412 942 2471 humano
964 2430 1044 2472 more
1067 2409 1263 2495 balbutiam),
1295 2421 1324 2471 ct
1354 2414 1490 2487 imaginis
1515 2415 1608 2489 igitur
1638 2412 1758 2471 divinae
1781 2408 1878 2469 essentis

555 2496 584 2559 ἐν
598 2506 645 2575 rip
668 2496 789 2578 ireoyar
810 2503 954 2580 consistit,
977 2510 1010 2559 ut
1032 2500 1166 2561 flammae
1189 2498 1219 2561 ἐν
1233 2522 1274 2575 τῳ
1297 2495 1390 2579 doses:
1415 2508 1446 2558 ut
1469 2502 1524 2557 nisi
1547 2501 1630 2559 Dens
1652 2509 1801 2559 oeternum
1820 2495 1878 2553 illan

554 2594 747 2648 sustentasset
769 2586 935 2647 irradiando
959 2588 1023 2663 ejus
1046 2588 1138 2646 veluti
1161 2590 1325 2658 materiam,
1358 2588 1457 2645 subito
1480 2587 1610 2647 desitma
1636 2582 1878 2662 exstinguendaque

553 2674 647 2737 luerit.
692 2672 868 2751 Quanquam
890 2673 929 2735 ad
951 2675 1192 2733 individuationis
1208 2663 1286 2735 ¹serres
1308 2676 1483 2751 principium
1504 2692 1562 2733 non
1586 2682 1700 2733 tantum
1724 2685 1830 2748 corpus,
1848 2668 1879 2725 cui

554 2760 680 2837 regendo
703 2762 877 2839 praeficitur,
900 2760 953 2821 sad
975 2764 1064 2821 etiam
1080 2762 1154 2821 baec
1177 2764 1241 2839 ipsa
1257 2760 1417 2845 materialis
1441 2756 1640 2841 (quamprius
1657 2755 1811 2839 descripsi)
1831 2770 1878 2833 pti·

554 2848 644 2908 ticula
664 2853 709 2907 sui
732 2853 906 2926 requiratur,
928 2848 1111 2925 distinguens
1134 2848 1214 2907 illam
1237 2868 1256 2907 a
1278 2850 1382 2908 ceteris
1406 2850 1570 2907 animabus.

640 2934 792 3010 Quatenus
815 2938 904 3011 igitur
925 2937 999 2995 baec
1020 2939 1119 2997 anima
1133 2934 1240 2995 vcirculi
1264 2935 1378 2995 zodiaci
1400 2936 1453 2994 seu
1475 2936 1582 3013 potius·
1595 2936 1658 3011 ejus
1692 2934 1782 2995 centri
1809 2935 1880 3005 gestat

555 3022 659 3096 ideam,
682 3026 864 3101 persentiscit
885 3026 993 3101 etiam,
1015 3025 1066 3099 qui
1090 3023 1208 3101 planeta
1231 3026 1337 3099 quovis
1360 3030 1490 3099 tempore
1513 3023 1569 3081 sub
1593 3040 1651 3104 quo
1674 3021 1789 3081 zodiaci
1810 3012 1880 3093 gradi

555 3119 684 3170 versetm
705 3111 887 3187 angulosque
911 3110 1119 3183 radiationum,
1145 3113 1311 3169 coeuntium
1334 3112 1363 3167 in
1386 3109 1487 3187 Terra,
1509 3112 1641 3185 metiturq
1665 3118 1809 3185 quatenus
1830 3114 1881 3159 reu

555 3214 590 3255 ex
611 3197 738 3257 Divinae
767 3200 911 3258 esseutiae
940 3197 1126 3258 irradiatione
1156 3200 1284 3258 rationes
1314 3196 1412 3257 circuli
1442 3200 1634 3273 geometricas
1664 3204 1694 3255 et
1718 3192 1785 3277 (per
1805 3186 1880 3249 circuli

554 3286 800 3360 comparationem
823 3302 890 3344 com
911 3288 998 3343 certis
1020 3279 1250 3367 suispartibus)
1271 3286 1438 3345 harmonias
1461 3284 1665 3361 archetypales
1686 3282 1821 3357 suscepit,
1841 3289 1880 3331 nou

554 3388 625 3446 pure
647 3371 766 3447 quidem
788 3375 995 3449 geometricas,
1026 3372 1079 3431 sed
1110 3372 1305 3431 radiationum
1334 3371 1498 3431 lucidarum
1521 3373 1614 3431 veluti
1635 3386 1756 3429 saccaro
1780 3362 1880 3443 quolam

554 3456 704 3526 inductas,
728 3462 787 3518 imo
810 3462 927 3534 penitus
949 3460 1093 3532 imbutas,
1125 3476 1276 3519 mensuras
1300 3462 1387 3519 etiam
1411 3458 1583 3535 angulorum
1603 3460 1665 3534 jam
1688 3459 1817 3531 agnitas,
1845 3449 1881 3505 lui

556 3561 698 3620 congruas
720 3564 772 3606 seu
795 3546 993 3618 harmonicas,
1025 3546 1091 3605 illas
1118 3548 1292 3622 incongruos
1317 3546 1446 3622 judicat;
1474 3546 1619 3621 quatenus
1648 3544 1775 3621 deniqne
1804 3536 1881 3599 ecdem

555 3634 653 3691 anima
676 3634 827 3710 complexa
849 3642 894 3692 est
916 3633 998 3693 ideas
1019 3650 1139 3691 snorum
1168 3652 1287 3709 operum
1319 3638 1456 3709 (quorum
1486 3632 1716 3708 uniuscujusque
1746 3646 1830 3689 causa
1848 3618 1882 3679 illi

554 3726 599 3780 est
622 3720 713 3779 veluti
735 3720 860 3781 circulus
883 3720 1004 3796 quidam
1026 3720 1220 3799 operativae),
1244 3723 1273 3779 in
1297 3719 1348 3779 illa
1371 3722 1460 3779 etiam
1483 3737 1538 3779 sna
1561 3738 1651 3796 opera
1673 3734 1787 3795 semper
1807 3714 1881 3771 lertur.

553 3809 696 3883 insignius
719 3816 816 3869 nmen
841 3817 919 3880 tuuc,
942 3810 968 3867 si
990 3816 1049 3867 tres
1072 3808 1101 3867 bi
1118 3807 1214 3868 circuli
1238 3810 1434 3867 corrourrerint
1456 3814 1485 3866 et
1501 3808 1733 3885 conspiraverint
1756 3808 1783 3861 in
1805 3812 1882 3860 unuu,

554 3893 610 3953 boc
632 3904 677 3955 est
698 3898 724 3955 si
745 3899 852 3971 anima,
876 3912 928 3973 per
942 3902 1078 3972 aspectus
1102 3898 1148 3955 sui
1171 3897 1263 3974 ipsius
1279 3893 1437 3963 admonita,
1462 3898 1541 3970 operi
1566 3911 1619 3955 suo
1643 3910 1709 3953 cum
1730 3892 1825 3966 aliquo
1844 3900 1882 3941 ci·

556 3998 640 4042 oessu
663 3985 809 4047 institerit.
853 3982 1010 4060 Nunquam
1034 3983 1152 4059 qnidam
1177 3983 1227 4042 illa
1251 3990 1346 4043 cessat
1369 4002 1386 4041 a
1411 3981 1580 4057 coquendo,
1605 3990 1659 4039 nec'
1680 3994 1808 4057 unquam
1828 3974 1882 4029 haec

556 4078 673 4129 coctura
694 4074 823 4131 estsine
846 4072 926 4131 lumo
948 4078 978 4132 et
995 4088 1113 4147 vapore,
1137 4073 1207 4147 quin
1223 4088 1258 4132 ex
1281 4070 1362 4129 iumo
1377 4068 1489 4127 loseilia
1511 4068 1583 4127 liunt
1605 4064 1655 4149 (ut
1677 4086 1712 4127 ax
1737 4068 1818 4125 bimis
1839 4058 1881 4115 ior·

557 4173 661 4217 uacum
682 4159 894 4219 metalliosrnm
915 4160 1051 4218 consistit
1073 4152 1265 4237 arsenicum),
1288 4172 1324 4215 ex
1347 4172 1456 4233 vapore
1480 4174 1549 4214 vero
1572 4154 1682 4231 tepido,
1706 4157 1784 4212 intus
1806 4152 1830 4205 iu
1849 4144 1881 4243 lp·

553 4244 664 4319 pidosis
686 4245 794 4307 Terrae
816 4246 918 4305 uestis
938 4246 1109 4321 retractato
1132 4248 1220 4321 inque
1243 4250 1342 4318 guttas
1365 4252 1483 4316 coacto,
1509 4243 1628 4323 flumina
1647 4241 1687 4299 ad
1710 4259 1779 4301 suas
1800 4227 1881 4293 destil-

554 4331 617 4390 lant
638 4334 773 4407 origines,
797 4350 833 4393 ex
855 4332 968 4405 eodem,
992 4333 1070 4391 foras
1093 4349 1181 4408 supra
1204 4330 1311 4389 Terrae
1335 4330 1516 4406 superficiem
1540 4330 1714 4405 exspirante,
1740 4332 1788 4387 ab'r
1808 4321 1881 4397 spira·

554 4417 706 4494 biliaqui
729 4437 779 4497 per
800 4427 916 4479 noctem
937 4421 968 4476 iu
989 4437 1070 4480 rores
1093 4420 1191 4479 coiens
1215 4416 1375 4490 deciderat,
1397 4416 1528 4493 quotidie
1551 4428 1717 4475 renovatur.
1749 4414 1810 4473 Hoc
1830 4418 1881 4463 vti⁰

554 4508 668 4583 animae
691 4506 798 4567 Terrae
820 4524 895 4582 opus
918 4509 973 4565 etsi
994 4515 1168 4584 perpetuum
1191 4512 1251 4579 est,
1275 4522 1348 4581 opus
1372 4512 1469 4563 tamen
1493 4504 1546 4561 luit
1570 4504 1738 4562 excessibus
1760 4494 1880 4589 aliquibui

554 4594 584 4651 in
607 4592 806 4669 evaporando,
829 4610 887 4651 nou
903 4595 1050 4653 continuis
1074 4600 1137 4653 toto
1152 4592 1252 4669 aliquo
1276 4600 1414 4669 tempore,
1439 4591 1491 4650 sed
1514 4590 1552 4651 ad
1575 4598 1669 4651 certos
1687 4590 1749 4649 dies
1770 4584 1880 4645 redacte.

554 4689 585 4739 ut
608 4698 644 4741 ex
667 4683 753 4758 copia
774 4698 917 4757 vaporum
938 4683 1016 4739 loeas
1038 4682 1162 4739 emissae
1190 4678 1308 4757 pluviae
1335 4680 1535 4755 tempestivae,
1559 4678 1671 4737 solibus
1694 4684 1789 4736 tamen
1810 4672 1880 4727 inter-

554 4770 750 4844 currentibus,
779 4769 1050 4848 suppeditarentur,
1073 4768 1249 4843 ·superfioiei
1271 4760 1379 4825 Terrae
1405 4764 1612 4825 relocillandae
1635 4760 1879 4827 humectandaeqil

554 4870 652 4929 causa
675 4856 753 4917 unda
774 4856 873 4933 trugas
896 4864 925 4915 et
946 4854 1057 4932 pabula
1080 4854 1279 4917 animantibus
1302 4869 1483 4912 succrescere
1504 4860 1635 4929 possent.
1861 4922 1865 4935 ι

640 4942 775 5020 Objicero
798 4947 865 5024 quis
886 4942 957 5002 milei
981 4952 1082 5020 posset
1105 4942 1220 5004 striae
1243 4949 1273 5001 et
1294 4940 1446 4999 Peruanze
1470 4941 1662 5017 penitissima,
1684 4937 1777 4996 lineae
1798 4940 1878 5001 seqn-

553 5030 673 5091 noctiali
694 5032 837 5108 subjecta,
861 5031 968 5107 quibus
990 5030 1065 5093 locis
1081 5032 1236 5089 continuae
1257 5027 1377 5105 pluviae
1400 5044 1452 5103 per
1472 5035 1564 5087 totam
1587 5034 1728 5086 aestatem
1750 5016 1877 5107 decidenti

553 5114 603 5179 ubi
627 5118 715 5193 igitur
735 5119 784 5179 bio
806 5118 955 5179 distinctio
982 5123 1155 5193 aspectuum
1186 5134 1205 5177 a
1227 5114 1504 5189 configurationibus
1531 5110 1753 5173 inefficacibus?
1781 5105 1825 5165 ubi
1844 5112 1877 5195 iij

554 5202 738 5267 omitadmas
765 5205 873 5267 solium
895 5214 926 5267 st
947 5203 1109 5266 imbrium?
1138 5210 1169 5265 st
1198 5209 1238 5263 an'
1265 5218 1323 5263 nou
1352 5218 1454 5263 uorsus
1487 5202 1583 5277 Solis,
1611 5200 1749 5279 planetas
1770 5192 1876 5255 sotiani
