4242 6384
1055 800 1098 865 De
1116 808 1341 878 Propertionibus

614 1646 700 1713 (Brevi
717 1608 813 1697 lineola
833 1643 992 1695 semitonium
1010 1642 1271 1704 signetunmodlocrt
1291 1650 1365 1695 tonos
1384 1648 1473 1712 minor,
1491 1648 1648 1709 longlnsonls
1666 1645 1767 1713 maior.)

598 1756 689 1809 Prima
706 1794 794 1849 forma
810 1794 839 1847 in
931 1754 1048 1879 {3⁶ss
1064 1762 1124 1889 bfo
1160 1794 1253 1849 ‘loeus
1272 1794 1365 1863 major,
1384 1796 1478 1865 minor,
1501 1800 1679 1857 semitonium.

1723 1998 1792 2006 —-

600 2003 724 2058 Secunda
741 2003 830 2058 torma
847 2004 875 2059 in
930 1971 950 2096 (⁶3
982 1988 998 2097 ξ
1031 1972 1061 2111 a
1087 1976 1121 2115 ΞΡ
1158 1998 1364 2071 Tuscenium,
1383 2004 1477 2074 major,
1497 2006 1621 2063 semiton.
1703 2034 1808 2042 —

1710 2209 1798 2219 --

597 2210 690 2268 Tertia
706 2211 794 2268 torma
810 2211 840 2267 ln
929 2198 962 2306 σθ
977 2180 1112 2307 “dags’'
1158 2210 1251 2267 Tonus
1269 2212 1364 2281 major,
1385 2212 1522 2283 semiton,
1542 2214 1636 2270 minor.

598 2419 701 2487 Quarta
718 2420 805 2475 torma
822 2422 850 2477 in
929 2402 994 2492 bc
1029 2426 1049 2481 d
1084 2442 1098 2481 e
1157 2403 1300 2489 semimu,
1320 2428 1401 2477 tonus
1420 2422 1514 2491 major,
1532 2400 1655 2477 minor.¹
1702 2458 1710 2463 -

595 2628 696 2697 Quinto
713 2629 801 2686 torma
818 2631 846 2686 in
929 2598 957 2727 ἒ
1158 2631 1363 2702 Tuscenium,
1383 2632 1522 2702 semiton,
1540 2632 1634 2700 mejor.
1700 2634 1806 2713 {J

598 2848 682 2903 Sexta
699 2847 786 2905 torma
803 2850 831 2903 in
1159 2843 1302 2911 semiton,
1321 2848 1403 2896 tonus
1421 2840 1516 2909 minor,
1535 2839 1627 2906 major.
1699 2844 1806 2887 ΤΞ

602 2974 640 3033 Et
661 2974 718 3037 bns
740 2986 807 3037 sunt
829 2985 944 3039 tanturn
967 2982 1088 3057 perlecti
1112 2980 1294 3041 diatessaron
1317 2977 1444 3053 formse3
1473 2976 1509 3037 do
1533 2976 1712 3053 imperfectis
1725 2994 1799 3053 csp.
1826 2978 1864 3032 ll.

519 3078 653 3207 mmginn.
676 3158 774 3211 numm
797 3150 1013 3214 dissimulemus
1040 3154 1231 3215 differentiam
1255 3153 1316 3211 toni
1339 3152 1459 3226 majoris
1490 3160 1520 3213 et
1541 3154 1677 3226 minoris,
1708 3160 1743 3211 ut
1765 3152 1866 3213 iaciunt

517 3236 662 3313 organici,
687 3244 755 3297 tunc
778 3242 896 3307 omnino
919 3240 1029 3301 similia
1050 3252 1118 3301 sunt
1140 3240 1324 3301 tetrachorda
1347 3240 1493 3315 disjuncta
1516 3239 1653 3315 deinceps
1677 3242 1751 3299 ista:
1777 3272 1781 3281 =

967 3324 1103 3381 usse
1165 3323 1370 3392 'etdefpp

967 3394 1037 3451 ΟΔ
1056 3396 1105 3451 bo
1193 3400 1220 3448 et
1238 3392 1287 3453 dt
1314 3393 1370 3462 fs

929 3462 1006 3517 Haec
1025 3465 1080 3517 ima
1194 3462 1307 3517 ethaeo
1329 3476 1441 3515 summa.

1292 3536 1507 3547 ..mmm—sn-

600 3600 743 3679 Utrinque
766 3608 951 3667 semitonium
972 3616 1017 3667 est
1037 3606 1103 3668 loco
1127 3606 1247 3680 eodem,
1278 3605 1326 3666 vel
1349 3623 1462 3665 summo
1494 3605 1543 3665 rel
1564 3604 1677 3679 medio,
1709 3604 1865 3665 differentis

514 3688 609 3749 solum
630 3688 698 3765 illa,
727 3692 807 3767 quod
830 3712 888 3753 uno
910 3702 1054 3755 commate
1083 3694 1172 3755 altius
1196 3702 1240 3753 est
1263 3694 1449 3753 semitonium
1481 3695 1509 3751 in
1532 3692 1660 3753 inferiori
1684 3688 1863 3753 tetrachordo

515 3796 604 3855 quam
619 3779 655 3850 in
671 3781 841 3858 superiorl3
863 3800 940 3859 quae
963 3782 1126 3842 differentia
1149 3786 1223 3842 inter
1246 3780 1409 3841 canendum
1430 3798 1489 3840 non
1512 3780 1608 3841 valde·
1623 3782 1757 3839 sentitur.

603 3864 681 3925 Huic
703 3868 791 3943 igitur
813 3870 1062 3931 tetrachordorum
1086 3869 1268 3929 similitudini
1299 3876 1346 3929 est
1367 3870 1466 3928 innixa
1496 3870 1683 3944 transpositio
1705 3874 1810 3926 cantus
1833 3862 1862 3920 dc

514 3954 598 4013 clave
620 3956 650 4013 in
673 3952 802 4031 clavem,
832 3960 942 4031 usitata
969 3960 1103 4033 musicis;
1135 3964 1217 4017 tanto
1240 3956 1418 4032 expeditior,
1453 3954 1532 4033 quod
1562 3956 1692 4031 organici
1716 3956 1861 4017 discrimen

516 4050 650 4103 tonorum
674 4043 796 4121 mauris
818 4052 848 4105 ct
869 4047 991 4107 minoris
1013 4054 1042 4105 et
1065 4052 1162 4107 cetera
1185 4044 1375 4106 sustulerunt.

597 4128 726 4191 Rursum
749 4130 822 4193 boec
844 4132 1094 4193 tetrachordorum
1116 4130 1277 4193 similitudo
1300 4138 1329 4217 et
1351 4130 1455 4208 tripler'r
1470 4130 1599 4194 varietus
1614 4130 1728 4207 peperit
1751 4132 1781 4187 in
1803 4143 1861 4185 mu-

513 4219 575 4277 sica
597 4219 750 4279 recentiori
773 4237 826 4279 sex
846 4220 914 4280 illas
936 4219 1069 4297 syllabas
1092 4228 1142 4293 ot,
1165 4238 1212 4293 re,
1242 4221 1300 4291 mi,
1329 4218 1380 4295 sc,
1403 4218 1462 4287 sol,
1485 4218 1533 4289 lo,
1565 4219 1672 4293 quibus
1695 4216 1862 4281 sublevatur

511 4307 651 4364 memoria
671 4302 855 4365 discentium.
901 4306 1014 4381 Quodsi
1042 4324 1102 4367 una
1130 4306 1194 4367 sols
1217 4314 1323 4367 octava
1345 4312 1513 4375 canuntur,
1537 4306 1700 4381 composita
1733 4322 1769 4363 eu
1793 4301 1860 4359 duo-

511 4392 567 4450 bus
590 4392 782 4461 tetrachordis
804 4393 966 4469 similibus,
995 4405 1165 4470 poteramus
1196 4410 1260 4451 esse
1283 4394 1411 4451 contenti
1435 4400 1561 4467 quotuor
1583 4390 1653 4451 solis
1675 4390 1801 4469 syllabis
1821 4394 1859 4455 ct,

510 4497 557 4552 re,
588 4480 647 4553 mi,
679 4480 731 4556 fo,
753 4487 804 4558 ut,
826 4500 874 4555 re,
897 4483 954 4553 mi,
977 4482 1030 4557 sn,
1064 4480 1247 4539 dissimulato
1270 4478 1435 4538 discrimine
1458 4481 1532 4536 inter
1554 4485 1649 4552 tonos,
1674 4478 1814 4553 maj0rem
1835 4480 1860 4531 et

511 4568 661 4625 minorem.
706 4565 766 4646 Sed
788 4570 947 4642 quissent
969 4569 1025 4627 tria
1048 4568 1115 4626 loca
1137 4568 1283 4626 semitonii
1307 4570 1335 4625 in
1358 4564 1552 4636 tetrachordo,
1575 4584 1612 4625 ne
1634 4567 1723 4637 igitur
1747 4565 1859 4623 nimium

510 4652 661 4728 generales
684 4663 781 4713 essent
803 4654 860 4714 bae
883 4653 1027 4729 syllabae,
1051 4656 1122 4730 quin
1145 4657 1256 4731 potius,
1280 4658 1314 4712 ut
1335 4670 1448 4730 semper
1471 4652 1657 4711 denotaretur
1678 4652 1858 4711 semitonium

510 4758 561 4816 per
583 4738 630 4801 Mi
646 4738 704 4810 Fa,
730 4740 777 4800 vel
801 4740 852 4801 Fu
868 4740 922 4816 Mi,
946 4744 1076 4817 oportuit
1098 4740 1171 4803 duas
1194 4741 1268 4800 alias
1291 4741 1429 4800 accedere
1453 4740 1592 4816 syllabas,
1617 4748 1650 4799 ut
1672 4740 1701 4797 in
1725 4740 1770 4799 bis
1794 4733 1855 4817 (Ut,

509 4846 559 4902 re,
589 4831 649 4901 mi,
681 4824 732 4909 fo)
757 4837 835 4888 essct
857 4830 1043 4887 semitonium
1066 4829 1133 4887 loco
1156 4843 1300 4906 supremo,
1324 4830 1352 4885 in
1377 4828 1423 4887 his
1447 4843 1516 4886 vern
1540 4822 1614 4907 (Re,
1638 4830 1695 4901 mi,
1722 4828 1775 4901 so,
1804 4817 1856 4900 sol)

510 4910 696 4973 semitonium
719 4924 797 4975 esset
823 4916 890 4975 loco
913 4914 1024 4989 medlo,
1054 4916 1180 4991 denique
1211 4917 1240 4973 in
1263 4914 1308 4974 bis
1332 4912 1408 4996 (Mo,
1437 4914 1487 4989 so,
1518 4916 1577 4981 sol,
1609 4914 1655 4987 lu)
1678 4912 1855 4973 semitonium

510 5008 588 5061 essct
609 5002 667 5061 imo
689 5002 765 5064 loco.
810 5004 909 5079 Atque
936 5003 1010 5063 baec
1038 5010 1211 5077 causaest,
1243 5018 1293 5061 cur
1315 5021 1366 5062 sex
1389 5000 1512 5079 syllabis
1543 5002 1587 5061 usi
1611 5004 1669 5061 sint
1695 5002 1854 5059 inventores

510 5090 644 5161 musices,
667 5106 725 5149 non
749 5098 824 5151 octo.
870 5090 974 5166 ltaque
996 5090 1099 5150 videat
1121 5090 1213 5167 Belga
1237 5089 1300 5162 ills,
1325 5092 1374 5166 qui
1397 5104 1449 5167 pro
1473 5106 1540 5159 sex,
1564 5096 1675 5167 septem
1698 5078 1852 5161 lecit‚'llo,

511 5194 550 5249 oc,
575 5174 615 5251 di,
638 5194 688 5252 gn,
711 5178 749 5252 lo,
773 5196 835 5253 mn,
857 5180 901 5251 ni,
926 5176 1005 5254 quod
1028 5196 1064 5238 ex
1087 5176 1143 5237 hoc
1166 5184 1332 5251 augmento«
1347 5176 1458 5235 lucrum
1481 5174 1599 5235 habeat.
1643 5176 1718 5235 Nam
1745 5176 1769 5233 si
1792 5186 1853 5230 ceo·

508 5265 577 5338 snit,
600 5279 689 5325 voces
712 5264 895 5344 usurpandas
917 5264 1035 5343 aequali
1065 5282 1186 5327 numero
1209 5284 1275 5327 cum
1298 5264 1414 5327 chordis
1444 5264 1530 5328 unius
1553 5272 1693 5339 octavae,
1724 5280 1781 5322 nna
1802 5258 1852 5317 mi·
