4242 6384
1026 1859 1298 2055 Ιιιιιιιιι

797 2163 852 2234 ad
889 2163 1058 2238 librum
1095 2162 1132 2234 V.
1170 2161 1556 2234 Hurmonlcorum.

592 2588 689 2664 Quam
710 2606 801 2666 supra
822 2590 851 2646 in
875 2589 972 2652 indice
994 2591 1123 2668 capitum
1146 2591 1213 2650 libri
1229 2577 1265 2648 V.
1289 2590 1438 2668 protessus
1460 2609 1524 2650 anm
1545 2593 1759 2670 appendicem:
1782 2591 1848 2650 illam
1884 2623 1885 2648 l

503 2678 552 2739 bic
573 2694 632 2738 uon
656 2683 701 2737 eat
722 2681 755 2746 ut
777 2685 928 2756 exspectet
948 2676 1056 2741 lectur:
1884 2699 1885 2708 ¹

1256 2763 1415 2838 Amphora
1438 2769 1534 2842 coepit

798 2847 936 2923 Irutitui,
960 2859 1101 2914 merente
1122 2859 1191 2913 roto
1213 2868 1321 2910 verum
1343 2869 1452 2912 urceus
1474 2856 1543 2914 escit.
1884 2895 1885 2906 ,

502 2937 615 2998 Causas
639 2937 735 2998 dicam
758 2938 900 2998 breviter:
923 2954 1063 3015 magnum
1087 2947 1116 2997 et
1137 2937 1288 2997 exundans
1311 2937 1417 2996 flumen
1441 2955 1499 2998 non
1524 2940 1675 3000 commoda
1700 2943 1847 3016 navigatu·
1884 2957 1885 3000 ι

503 3043 553 3084 rus
575 3043 671 3099 eram,
701 3043 768 3086 cum
790 3041 857 3084 ecce
881 3027 974 3102 copiis
995 3041 1139 3101 aquarum
1171 3027 1199 3082 in
1223 3019 1339 3083 tenuem
1362 3027 1458 3084 tinum
1492 3027 1713 3088 subsidentibus
1753 3025 1847 3084 verdun
1882 3015 1885 3098 l

502 3115 609 3189 patuit,
632 3111 711 3188 quod
733 3113 824 3188 pedes
848 3113 1009 3185 transirem,
1032 3113 1102 3169 navi
1127 3115 1155 3170 in
1180 3129 1234 3169 atta
1257 3114 1383 3170 statione
1406 3113 1507 3176 relicta
1530 3113 1566 3172 ad
1592 3133 1662 3174 usura
1687 3117 1782 3187 magis
1804 3129 1846 3168 ne·
1884 3111 1885 3176 l

502 3199 653 3261 mutuos.
699 3197 765 3260 Hoc
794 3206 839 3258 est
867 3197 946 3274 quod
975 3198 1069 3258 dicor·
1091 3199 1255 3260 Ptolemaei
1279 3198 1430 3258 Hormou.
1459 3189 1530 3258 libri
1553 3201 1624 3275 111,
1654 3218 1733 3276 quos
1765 3197 1847 3259 habco

503 3284 634 3348 Graecus
655 3287 888 3362 manscriptoa,
916 3303 982 3346 cum
1005 3288 1221 3346 commentariis
1243 3273 1399 3362 Porphyrii
1428 3286 1596 3364 philosophi
1629 3287 1846 3362 profundissimi,
1884 3313 1885 3346 l

502 3372 603 3433 itidem
623 3371 756 3444 Graecia,
788 3373 826 3431 ab
858 3374 942 3433 initio
964 3389 1060 3448 usque
1093 3373 1131 3432 ad
1153 3371 1204 3432 lib.
1229 3371 1268 3430 II.
1298 3389 1362 3448 cap.
1392 3375 1420 3437 i.
1454 3373 1531 3448 digni
1563 3375 1632 3432 mihi
1664 3392 1781 3453 semper
1802 3371 1848 3430 viai
1884 3355 1885 3432 l

502 3467 579 3533 suot,
603 3462 654 3536 qui
677 3457 876 3531 Graeculatini
899 3461 1140 3540 integriexirent
1163 3461 1191 3518 in
1214 3457 1373 3534 publicum,
1398 3459 1491 3536 eaque
1516 3461 1550 3518 de
1568 3479 1657 3520 eritrea
1680 3475 1751 3524 ente
1766 3475 1846 3519 annua
1884 3457 1885 3520 l

506 3549 652 3622 10,.cocpi
673 3546 742 3606 illos
766 3549 794 3627 in
819 3545 958 3607 latinum
979 3563 1142 3606 sermonem
1166 3555 1295 3617 vertere,
1323 3563 1399 3620 quae
1423 3550 1519 3606 versio
1542 3551 1683 3624 prooessit
1709 3567 1797 3625 usque
1817 3543 1847 3602 ed

501 3631 690 3695 medietatem
713 3633 823 3694 codicis
845 3631 1051 3711 Porphyrium.
1097 3632 1163 3709 Quo
1186 3635 1282 3692 mlnua
1305 3629 1426 3692 ulterius
1454 3653 1616 3709 pergerem,
1648 3637 1845 3712 impedimento
1882 3701 1883 3704 Ἴ

501 3720 573 3780 mibi
594 3721 651 3780 luit
671 3719 729 3780 loci
752 3721 885 3792 mutatio,
907 3721 1065 3796 conjuncta
1088 3738 1154 3781 cnm
1176 3720 1307 3798 plurimis
1323 3720 1483 3798 molestiis,
1500 3731 1529 3787 at
1552 3731 1709 3799 pusionem
1728 3724 1845 3782 lineium

502 3810 586 3881 ueni,
609 3825 722 3875 novum
748 3807 913 3866 studiorum
933 3811 1195 3868 aabonomicornm
1224 3809 1348 3866 initium.
1394 3807 1434 3866 At
1452 3825 1527 3872 ,vero
1558 3827 1623 3868 cum
1653 3819 1725 3872 ante
1749 3824 1844 3869 annum

501 3897 718 3974 proposuissem
740 3911 821 3954 meos
842 3893 1086 3956 Hermonicorum
1110 3895 1200 3955 libros
1223 3893 1260 3952 V.
1285 3893 1379 3963 edere,
1402 3905 1580 3954 momentum
1598 3900 1702 3972 ingens
1722 3893 1843 3956 ridebam

502 3985 591 4042 situm
622 3984 651 4038 in
676 3983 894 4058 comparatione
922 3984 981 4044 mei
1004 3983 1101 4058 operia
1132 3999 1198 4044 cum
1222 3981 1417 4049 Ptolemaiou,
1449 3987 1618 4058 praesertim
1650 3985 1715 4042 iibri
1740 3985 1792 4042 mei
1816 3979 1843 4035 V.

502 4087 568 4129 cnm
591 4070 703 4131 ultimis
732 4069 878 4147 capitibus
900 4069 951 4128 lib.
974 4069 1030 4127 lli.
1054 4069 1233 4140 Ptolemaei,
1263 4084 1384 4144 qnorum
1408 4069 1464 4128 triu
1488 4079 1616 4128 extrema
1649 4070 1721 4129 nibil
1746 4070 1843 4129 babent
1884 4085 1885 4132 l

501 4157 558 4214 nisi
581 4155 721 4214 lemmata
742 4175 795 4215 seu
818 4155 920 4215 titulus
942 4173 962 4215 a
982 4155 1184 4216 Ptolemaeo·
1211 4155 1315 4231 Itaque
1331 4155 1492 4214 reluctante
1516 4160 1603 4230 genio
1627 4159 1765 4234 proposui
1782 4173 1842 4230 ope·

502 4245 543 4301 ris
564 4259 598 4302 aa
620 4246 685 4320 ipso
708 4243 804 4302 mutili
826 4240 915 4302 un'am
937 4241 1030 4302 aelam
1054 4251 1168 4320 partem
1191 4240 1354 4318 decerpere,
1379 4259 1455 4316 quae
1472 4246 1597 4302 maxime
1620 4243 1658 4303 ed
1681 4263 1775 4305 meam
1789 4260 1842 4299 nu·
1884 4271 1885 4274 =

502 4331 607 4390 teriam
638 4329 776 4421 inciebpt.
821 4327 916 4404 Quem
945 4328 983 4389 ad
1015 4329 1103 4390 finem
1132 4338 1162 4388 et
1193 4329 1265 4387 verti
1298 4329 1401 4407 librum
1425 4329 1586 4390 Ptolemaei
1611 4330 1665 4388 lll.
1695 4352 1715 4390 a
1737 4350 1798 4406 cop.
1820 4329 1841 4383 3.

501 4415 540 4476 ad
562 4416 649 4476 linem
674 4424 704 4475 et
725 4416 819 4475 tribus
840 4415 950 4474 ultimis
972 4416 1161 4477 lemmatibus
1183 4416 1319 4474 inenibus
1342 4431 1412 4474 suos
1427 4423 1524 4476 textus
1544 4435 1579 4476 ex
1594 4421 1746 4494 principiis
1761 4424 1841 4477 nstro-

501 4505 619 4563 nomiaa
641 4503 841 4563 Ptolomeicus
865 4511 952 4562 etex
975 4512 1072 4565 nieme
1096 4505 1224 4564 auctoris
1248 4511 1359 4578 quanta
1382 4505 1478 4578 potuit
1501 4504 1562 4564 lieri
1585 4503 1760 4565 dexteritate
1781 4518 1840 4562 con·

502 4594 635 4650 cinnatoa
658 4590 794 4665 subjeci,
817 4596 845 4648 et
869 4588 994 4665 deniqne
1017 4592 1241 4649 commentarios
1264 4606 1317 4648 eeu
1340 4599 1425 4648 notas
1449 4590 1558 4668 adjeci,
1591 4593 1698 4666 ortibus
1728 4603 1758 4672 et
1778 4591 1838 4648 Por·

501 4677 663 4754 pbyrianae
687 4678 956 4748 commentationis,
987 4676 1038 4734 lib.
1062 4677 1101 4735 ΙΙ.
1126 4679 1222 4754 capite
1246 4679 1274 4736 7.
1299 4676 1455 4754 abruptae,
1485 4677 1615 4736 delectus
1640 4681 1668 4736 in
1691 4679 1748 4740 hoc
1770 4675 1838 4736 tertio

504 4763 656 4842 suppletur
678 4763 708 4825 e't
730 4767 850 4823 inventa
873 4763 1054 4822 Ptolemaiou
1083 4781 1148 4822 cnm
1173 4767 1244 4823 meis
1266 4761 1471 4838 comparentur
1494 4773 1524 4824 at
1547 4765 1701 4824 discrimen
1724 4760 1839 4824 paternell-

502 4861 550 4910 tur
573 4853 647 4912 inter
668 4851 831 4918 Ptolemaei
854 4851 1061 4929 symboliamoa
1085 4859 1114 4910 et
1136 4869 1217 4910 meas
1239 4849 1501 4910 demonstrationes
1518 4851 1681 4926 legitimas,
1705 4853 1782 4910 unde
1802 4851 1837 4902 in·

503 4938 626 4997 tinnitus
644 4932 688 4999 ¹et
710 4938 893 5014 imperiectio
915 4937 1172 5015 symbolismorum
1195 4937 1310 4996 illorum
1344 4946 1373 4996 et
1396 4955 1487 4998 causa
1508 4941 1662 5014 potissime
1692 4940 1777 5015 hujus
1797 4934 1837 5000 rel,

502 5043 544 5084 sc.
558 5024 672 5084 ielainta
688 5029 894 5103 principiorum
909 5027 1106 5085 astronomiae
1121 5024 1319 5085 Ptolemaicac
1335 5027 1470 5101 patescit.
1509 5025 1581 5084 Cum
1595 5028 1687 5100 igilur
1702 5027 1766 5086 sula
1778 5023 1836 5081 baec

503 5111 649 5194 appendix
674 5113 711 5174 ad
725 5104 776 5173 ‘30
798 5116 921 5194 paginas
943 5112 1011 5173 libri
1033 5119 1212 5196 occupatura
1235 5119 1327 5187 esset,
1360 5125 1427 5174 ecce
1451 5125 1582 5174 coortum
1611 5115 1723 5176 intereo
1744 5109 1835 5174 bellun
