<?xml version="1.0" encoding="UTF-8"?>
<!DOCTYPE html PUBLIC "-//W3C//DTD XHTML 1.0 Transitional//EN"
    "http://www.w3.org/TR/xhtml1/DTD/xhtml1-transitional.dtd">
<html xmlns="http://www.w3.org/1999/xhtml" xml:lang="en" lang="en">
 <head>
  <title>
</title>
<meta http-equiv="Content-Type" content="text/html;charset=utf-8" />
  <meta name='ocr-system' content='tesseract 3.04.00' />
  <meta name='ocr-capabilities' content='ocr_page ocr_carea ocr_par ocr_line ocrx_word'/>
</head>
<body>
  <div class='ocr_page' id='page_1' title='image "./joanniskepleria20frisgoog_0221.png"; bbox 0 0 4242 6384; ppageno 0'>
   <div class='ocr_carea' id='block_1_1' title="bbox 680 740 1601 845">
    <p class='ocr_par' dir='ltr' id='par_1_1' title="bbox 680 740 1601 845">
     <span class='ocr_line' id='line_1_1' title="bbox 680 740 1601 845; baseline 0.005 -41"><span class='ocrx_word' id='word_1_1' title='bbox 680 743 828 805; x_wconf 72' lang='lat' dir='ltr'><strong>leber-111</strong></span> <span class='ocrx_word' id='word_1_2' title='bbox 844 742 984 815; x_wconf 65' lang='lat' dir='ltr'><strong>mauric</strong></span> <span class='ocrx_word' id='word_1_3' title='bbox 999 740 1117 815; x_wconf 77' lang='lat' dir='ltr'><strong>politica</strong></span> <span class='ocrx_word' id='word_1_4' title='bbox 1507 748 1569 809; x_wconf 76' lang='lat' dir='ltr'><strong>nor</strong></span> <span class='ocrx_word' id='word_1_5' title='bbox 1597 832 1601 845; x_wconf 16' lang='grc' dir='ltr'>ἣ</span> 
     </span>
    </p>
   </div>
   <div class='ocr_carea' id='block_1_2' title="bbox 244 918 1575 2661">
    <p class='ocr_par' dir='ltr' id='par_1_2' title="bbox 244 918 1575 2661">
     <span class='ocr_line' id='line_1_2' title="bbox 248 918 1571 1002; baseline -0.002 -18"><span class='ocrx_word' id='word_1_6' title='bbox 248 924 413 984; x_wconf 83' lang='lat' dir='ltr'><strong>lamoniam</strong></span> <span class='ocrx_word' id='word_1_7' title='bbox 432 931 541 1000; x_wconf 84' lang='lat' dir='ltr'><strong>monet,</strong></span> <span class='ocrx_word' id='word_1_8' title='bbox 555 928 586 983; x_wconf 76' lang='grc'><strong>’1</strong></span> <span class='ocrx_word' id='word_1_9' title='bbox 607 940 679 985; x_wconf 80' lang='lat' dir='ltr'><strong>cero</strong></span> <span class='ocrx_word' id='word_1_10' title='bbox 699 922 831 1002; x_wconf 87' lang='lat' dir='ltr'><strong>plebem,</strong></span> <span class='ocrx_word' id='word_1_11' title='bbox 859 938 946 1001; x_wconf 79' lang='lat' dir='ltr'><strong>quem</strong></span> <span class='ocrx_word' id='word_1_12' title='bbox 966 938 1120 985; x_wconf 73' lang='lat' dir='ltr'><strong>numuem</strong></span> <span class='ocrx_word' id='word_1_13' title='bbox 1140 928 1218 983; x_wconf 89' lang='lat' dir='ltr'><strong>recle</strong></span> <span class='ocrx_word' id='word_1_14' title='bbox 1240 918 1365 986; x_wconf 77' lang='lat' dir='ltr'><strong>uldrmtt</strong></span> <span class='ocrx_word' id='word_1_15' title='bbox 1385 920 1424 982; x_wconf 87' lang='lat' dir='ltr'><strong>eb</strong></span> <span class='ocrx_word' id='word_1_16' title='bbox 1447 928 1571 998; x_wconf 79' lang='lat' dir='ltr'><strong>utroque</strong></span> 
     </span>
     <span class='ocr_line' id='line_1_3' title="bbox 246 1010 1568 1092; baseline -0.003 -21"><span class='ocrx_word' id='word_1_17' title='bbox 246 1014 355 1088; x_wconf 84' lang='lat' dir='ltr'><strong>priorum</strong></span> <span class='ocrx_word' id='word_1_18' title='bbox 376 1010 552 1092; x_wconf 59' lang='lat' dir='ltr'><strong>discedere.</strong></span> <span class='ocrx_word' id='word_1_19' title='bbox 594 1011 744 1071; x_wconf 86' lang='lat' dir='ltr'><strong>Potuiseet</strong></span> <span class='ocrx_word' id='word_1_20' title='bbox 764 1011 871 1071; x_wconf 87' lang='lat' dir='ltr'><strong>melius</strong></span> <span class='ocrx_word' id='word_1_21' title='bbox 892 1013 936 1069; x_wconf 91' lang='lat' dir='ltr'><strong>uti</strong></span> <span class='ocrx_word' id='word_1_22' title='bbox 956 1010 1036 1071; x_wconf 84' lang='lat' dir='ltr'><strong>bisce</strong></span> <span class='ocrx_word' id='word_1_23' title='bbox 1059 1010 1236 1091; x_wconf 68' lang='lat' dir='ltr'><strong>d,.b,9;.</strong></span> <span class='ocrx_word' id='word_1_24' title='bbox 1255 1024 1324 1074; x_wconf 83' lang='lat' dir='ltr'><strong>nem</strong></span> <span class='ocrx_word' id='word_1_25' title='bbox 1354 1018 1388 1069; x_wconf 90' lang='lat' dir='ltr'><strong>ut</strong></span> <span class='ocrx_word' id='word_1_26' title='bbox 1419 1010 1568 1069; x_wconf 79' lang='lat' dir='ltr'><strong>bonerii</strong></span> 
     </span>
     <span class='ocr_line' id='line_1_4' title="bbox 246 1095 1572 1183; baseline -0.003 -24"><span class='ocrx_word' id='word_1_27' title='bbox 246 1100 409 1159; x_wconf 75' lang='lat' dir='ltr'><strong>lemnum</strong></span> <span class='ocrx_word' id='word_1_28' title='bbox 431 1098 510 1173; x_wconf 69' lang='lat' dir='ltr'><strong>iecit</strong></span> <span class='ocrx_word' id='word_1_29' title='bbox 532 1102 553 1157; x_wconf 88' lang='grc'><strong>4</strong></span> <span class='ocrx_word' id='word_1_30' title='bbox 575 1116 642 1161; x_wconf 89' lang='lat' dir='ltr'><strong>curu</strong></span> <span class='ocrx_word' id='word_1_31' title='bbox 663 1098 766 1159; x_wconf 89' lang='lat' dir='ltr'><strong>eodem</strong></span> <span class='ocrx_word' id='word_1_32' title='bbox 790 1102 809 1157; x_wconf 82' lang='lat'><strong>9</strong></span> <span class='ocrx_word' id='word_1_33' title='bbox 832 1096 942 1160; x_wconf 87' lang='lat' dir='ltr'><strong>nullam</strong></span> <span class='ocrx_word' id='word_1_34' title='bbox 963 1096 1042 1171; x_wconf 80' lang='grc'><strong>16611,</strong></span> <span class='ocrx_word' id='word_1_35' title='bbox 1065 1100 1107 1157; x_wconf 83' lang='grc'><strong>116</strong></span> <span class='ocrx_word' id='word_1_36' title='bbox 1130 1095 1281 1183; x_wconf 66' lang='lat' dir='ltr'><strong>nobiliteti⁸</strong></span> <span class='ocrx_word' id='word_1_37' title='bbox 1295 1096 1410 1157; x_wconf 75' lang='lat' dir='ltr'><strong>facilior</strong></span> <span class='ocrx_word' id='word_1_38' title='bbox 1432 1104 1477 1155; x_wconf 88' lang='lat' dir='ltr'><strong>est</strong></span> <span class='ocrx_word' id='word_1_39' title='bbox 1498 1110 1572 1169; x_wconf 83' lang='lat' dir='ltr'><strong>eon·</strong></span> 
     </span>
     <span class='ocr_line' id='line_1_5' title="bbox 245 1184 1574 1263; baseline -0.003 -18"><span class='ocrx_word' id='word_1_40' title='bbox 245 1188 352 1245; x_wconf 77' lang='grc'><strong>6661666</strong></span> <span class='ocrx_word' id='word_1_41' title='bbox 373 1204 442 1247; x_wconf 86' lang='lat' dir='ltr'><strong>cum</strong></span> <span class='ocrx_word' id='word_1_42' title='bbox 464 1186 560 1263; x_wconf 85' lang='lat' dir='ltr'><strong>plebe,</strong></span> <span class='ocrx_word' id='word_1_43' title='bbox 585 1203 674 1263; x_wconf 88' lang='lat' dir='ltr'><strong>quam</strong></span> <span class='ocrx_word' id='word_1_44' title='bbox 695 1188 775 1262; x_wconf 80' lang='lat' dir='ltr'><strong>regi3</strong></span> <span class='ocrx_word' id='word_1_45' title='bbox 797 1193 827 1246; x_wconf 91' lang='lat' dir='ltr'><strong>ct</strong></span> <span class='ocrx_word' id='word_1_46' title='bbox 848 1194 882 1243; x_wconf 85' lang='lat' dir='ltr'><strong>et</strong></span> <span class='ocrx_word' id='word_1_47' title='bbox 904 1186 922 1243; x_wconf 93' lang='grc'><strong>6</strong></span> <span class='ocrx_word' id='word_1_48' title='bbox 951 1193 996 1245; x_wconf 89' lang='lat' dir='ltr'><strong>est</strong></span> <span class='ocrx_word' id='word_1_49' title='bbox 1021 1184 1148 1245; x_wconf 89' lang='lat' dir='ltr'><strong>medium</strong></span> <span class='ocrx_word' id='word_1_50' title='bbox 1171 1186 1376 1261; x_wconf 84' lang='lat' dir='ltr'><strong>geometricum</strong></span> <span class='ocrx_word' id='word_1_51' title='bbox 1404 1186 1479 1243; x_wconf 89' lang='lat' dir='ltr'><strong>inter</strong></span> <span class='ocrx_word' id='word_1_52' title='bbox 1500 1186 1521 1241; x_wconf 85' lang='grc'><strong>4</strong></span> <span class='ocrx_word' id='word_1_53' title='bbox 1543 1192 1574 1243; x_wconf 89' lang='lat' dir='ltr'><strong>et</strong></span> 
     </span>
     <span class='ocr_line' id='line_1_6' title="bbox 248 1270 1572 1355; baseline -0.002 -23"><span class='ocrx_word' id='word_1_54' title='bbox 248 1277 269 1343; x_wconf 83' lang='grc'><strong>8,</strong></span> <span class='ocrx_word' id='word_1_55' title='bbox 288 1274 462 1335; x_wconf 77' lang='lat' dir='ltr'><strong>concordem</strong></span> <span class='ocrx_word' id='word_1_56' title='bbox 484 1275 619 1350; x_wconf 74' lang='lat' dir='ltr'><strong>uidone,</strong></span> <span class='ocrx_word' id='word_1_57' title='bbox 648 1276 691 1333; x_wconf 89' lang='lat' dir='ltr'><strong>sic</strong></span> <span class='ocrx_word' id='word_1_58' title='bbox 711 1272 850 1333; x_wconf 84' lang='lat' dir='ltr'><strong>nobilitas</strong></span> <span class='ocrx_word' id='word_1_59' title='bbox 871 1290 924 1348; x_wconf 91' lang='lat' dir='ltr'><strong>pro</strong></span> <span class='ocrx_word' id='word_1_60' title='bbox 947 1270 1064 1355; x_wconf 78' lang='lat' dir='ltr'><strong>vinculo</strong></span> <span class='ocrx_word' id='word_1_61' title='bbox 1087 1273 1239 1348; x_wconf 81' lang='lat' dir='ltr'><strong>interjecta</strong></span> <span class='ocrx_word' id='word_1_62' title='bbox 1260 1279 1311 1331; x_wconf 85' lang='lat' dir='ltr'><strong>est.</strong></span> <span class='ocrx_word' id='word_1_63' title='bbox 1326 1274 1401 1334; x_wconf 89' lang='lat' dir='ltr'><strong>inter</strong></span> <span class='ocrx_word' id='word_1_64' title='bbox 1420 1288 1520 1347; x_wconf 77' lang='lat' dir='ltr'><strong>regern</strong></span> <span class='ocrx_word' id='word_1_65' title='bbox 1539 1278 1572 1330; x_wconf 88' lang='lat' dir='ltr'><strong>ct</strong></span> 
     </span>
     <span class='ocr_line' id='line_1_7' title="bbox 246 1358 1572 1443; baseline -0.001 -27"><span class='ocrx_word' id='word_1_66' title='bbox 246 1360 344 1435; x_wconf 81' lang='lat' dir='ltr'><strong>plebem</strong></span> <span class='ocrx_word' id='word_1_67' title='bbox 364 1361 505 1421; x_wconf 76' lang='lat' dir='ltr'><strong>induem.</strong></span> <span class='ocrx_word' id='word_1_68' title='bbox 549 1362 789 1421; x_wconf 80' lang='lat' dir='ltr'><strong>Aristocrcticam</strong></span> <span class='ocrx_word' id='word_1_69' title='bbox 817 1377 885 1419; x_wconf 85' lang='lat' dir='ltr'><strong>vero</strong></span> <span class='ocrx_word' id='word_1_70' title='bbox 912 1361 994 1443; x_wconf 83' lang='lat' dir='ltr'><strong>regui</strong></span> <span class='ocrx_word' id='word_1_71' title='bbox 1016 1358 1205 1437; x_wconf 82' lang='lat' dir='ltr'><strong>gubernandi·</strong></span> <span class='ocrx_word' id='word_1_72' title='bbox 1221 1359 1344 1419; x_wconf 80' lang='lat' dir='ltr'><strong>formem</strong></span> <span class='ocrx_word' id='word_1_73' title='bbox 1372 1364 1572 1436; x_wconf 72' lang='lat' dir='ltr'><strong>repraesentet</strong></span> 
     </span>
     <span class='ocr_line' id='line_1_8' title="bbox 246 1446 1572 1526; baseline -0.002 -20"><span class='ocrx_word' id='word_1_74' title='bbox 246 1452 354 1508; x_wconf 87' lang='lat' dir='ltr'><strong>numeris</strong></span> <span class='ocrx_word' id='word_1_75' title='bbox 373 1450 573 1526; x_wconf 71' lang='lat' dir='ltr'><strong>proportionis</strong></span> <span class='ocrx_word' id='word_1_76' title='bbox 586 1446 968 1524; x_wconf 68' lang='lat' dir='ltr'><strong>geometricaedisjuuctao</strong></span> <span class='ocrx_word' id='word_1_77' title='bbox 982 1448 1012 1520; x_wconf 78' lang='grc'><strong>8,</strong></span> <span class='ocrx_word' id='word_1_78' title='bbox 1038 1448 1066 1522; x_wconf 89' lang='grc'><strong>6,</strong></span> <span class='ocrx_word' id='word_1_79' title='bbox 1091 1449 1120 1521; x_wconf 81' lang='lat' dir='ltr'><strong>b,</strong></span> <span class='ocrx_word' id='word_1_80' title='bbox 1146 1448 1198 1507; x_wconf 88' lang='lat'>10..</span> <span class='ocrx_word' id='word_1_81' title='bbox 1239 1446 1473 1522; x_wconf 80' lang='lat' dir='ltr'><strong>nrsjunctloncm</strong></span> <span class='ocrx_word' id='word_1_82' title='bbox 1490 1462 1572 1505; x_wconf 86' lang='lat' dir='ltr'><strong>conr-</strong></span> 
     </span>
     <span class='ocr_line' id='line_1_9' title="bbox 245 1534 1570 1619; baseline 0 -26"><span class='ocrx_word' id='word_1_83' title='bbox 245 1545 314 1609; x_wconf 88' lang='lat' dir='ltr'><strong>perat</strong></span> <span class='ocrx_word' id='word_1_84' title='bbox 333 1535 463 1597; x_wconf 71' lang='lat' dir='ltr'>dissidiis</span> <span class='ocrx_word' id='word_1_85' title='bbox 486 1538 515 1595; x_wconf 89' lang='lat' dir='ltr'><strong>io</strong></span> <span class='ocrx_word' id='word_1_86' title='bbox 538 1538 725 1609; x_wconf 66' lang='grc'><strong>6161161666</strong></span> <span class='ocrx_word' id='word_1_87' title='bbox 747 1534 882 1598; x_wconf 76' lang='lat' dir='ltr'><strong>ordinum</strong></span> <span class='ocrx_word' id='word_1_88' title='bbox 893 1534 1059 1619; x_wconf 80' lang='lat' dir='ltr'><strong>seclusione</strong></span> <span class='ocrx_word' id='word_1_89' title='bbox 1074 1537 1194 1595; x_wconf 87' lang='lat' dir='ltr'><strong>nimium</strong></span> <span class='ocrx_word' id='word_1_90' title='bbox 1210 1542 1360 1610; x_wconf 70' lang='lat' dir='ltr'><strong>noceretur</strong></span> <span class='ocrx_word' id='word_1_91' title='bbox 1382 1550 1441 1593; x_wconf 89' lang='lat' dir='ltr'><strong>nou</strong></span> <span class='ocrx_word' id='word_1_92' title='bbox 1464 1536 1570 1611; x_wconf 88' lang='lat' dir='ltr'><strong>iucptc.</strong></span> 
     </span>
     <span class='ocr_line' id='line_1_10' title="bbox 247 1619 1572 1700; baseline 0.002 -21"><span class='ocrx_word' id='word_1_93' title='bbox 247 1624 276 1680; x_wconf 84' lang='lat' dir='ltr'><strong>ir</strong></span> <span class='ocrx_word' id='word_1_94' title='bbox 293 1622 346 1683; x_wconf 84' lang='lat' dir='ltr'><strong>boc</strong></span> <span class='ocrx_word' id='word_1_95' title='bbox 366 1625 460 1697; x_wconf 82' lang='lat' dir='ltr'><strong>mele,</strong></span> <span class='ocrx_word' id='word_1_96' title='bbox 490 1622 571 1700; x_wconf 85' lang='lat' dir='ltr'><strong>quod</strong></span> <span class='ocrx_word' id='word_1_97' title='bbox 597 1623 674 1683; x_wconf 70' lang='lat' dir='ltr'><strong>mcc</strong></span> <span class='ocrx_word' id='word_1_98' title='bbox 702 1621 924 1697; x_wconf 77' lang='lat' dir='ltr'><strong>disiunctionem</strong></span> <span class='ocrx_word' id='word_1_99' title='bbox 952 1621 1164 1683; x_wconf 82' lang='lat' dir='ltr'><strong>discordauriee</strong></span> <span class='ocrx_word' id='word_1_100' title='bbox 1192 1638 1272 1683; x_wconf 89' lang='lat' dir='ltr'><strong>ream</strong></span> <span class='ocrx_word' id='word_1_101' title='bbox 1297 1624 1367 1699; x_wconf 84' lang='lat' dir='ltr'><strong>agit.</strong></span> <span class='ocrx_word' id='word_1_102' title='bbox 1412 1619 1523 1683; x_wconf 85' lang='lat' dir='ltr'><strong>Omnes</strong></span> <span class='ocrx_word' id='word_1_103' title='bbox 1542 1638 1572 1681; x_wconf 89' lang='grc' dir='ltr'><strong>ιι.</strong></span> 
     </span>
     <span class='ocr_line' id='line_1_11' title="bbox 245 1708 1571 1785; baseline 0 -19"><span class='ocrx_word' id='word_1_104' title='bbox 245 1709 393 1771; x_wconf 87' lang='lat' dir='ltr'><strong>binumeri</strong></span> <span class='ocrx_word' id='word_1_105' title='bbox 417 1714 453 1785; x_wconf 82' lang='lat'><strong>³,</strong></span> <span class='ocrx_word' id='word_1_106' title='bbox 477 1713 511 1785; x_wconf 88' lang='grc'><strong>6,</strong></span> <span class='ocrx_word' id='word_1_107' title='bbox 535 1711 570 1785; x_wconf 82' lang='grc'><strong>5,</strong></span> <span class='ocrx_word' id='word_1_108' title='bbox 595 1712 634 1769; x_wconf 90' lang='grc'><strong>10</strong></span> <span class='ocrx_word' id='word_1_109' title='bbox 656 1726 839 1769; x_wconf 84' lang='lat' dir='ltr'><strong>communem</strong></span> <span class='ocrx_word' id='word_1_110' title='bbox 860 1708 1043 1769; x_wconf 76' lang='lat' dir='ltr'><strong>harmonicen</strong></span> <span class='ocrx_word' id='word_1_111' title='bbox 1065 1710 1196 1769; x_wconf 66' lang='lat' dir='ltr'><strong>iaciunt.⁴</strong></span> <span class='ocrx_word' id='word_1_112' title='bbox 1228 1709 1309 1769; x_wconf 87' lang='lat' dir='ltr'><strong>llibil</strong></span> <span class='ocrx_word' id='word_1_113' title='bbox 1332 1710 1408 1769; x_wconf 90' lang='lat' dir='ltr'><strong>enim</strong></span> <span class='ocrx_word' id='word_1_114' title='bbox 1440 1708 1478 1769; x_wconf 88' lang='lat' dir='ltr'><strong>ad</strong></span> <span class='ocrx_word' id='word_1_115' title='bbox 1500 1708 1571 1767; x_wconf 65' lang='lat' dir='ltr'><strong>barb</strong></span> 
     </span>
     <span class='ocr_line' id='line_1_12' title="bbox 244 1795 1570 1875; baseline 0.002 -20"><span class='ocrx_word' id='word_1_116' title='bbox 244 1799 343 1857; x_wconf 73' lang='lat' dir='ltr'><strong>nocue</strong></span> <span class='ocrx_word' id='word_1_117' title='bbox 363 1798 550 1859; x_wconf 67' lang='lat' dir='ltr'><strong>sumnonem</strong></span> <span class='ocrx_word' id='word_1_118' title='bbox 570 1799 676 1857; x_wconf 77' lang='lat' dir='ltr'>attinet</span> <span class='ocrx_word' id='word_1_119' title='bbox 696 1796 835 1873; x_wconf 83' lang='lat' dir='ltr'><strong>analogia</strong></span> <span class='ocrx_word' id='word_1_120' title='bbox 855 1798 1046 1872; x_wconf 81' lang='lat' dir='ltr'><strong>geomcuics,</strong></span> <span class='ocrx_word' id='word_1_121' title='bbox 1078 1804 1111 1857; x_wconf 85' lang='lat' dir='ltr'><strong>ut</strong></span> <span class='ocrx_word' id='word_1_122' title='bbox 1132 1814 1221 1875; x_wconf 84' lang='lat' dir='ltr'><strong>saepe</strong></span> <span class='ocrx_word' id='word_1_123' title='bbox 1243 1796 1367 1873; x_wconf 80' lang='lat' dir='ltr'><strong>dictum3</strong></span> <span class='ocrx_word' id='word_1_124' title='bbox 1397 1796 1469 1857; x_wconf 88' lang='lat' dir='ltr'><strong>nibil</strong></span> <span class='ocrx_word' id='word_1_125' title='bbox 1492 1795 1570 1857; x_wconf 82' lang='lat' dir='ltr'><strong>illius</strong></span> 
     </span>
     <span class='ocr_line' id='line_1_13' title="bbox 245 1882 1574 1961; baseline 0 -18"><span class='ocrx_word' id='word_1_126' title='bbox 245 1884 385 1961; x_wconf 81' lang='lat' dir='ltr'><strong>analogiae</strong></span> <span class='ocrx_word' id='word_1_127' title='bbox 408 1884 580 1959; x_wconf 74' lang='lat' dir='ltr'><strong>inermos,</strong></span> <span class='ocrx_word' id='word_1_128' title='bbox 603 1883 769 1959; x_wconf 87' lang='lat' dir='ltr'><strong>disjunctio.</strong></span> <span class='ocrx_word' id='word_1_129' title='bbox 814 1885 859 1943; x_wconf 81' lang='lat' dir='ltr'><strong>Ac</strong></span> <span class='ocrx_word' id='word_1_130' title='bbox 880 1885 998 1943; x_wconf 70' lang='lat' dir='ltr'><strong>umetsi</strong></span> <span class='ocrx_word' id='word_1_131' title='bbox 1018 1901 1051 1944; x_wconf 86' lang='lat' dir='ltr'><strong>sc</strong></span> <span class='ocrx_word' id='word_1_132' title='bbox 1067 1884 1158 1945; x_wconf 85' lang='lat' dir='ltr'><strong>veluti</strong></span> <span class='ocrx_word' id='word_1_133' title='bbox 1180 1886 1326 1961; x_wconf 83' lang='lat' dir='ltr'><strong>corrigens</strong></span> <span class='ocrx_word' id='word_1_134' title='bbox 1339 1882 1451 1945; x_wconf 27' lang='lat' dir='ltr'><strong>nudem</strong></span> <span class='ocrx_word' id='word_1_135' title='bbox 1465 1886 1574 1961; x_wconf 83' lang='lat' dir='ltr'><strong>pagine</strong></span> 
     </span>
     <span class='ocr_line' id='line_1_14' title="bbox 246 1964 1573 2049; baseline 0.002 -21"><span class='ocrx_word' id='word_1_136' title='bbox 246 1970 311 2029; x_wconf 86' lang='lat' dir='ltr'><strong>eliud</strong></span> <span class='ocrx_word' id='word_1_137' title='bbox 336 1964 525 2032; x_wconf 72' lang='lat' dir='ltr'><strong>numerorum</strong></span> <span class='ocrx_word' id='word_1_138' title='bbox 552 1970 718 2049; x_wconf 79' lang='lat' dir='ltr'><strong>exemplum</strong></span> <span class='ocrx_word' id='word_1_139' title='bbox 744 1971 884 2047; x_wconf 79' lang='lat' dir='ltr'><strong>subjiciat</strong></span> <span class='ocrx_word' id='word_1_140' title='bbox 910 1971 1073 2047; x_wconf 77' lang='lat' dir='ltr'><strong>disjunctus</strong></span> <span class='ocrx_word' id='word_1_141' title='bbox 1095 1974 1307 2049; x_wconf 76' lang='lat' dir='ltr'><strong>proportionis,</strong></span> <span class='ocrx_word' id='word_1_142' title='bbox 1329 1970 1431 2033; x_wconf 84' lang='lat' dir='ltr'><strong>eidam</strong></span> <span class='ocrx_word' id='word_1_143' title='bbox 1462 1973 1573 2031; x_wconf 88' lang='lat' dir='ltr'><strong>intento</strong></span> 
     </span>
     <span class='ocr_line' id='line_1_15' title="bbox 247 2056 1574 2136; baseline -0.004 -16"><span class='ocrx_word' id='word_1_144' title='bbox 247 2056 416 2134; x_wconf 71' lang='grc'><strong>1661166166»,</strong></span> <span class='ocrx_word' id='word_1_145' title='bbox 438 2060 505 2121; x_wconf 86' lang='lat' dir='ltr'><strong>scil.</strong></span> <span class='ocrx_word' id='word_1_146' title='bbox 520 2061 556 2134; x_wconf 75' lang='grc'><strong>8,</strong></span> <span class='ocrx_word' id='word_1_147' title='bbox 579 2061 609 2133; x_wconf 96' lang='grc'><strong>4,</strong></span> <span class='ocrx_word' id='word_1_148' title='bbox 633 2061 662 2134; x_wconf 82' lang='grc'><strong>8,</strong></span> <span class='ocrx_word' id='word_1_149' title='bbox 690 2060 739 2132; x_wconf 88' lang='grc'><strong>18,</strong></span> <span class='ocrx_word' id='word_1_150' title='bbox 768 2058 930 2136; x_wconf 79' lang='lat' dir='ltr'><strong>inquibus</strong></span> <span class='ocrx_word' id='word_1_151' title='bbox 952 2074 1022 2119; x_wconf 83' lang='lat' dir='ltr'><strong>vere</strong></span> <span class='ocrx_word' id='word_1_152' title='bbox 1051 2058 1194 2120; x_wconf 87' lang='lat' dir='ltr'><strong>dissident</strong></span> <span class='ocrx_word' id='word_1_153' title='bbox 1215 2062 1281 2119; x_wconf 85' lang='lat' dir='ltr'><strong>soci</strong></span> <span class='ocrx_word' id='word_1_154' title='bbox 1311 2070 1363 2135; x_wconf 83' lang='lat' dir='ltr'><strong>p&#39;cr</strong></span> <span class='ocrx_word' id='word_1_155' title='bbox 1385 2062 1414 2134; x_wconf 76' lang='lat'><strong>2,</strong></span> <span class='ocrx_word' id='word_1_156' title='bbox 1439 2061 1458 2119; x_wconf 90' lang='grc'><strong>4</strong></span> <span class='ocrx_word' id='word_1_157' title='bbox 1480 2060 1574 2119; x_wconf 81' lang='lat' dir='ltr'><strong>notati</strong></span> 
     </span>
     <span class='ocr_line' id='line_1_16' title="bbox 247 2144 1573 2231; baseline 0.002 -29"><span class='ocrx_word' id='word_1_158' title='bbox 247 2148 349 2206; x_wconf 78' lang='lat' dir='ltr'><strong>anuis</strong></span> <span class='ocrx_word' id='word_1_159' title='bbox 373 2150 411 2221; x_wconf 83' lang='grc'><strong>8,</strong></span> <span class='ocrx_word' id='word_1_160' title='bbox 437 2148 494 2222; x_wconf 89' lang='grc'><strong>18,</strong></span> <span class='ocrx_word' id='word_1_161' title='bbox 522 2162 582 2207; x_wconf 90' lang='lat' dir='ltr'><strong>non</strong></span> <span class='ocrx_word' id='word_1_162' title='bbox 603 2154 768 2211; x_wconf 85' lang='lat' dir='ltr'><strong>esttamen</strong></span> <span class='ocrx_word' id='word_1_163' title='bbox 789 2145 863 2231; x_wconf 78' lang='lat' dir='ltr'><strong>irasc</strong></span> <span class='ocrx_word' id='word_1_164' title='bbox 885 2144 1082 2207; x_wconf 78' lang='lat' dir='ltr'><strong>discordantia</strong></span> <span class='ocrx_word' id='word_1_165' title='bbox 1104 2149 1217 2209; x_wconf 88' lang='lat' dir='ltr'><strong>musica</strong></span> <span class='ocrx_word' id='word_1_166' title='bbox 1239 2146 1283 2227; x_wconf 26' lang='lat' dir='ltr'><strong>,eb</strong></span> <span class='ocrx_word' id='word_1_167' title='bbox 1305 2145 1357 2221; x_wconf 80' lang='lat' dir='ltr'><strong>illa</strong></span> <span class='ocrx_word' id='word_1_168' title='bbox 1379 2145 1573 2223; x_wconf 73' lang='lat' dir='ltr'><strong>(injunctions</strong></span> 
     </span>
     <span class='ocr_line' id='line_1_17' title="bbox 248 2232 1573 2312; baseline 0.002 -21"><span class='ocrx_word' id='word_1_169' title='bbox 248 2236 436 2308; x_wconf 70' lang='lat' dir='ltr'><strong>geometrice,⁸</strong></span> <span class='ocrx_word' id='word_1_170' title='bbox 451 2233 505 2294; x_wconf 87' lang='lat' dir='ltr'><strong>scd</strong></span> <span class='ocrx_word' id='word_1_171' title='bbox 526 2235 630 2293; x_wconf 86' lang='lat' dir='ltr'><strong>esuis</strong></span> <span class='ocrx_word' id='word_1_172' title='bbox 651 2236 748 2293; x_wconf 88' lang='lat' dir='ltr'><strong>causis</strong></span> <span class='ocrx_word' id='word_1_173' title='bbox 769 2234 909 2309; x_wconf 89' lang='lat' dir='ltr'><strong>propriis,</strong></span> <span class='ocrx_word' id='word_1_174' title='bbox 932 2250 970 2294; x_wconf 80' lang='lat' dir='ltr'><strong>er</strong></span> <span class='ocrx_word' id='word_1_175' title='bbox 991 2250 1026 2295; x_wconf 91' lang='lat' dir='ltr'><strong>eo</strong></span> <span class='ocrx_word' id='word_1_176' title='bbox 1045 2232 1213 2312; x_wconf 76' lang='lat' dir='ltr'><strong>sc.,.quod</strong></span> <span class='ocrx_word' id='word_1_177' title='bbox 1234 2232 1311 2293; x_wconf 79' lang='lat' dir='ltr'><strong>lttm</strong></span> <span class='ocrx_word' id='word_1_178' title='bbox 1334 2234 1495 2311; x_wconf 83' lang='lat' dir='ltr'><strong>nonauguli</strong></span> <span class='ocrx_word' id='word_1_179' title='bbox 1515 2250 1573 2293; x_wconf 83' lang='lat' dir='ltr'><strong>non</strong></span> 
     </span>
     <span class='ocr_line' id='line_1_18' title="bbox 248 2319 1573 2399; baseline 0.002 -22"><span class='ocrx_word' id='word_1_180' title='bbox 248 2330 282 2377; x_wconf 80' lang='lat' dir='ltr'><strong>cat</strong></span> <span class='ocrx_word' id='word_1_181' title='bbox 299 2323 370 2381; x_wconf 86' lang='lat' dir='ltr'><strong>iuter</strong></span> <span class='ocrx_word' id='word_1_182' title='bbox 391 2319 540 2399; x_wconf 66' lang='lat' dir='ltr'><strong>damma</strong></span> <span class='ocrx_word' id='word_1_183' title='bbox 583 2322 719 2398; x_wconf 80' lang='lat' dir='ltr'><strong>Denique</strong></span> <span class='ocrx_word' id='word_1_184' title='bbox 748 2328 1008 2397; x_wconf 83' lang='lat' dir='ltr'><strong>temperamentum</strong></span> <span class='ocrx_word' id='word_1_185' title='bbox 1035 2324 1187 2399; x_wconf 84' lang='lat' dir='ltr'><strong>utriusque</strong></span> <span class='ocrx_word' id='word_1_186' title='bbox 1208 2320 1390 2398; x_wconf 84' lang='lat' dir='ltr'><strong>gubernandi</strong></span> <span class='ocrx_word' id='word_1_187' title='bbox 1411 2322 1521 2385; x_wconf 79' lang='lat' dir='ltr'><strong>formas</strong></span> <span class='ocrx_word' id='word_1_188' title='bbox 1544 2323 1573 2379; x_wconf 90' lang='lat' dir='ltr'><strong>in</strong></span> 
     </span>
     <span class='ocr_line' id='line_1_19' title="bbox 248 2406 1573 2488; baseline 0.003 -23"><span class='ocrx_word' id='word_1_189' title='bbox 248 2415 310 2465; x_wconf 83' lang='lat' dir='ltr'><strong>statu</strong></span> <span class='ocrx_word' id='word_1_190' title='bbox 329 2410 427 2485; x_wconf 86' lang='lat' dir='ltr'><strong>regio,</strong></span> <span class='ocrx_word' id='word_1_191' title='bbox 458 2418 493 2467; x_wconf 90' lang='lat' dir='ltr'><strong>ut</strong></span> <span class='ocrx_word' id='word_1_192' title='bbox 513 2425 554 2469; x_wconf 83' lang='lat' dir='ltr'><strong>sc</strong></span> <span class='ocrx_word' id='word_1_193' title='bbox 577 2408 744 2469; x_wconf 85' lang='lat' dir='ltr'><strong>nobilitatis</strong></span> <span class='ocrx_word' id='word_1_194' title='bbox 761 2409 870 2467; x_wconf 85' lang='lat' dir='ltr'><strong>muniis</strong></span> <span class='ocrx_word' id='word_1_195' title='bbox 890 2410 1068 2469; x_wconf 74' lang='lat' dir='ltr'><strong>misceantur</strong></span> <span class='ocrx_word' id='word_1_196' title='bbox 1093 2410 1185 2487; x_wconf 79' lang='lat' dir='ltr'>aliqui</span> <span class='ocrx_word' id='word_1_197' title='bbox 1202 2408 1330 2488; x_wconf 86' lang='lat' dir='ltr'><strong>plebeji,</strong></span> <span class='ocrx_word' id='word_1_198' title='bbox 1358 2406 1411 2469; x_wconf 88' lang='lat' dir='ltr'><strong>sed</strong></span> <span class='ocrx_word' id='word_1_199' title='bbox 1432 2410 1521 2487; x_wconf 88' lang='lat' dir='ltr'><strong>peuoi</strong></span> <span class='ocrx_word' id='word_1_200' title='bbox 1541 2418 1573 2469; x_wconf 86' lang='lat' dir='ltr'><strong>et</strong></span> 
     </span>
     <span class='ocr_line' id='line_1_20' title="bbox 248 2494 1574 2574; baseline 0.003 -23"><span class='ocrx_word' id='word_1_201' title='bbox 248 2497 322 2570; x_wconf 87' lang='lat' dir='ltr'><strong>copiis</strong></span> <span class='ocrx_word' id='word_1_202' title='bbox 342 2498 424 2557; x_wconf 90' lang='lat' dir='ltr'><strong>oneri</strong></span> <span class='ocrx_word' id='word_1_203' title='bbox 446 2513 541 2573; x_wconf 88' lang='lat' dir='ltr'><strong>paros,</strong></span> <span class='ocrx_word' id='word_1_204' title='bbox 563 2506 616 2555; x_wconf 88' lang='lat' dir='ltr'><strong>aut</strong></span> <span class='ocrx_word' id='word_1_205' title='bbox 638 2499 744 2557; x_wconf 84' lang='lat' dir='ltr'><strong>virtute</strong></span> <span class='ocrx_word' id='word_1_206' title='bbox 765 2496 863 2555; x_wconf 85' lang='lat' dir='ltr'><strong>aliero</strong></span> <span class='ocrx_word' id='word_1_207' title='bbox 885 2495 1142 2571; x_wconf 65' lang='lat' dir='ltr'><strong>reocommeudati,</strong></span> <span class='ocrx_word' id='word_1_208' title='bbox 1165 2504 1255 2574; x_wconf 86' lang='lat' dir='ltr'><strong>utque</strong></span> <span class='ocrx_word' id='word_1_209' title='bbox 1275 2494 1419 2555; x_wconf 87' lang='lat' dir='ltr'><strong>interdum</strong></span> <span class='ocrx_word' id='word_1_210' title='bbox 1433 2496 1574 2555; x_wconf 79' lang='lat' dir='ltr'><strong>nobilium</strong></span> 
     </span>
     <span class='ocr_line' id='line_1_21' title="bbox 248 2582 1575 2661; baseline 0.003 -22"><span class='ocrx_word' id='word_1_211' title='bbox 248 2584 391 2643; x_wconf 78' lang='lat' dir='ltr'><strong>iuniorum</strong></span> <span class='ocrx_word' id='word_1_212' title='bbox 412 2601 491 2642; x_wconf 90' lang='lat' dir='ltr'><strong>uuus</strong></span> <span class='ocrx_word' id='word_1_213' title='bbox 511 2583 646 2661; x_wconf 74' lang='lat' dir='ltr'><strong>plebeiae</strong></span> <span class='ocrx_word' id='word_1_214' title='bbox 665 2584 834 2644; x_wconf 74' lang='lat' dir='ltr'><strong>fructuosae</strong></span> <span class='ocrx_word' id='word_1_215' title='bbox 855 2583 997 2643; x_wconf 76' lang='lat' dir='ltr'><strong>imuioar</strong></span> <span class='ocrx_word' id='word_1_216' title='bbox 1019 2584 1193 2660; x_wconf 84' lang='lat' dir='ltr'><strong>preelectus,</strong></span> <span class='ocrx_word' id='word_1_217' title='bbox 1217 2582 1362 2653; x_wconf 88' lang='lat' dir='ltr'><strong>decusilli</strong></span> <span class='ocrx_word' id='word_1_218' title='bbox 1386 2583 1575 2660; x_wconf 84' lang='lat' dir='ltr'><strong>circumjiciat</strong></span> 
     </span>
    </p>
   </div>
   <div class='ocr_carea' id='block_1_3' title="bbox 248 2668 1712 2749">
    <p class='ocr_par' dir='ltr' id='par_1_3' title="bbox 248 2668 1712 2749">
     <span class='ocr_line' id='line_1_22' title="bbox 248 2668 1712 2749; baseline 0.003 -22"><span class='ocrx_word' id='word_1_219' title='bbox 248 2668 381 2742; x_wconf 84' lang='lat' dir='ltr'><strong>splendore</strong></span> <span class='ocrx_word' id='word_1_220' title='bbox 403 2673 528 2747; x_wconf 65' lang='lat' dir='ltr'><strong>generis</strong></span> <span class='ocrx_word' id='word_1_221' title='bbox 551 2688 610 2746; x_wconf 86' lang='lat' dir='ltr'><strong>quo</strong></span> <span class='ocrx_word' id='word_1_222' title='bbox 632 2670 783 2747; x_wconf 81' lang='lat' dir='ltr'><strong>magieid·</strong></span> <span class='ocrx_word' id='word_1_223' title='bbox 800 2672 840 2729; x_wconf 88' lang='lat' dir='ltr'><strong>sit</strong></span> <span class='ocrx_word' id='word_1_224' title='bbox 859 2672 891 2729; x_wconf 90' lang='lat' dir='ltr'><strong>iu</strong></span> <span class='ocrx_word' id='word_1_225' title='bbox 911 2681 1060 2747; x_wconf 87' lang='lat' dir='ltr'><strong>posterum</strong></span> <span class='ocrx_word' id='word_1_226' title='bbox 1082 2670 1250 2749; x_wconf 82' lang='lat' dir='ltr'><strong>adplebent</strong></span> <span class='ocrx_word' id='word_1_227' title='bbox 1270 2670 1519 2746; x_wconf 81' lang='lat' dir='ltr'><strong>commendabile3</strong></span> <span class='ocrx_word' id='word_1_228' title='bbox 1541 2676 1575 2731; x_wconf 91' lang='lat' dir='ltr'><strong>ut</strong></span> <span class='ocrx_word' id='word_1_229' title='bbox 1707 2680 1712 2691; x_wconf 87' lang='lat'>&#39;</span> 
     </span>
    </p>
   </div>
   <div class='ocr_carea' id='block_1_4' title="bbox 250 2754 1578 5193">
    <p class='ocr_par' dir='ltr' id='par_1_4' title="bbox 250 2754 1577 4146">
     <span class='ocr_line' id='line_1_23' title="bbox 250 2754 1573 2835; baseline 0.005 -22"><span class='ocrx_word' id='word_1_230' title='bbox 250 2754 431 2817; x_wconf 67' lang='lat' dir='ltr'><strong>duumviratus</strong></span> <span class='ocrx_word' id='word_1_231' title='bbox 454 2775 491 2818; x_wconf 82' lang='lat' dir='ltr'><strong>ex</strong></span> <span class='ocrx_word' id='word_1_232' title='bbox 510 2758 655 2819; x_wconf 78' lang='lat' dir='ltr'><strong>nobilior</strong></span> <span class='ocrx_word' id='word_1_233' title='bbox 675 2757 793 2835; x_wconf 75' lang='lat' dir='ltr'><strong>plebeio</strong></span> <span class='ocrx_word' id='word_1_234' title='bbox 816 2759 1019 2833; x_wconf 87' lang='lat' dir='ltr'><strong>constituatur,</strong></span> <span class='ocrx_word' id='word_1_235' title='bbox 1041 2757 1150 2819; x_wconf 82' lang='lat' dir='ltr'><strong>solutio</strong></span> <span class='ocrx_word' id='word_1_236' title='bbox 1163 2761 1279 2835; x_wconf 83' lang='lat' dir='ltr'><strong>utrique</strong></span> <span class='ocrx_word' id='word_1_237' title='bbox 1294 2757 1397 2831; x_wconf 89' lang='lat' dir='ltr'><strong>ordini,</strong></span> <span class='ocrx_word' id='word_1_238' title='bbox 1422 2766 1454 2817; x_wconf 88' lang='lat' dir='ltr'><strong>ut</strong></span> <span class='ocrx_word' id='word_1_239' title='bbox 1476 2760 1573 2819; x_wconf 86' lang='lat' dir='ltr'><strong>curiae</strong></span> 
     </span>
     <span class='ocr_line' id='line_1_24' title="bbox 251 2844 1573 2921; baseline 0.003 -22"><span class='ocrx_word' id='word_1_240' title='bbox 251 2847 441 2905; x_wconf 77' lang='lat' dir='ltr'><strong>euentuantur</strong></span> <span class='ocrx_word' id='word_1_241' title='bbox 467 2862 505 2905; x_wconf 81' lang='lat' dir='ltr'><strong>er</strong></span> <span class='ocrx_word' id='word_1_242' title='bbox 535 2847 664 2906; x_wconf 85' lang='lat' dir='ltr'><strong>omnium</strong></span> <span class='ocrx_word' id='word_1_243' title='bbox 694 2844 828 2907; x_wconf 82' lang='lat' dir='ltr'><strong>ordinum</strong></span> <span class='ocrx_word' id='word_1_244' title='bbox 849 2847 1004 2921; x_wconf 85' lang='lat' dir='ltr'><strong>personis,</strong></span> <span class='ocrx_word' id='word_1_245' title='bbox 1035 2853 1069 2905; x_wconf 87' lang='lat' dir='ltr'><strong>ut</strong></span> <span class='ocrx_word' id='word_1_246' title='bbox 1090 2848 1119 2905; x_wconf 89' lang='lat' dir='ltr'><strong>iu</strong></span> <span class='ocrx_word' id='word_1_247' title='bbox 1149 2844 1407 2907; x_wconf 73' lang='lat' dir='ltr'><strong>deliberationibus</strong></span> <span class='ocrx_word' id='word_1_248' title='bbox 1436 2844 1573 2905; x_wconf 89' lang='lat' dir='ltr'><strong>debono</strong></span> 
     </span>
     <span class='ocr_line' id='line_1_25' title="bbox 251 2929 1573 3015; baseline -0.002 -22"><span class='ocrx_word' id='word_1_249' title='bbox 251 2929 348 3004; x_wconf 78' lang='lat' dir='ltr'><strong>publico</strong></span> <span class='ocrx_word' id='word_1_250' title='bbox 369 2942 475 2997; x_wconf 79' lang='lat' dir='ltr'><strong>tenues</strong></span> <span class='ocrx_word' id='word_1_251' title='bbox 496 2931 693 3009; x_wconf 81' lang='lat' dir='ltr'><strong>locupletium</strong></span> <span class='ocrx_word' id='word_1_252' title='bbox 713 2934 903 3006; x_wconf 83' lang='lat' dir='ltr'><strong>misceantur,</strong></span> <span class='ocrx_word' id='word_1_253' title='bbox 933 2940 1046 2993; x_wconf 87' lang='lat' dir='ltr'><strong>utnon</strong></span> <span class='ocrx_word' id='word_1_254' title='bbox 1067 2935 1138 3013; x_wconf 81' lang='lat' dir='ltr'><strong>meri</strong></span> <span class='ocrx_word' id='word_1_255' title='bbox 1169 2934 1286 2993; x_wconf 81' lang='lat' dir='ltr'><strong>uirtutis</strong></span> <span class='ocrx_word' id='word_1_256' title='bbox 1317 2940 1348 2992; x_wconf 90' lang='lat' dir='ltr'><strong>et</strong></span> <span class='ocrx_word' id='word_1_257' title='bbox 1367 2934 1485 3015; x_wconf 78' lang='lat' dir='ltr'><strong>pietatis</strong></span> <span class='ocrx_word' id='word_1_258' title='bbox 1508 2931 1573 2991; x_wconf 90' lang='lat' dir='ltr'><strong>cul·</strong></span> 
     </span>
     <span class='ocr_line' id='line_1_26' title="bbox 253 3018 1574 3097; baseline 0.003 -22"><span class='ocrx_word' id='word_1_259' title='bbox 253 3026 312 3075; x_wconf 86' lang='lat' dir='ltr'><strong>tores</strong></span> <span class='ocrx_word' id='word_1_260' title='bbox 330 3018 461 3081; x_wconf 78' lang='lat' dir='ltr'><strong>bubeeru</strong></span> <span class='ocrx_word' id='word_1_261' title='bbox 482 3023 589 3095; x_wconf 81' lang='lat' dir='ltr'><strong>omniu,</strong></span> <span class='ocrx_word' id='word_1_262' title='bbox 610 3020 663 3081; x_wconf 91' lang='lat' dir='ltr'><strong>scd</strong></span> <span class='ocrx_word' id='word_1_263' title='bbox 684 3019 785 3096; x_wconf 82' lang='lat' dir='ltr'><strong>aliqua</strong></span> <span class='ocrx_word' id='word_1_264' title='bbox 807 3022 896 3081; x_wconf 82' lang='lat' dir='ltr'><strong>etism</strong></span> <span class='ocrx_word' id='word_1_265' title='bbox 917 3020 1049 3095; x_wconf 83' lang='lat' dir='ltr'><strong>luctibus,</strong></span> <span class='ocrx_word' id='word_1_266' title='bbox 1073 3020 1174 3097; x_wconf 68' lang='lat' dir='ltr'><strong>elium</strong></span> <span class='ocrx_word' id='word_1_267' title='bbox 1189 3022 1358 3097; x_wconf 78' lang='lat' dir='ltr'><strong>ingeniosis,</strong></span> <span class='ocrx_word' id='word_1_268' title='bbox 1380 3019 1480 3096; x_wconf 65' lang='lat' dir='ltr'><strong>dique</strong></span> <span class='ocrx_word' id='word_1_269' title='bbox 1503 3036 1574 3097; x_wconf 70' lang='lat' dir='ltr'><strong>pru-</strong></span> 
     </span>
     <span class='ocr_line' id='line_1_27' title="bbox 254 3100 1575 3185; baseline 0.002 -23"><span class='ocrx_word' id='word_1_270' title='bbox 254 3100 375 3180; x_wconf 78' lang='lat' dir='ltr'><strong>dentibus,</strong></span> <span class='ocrx_word' id='word_1_271' title='bbox 398 3107 501 3183; x_wconf 82' lang='lat' dir='ltr'><strong>sliqua</strong></span> <span class='ocrx_word' id='word_1_272' title='bbox 523 3108 702 3184; x_wconf 76' lang='lat' dir='ltr'><strong>mpcrientie</strong></span> <span class='ocrx_word' id='word_1_273' title='bbox 722 3106 900 3185; x_wconf 88' lang='lat' dir='ltr'><strong>pollentibus</strong></span> <span class='ocrx_word' id='word_1_274' title='bbox 921 3114 1114 3182; x_wconf 66' lang='lat' dir='ltr'><strong>causentur,</strong></span> <span class='ocrx_word' id='word_1_275' title='bbox 1137 3109 1247 3184; x_wconf 77' lang='lat' dir='ltr'><strong>cuique</strong></span> <span class='ocrx_word' id='word_1_276' title='bbox 1263 3107 1325 3182; x_wconf 89' lang='lat' dir='ltr'><strong>illa,</strong></span> <span class='ocrx_word' id='word_1_277' title='bbox 1347 3106 1386 3167; x_wconf 88' lang='lat' dir='ltr'><strong>ed</strong></span> <span class='ocrx_word' id='word_1_278' title='bbox 1400 3124 1476 3183; x_wconf 85' lang='lat' dir='ltr'><strong>quse</strong></span> <span class='ocrx_word' id='word_1_279' title='bbox 1492 3106 1575 3167; x_wconf 89' lang='lat' dir='ltr'><strong>dotes</strong></span> 
     </span>
     <span class='ocr_line' id='line_1_28' title="bbox 255 3193 1575 3273; baseline 0.002 -22"><span class='ocrx_word' id='word_1_280' title='bbox 255 3198 320 3265; x_wconf 71' lang='lat' dir='ltr'><strong>aptes</strong></span> <span class='ocrx_word' id='word_1_281' title='bbox 340 3203 369 3253; x_wconf 87' lang='lat' dir='ltr'><strong>ct</strong></span> <span class='ocrx_word' id='word_1_282' title='bbox 390 3194 530 3272; x_wconf 87' lang='lat' dir='ltr'><strong>praesidii</strong></span> <span class='ocrx_word' id='word_1_283' title='bbox 551 3194 707 3271; x_wconf 88' lang='lat' dir='ltr'><strong>plurimum</strong></span> <span class='ocrx_word' id='word_1_284' title='bbox 729 3195 826 3268; x_wconf 73' lang='lat' dir='ltr'><strong>aden,</strong></span> <span class='ocrx_word' id='word_1_285' title='bbox 855 3193 913 3254; x_wconf 90' lang='lat' dir='ltr'><strong>boc</strong></span> <span class='ocrx_word' id='word_1_286' title='bbox 934 3197 1055 3271; x_wconf 71' lang='lat' dir='ltr'><strong>inquam</strong></span> <span class='ocrx_word' id='word_1_287' title='bbox 1077 3203 1336 3273; x_wconf 71' lang='lat' dir='ltr'><strong>temperamentum</strong></span> <span class='ocrx_word' id='word_1_288' title='bbox 1359 3197 1493 3271; x_wconf 86' lang='lat' dir='ltr'><strong>exprimit</strong></span> <span class='ocrx_word' id='word_1_289' title='bbox 1514 3194 1575 3254; x_wconf 88' lang='lat' dir='ltr'><strong>Bo-</strong></span> 
     </span>
     <span class='ocr_line' id='line_1_29' title="bbox 253 3274 1575 3359; baseline 0.008 -26"><span class='ocrx_word' id='word_1_290' title='bbox 253 3274 320 3337; x_wconf 84' lang='lat' dir='ltr'><strong>diuue</strong></span> <span class='ocrx_word' id='word_1_291' title='bbox 337 3283 468 3341; x_wconf 69' lang='lat' dir='ltr'><strong>uumoeis</strong></span> <span class='ocrx_word' id='word_1_292' title='bbox 490 3283 526 3356; x_wconf 89' lang='grc'><strong>4,</strong></span> <span class='ocrx_word' id='word_1_293' title='bbox 550 3284 586 3357; x_wconf 89' lang='grc'><strong>6,</strong></span> <span class='ocrx_word' id='word_1_294' title='bbox 611 3283 650 3355; x_wconf 79' lang='grc'><strong>8,</strong></span> <span class='ocrx_word' id='word_1_295' title='bbox 673 3284 724 3356; x_wconf 73' lang='lat' dir='ltr'><strong>li,</strong></span> <span class='ocrx_word' id='word_1_296' title='bbox 745 3290 827 3341; x_wconf 80' lang='lat' dir='ltr'><strong>rsteu</strong></span> <span class='ocrx_word' id='word_1_297' title='bbox 847 3298 888 3355; x_wconf 87' lang='lat' dir='ltr'><strong>se,</strong></span> <span class='ocrx_word' id='word_1_298' title='bbox 911 3284 1032 3359; x_wconf 57' lang='lat' dir='ltr'><strong>utripee</strong></span> <span class='ocrx_word' id='word_1_299' title='bbox 1050 3283 1187 3359; x_wconf 81' lang='lat' dir='ltr'><strong>loquitur,</strong></span> <span class='ocrx_word' id='word_1_300' title='bbox 1217 3284 1390 3343; x_wconf 84' lang='lat' dir='ltr'><strong>continentis</strong></span> <span class='ocrx_word' id='word_1_301' title='bbox 1412 3282 1575 3358; x_wconf 72' lang='lat' dir='ltr'><strong>analogiec</strong></span> 
     </span>
     <span class='ocr_line' id='line_1_30' title="bbox 255 3363 1576 3446; baseline 0.005 -25"><span class='ocrx_word' id='word_1_302' title='bbox 255 3372 453 3441; x_wconf 85' lang='lat' dir='ltr'><strong>utgcometrss</strong></span> <span class='ocrx_word' id='word_1_303' title='bbox 476 3385 560 3443; x_wconf 86' lang='lat' dir='ltr'><strong>rcro,</strong></span> <span class='ocrx_word' id='word_1_304' title='bbox 574 3363 746 3430; x_wconf 68' lang='grc' dir='ltr'><strong>ιιιιιιιιίιιιιιιο</strong></span> <span class='ocrx_word' id='word_1_305' title='bbox 774 3370 970 3446; x_wconf 80' lang='lat' dir='ltr'><strong>proportionis</strong></span> <span class='ocrx_word' id='word_1_306' title='bbox 991 3373 1139 3446; x_wconf 74' lang='lat' dir='ltr'><strong>specimen</strong></span> <span class='ocrx_word' id='word_1_307' title='bbox 1166 3369 1260 3431; x_wconf 90' lang='lat' dir='ltr'><strong>edere.</strong></span> <span class='ocrx_word' id='word_1_308' title='bbox 1304 3368 1430 3431; x_wconf 86' lang='lat' dir='ltr'><strong>Rursum</strong></span> <span class='ocrx_word' id='word_1_309' title='bbox 1451 3368 1576 3445; x_wconf 80' lang='lat' dir='ltr'><strong>fallitur;</strong></span> 
     </span>
     <span class='ocr_line' id='line_1_31' title="bbox 256 3456 1575 3540; baseline 0.005 -31"><span class='ocrx_word' id='word_1_310' title='bbox 256 3466 297 3509; x_wconf 85' lang='lat' dir='ltr'><strong>nou</strong></span> <span class='ocrx_word' id='word_1_311' title='bbox 315 3463 355 3513; x_wconf 86' lang='lat' dir='ltr'><strong>eet</strong></span> <span class='ocrx_word' id='word_1_312' title='bbox 377 3457 500 3521; x_wconf 69' lang='lat' dir='ltr'><strong>enimi</strong></span> <span class='ocrx_word' id='word_1_313' title='bbox 521 3456 560 3540; x_wconf 81' lang='lat' dir='ltr'><strong>ed</strong></span> <span class='ocrx_word' id='word_1_314' title='bbox 583 3458 619 3530; x_wconf 91' lang='grc'><strong>6,</strong></span> <span class='ocrx_word' id='word_1_315' title='bbox 640 3464 674 3524; x_wconf 89' lang='lat' dir='ltr'><strong>ut</strong></span> <span class='ocrx_word' id='word_1_316' title='bbox 697 3457 715 3514; x_wconf 89' lang='grc'>6</span> <span class='ocrx_word' id='word_1_317' title='bbox 738 3456 777 3515; x_wconf 86' lang='lat' dir='ltr'><strong>ad</strong></span> <span class='ocrx_word' id='word_1_318' title='bbox 799 3458 838 3530; x_wconf 89' lang='lat'><strong>8,</strong></span> <span class='ocrx_word' id='word_1_319' title='bbox 859 3463 891 3515; x_wconf 89' lang='lat' dir='ltr'><strong>at</strong></span> <span class='ocrx_word' id='word_1_320' title='bbox 912 3456 968 3516; x_wconf 94' lang='lat' dir='ltr'><strong>boc</strong></span> <span class='ocrx_word' id='word_1_321' title='bbox 989 3474 1106 3530; x_wconf 72' lang='lat' dir='ltr'><strong>serum,</strong></span> <span class='ocrx_word' id='word_1_322' title='bbox 1128 3459 1258 3517; x_wconf 88' lang='lat' dir='ltr'><strong>omnium</strong></span> <span class='ocrx_word' id='word_1_323' title='bbox 1280 3464 1405 3535; x_wconf 81' lang='lat' dir='ltr'><strong>quatuor</strong></span> <span class='ocrx_word' id='word_1_324' title='bbox 1427 3458 1463 3531; x_wconf 90' lang='grc'><strong>4,</strong></span> <span class='ocrx_word' id='word_1_325' title='bbox 1487 3456 1522 3530; x_wconf 90' lang='grc'><strong>6,</strong></span> <span class='ocrx_word' id='word_1_326' title='bbox 1547 3458 1575 3532; x_wconf 92' lang='grc'><strong>8,</strong></span> 
     </span>
     <span class='ocr_line' id='line_1_32' title="bbox 259 3539 1576 3621; baseline 0.008 -26"><span class='ocrx_word' id='word_1_327' title='bbox 259 3539 286 3595; x_wconf 85' lang='lat' dir='ltr'><strong>li</strong></span> <span class='ocrx_word' id='word_1_328' title='bbox 304 3540 345 3601; x_wconf 88' lang='lat' dir='ltr'><strong>rel</strong></span> <span class='ocrx_word' id='word_1_329' title='bbox 366 3545 396 3601; x_wconf 88' lang='lat' dir='ltr'><strong>in</strong></span> <span class='ocrx_word' id='word_1_330' title='bbox 419 3545 547 3603; x_wconf 88' lang='lat' dir='ltr'><strong>minimis</strong></span> <span class='ocrx_word' id='word_1_331' title='bbox 569 3546 606 3618; x_wconf 77' lang='lat'><strong>2,</strong></span> <span class='ocrx_word' id='word_1_332' title='bbox 628 3545 665 3617; x_wconf 82' lang='grc'><strong>8,</strong></span> <span class='ocrx_word' id='word_1_333' title='bbox 689 3545 727 3617; x_wconf 87' lang='grc'><strong>4,</strong></span> <span class='ocrx_word' id='word_1_334' title='bbox 752 3544 785 3616; x_wconf 86' lang='grc'><strong>6,</strong></span> <span class='ocrx_word' id='word_1_335' title='bbox 814 3560 996 3603; x_wconf 87' lang='lat' dir='ltr'><strong>communem</strong></span> <span class='ocrx_word' id='word_1_336' title='bbox 1017 3562 1082 3605; x_wconf 87' lang='lat' dir='ltr'><strong>sese</strong></span> <span class='ocrx_word' id='word_1_337' title='bbox 1105 3544 1358 3621; x_wconf 74' lang='lat' dir='ltr'><strong>concordantiam,</strong></span> <span class='ocrx_word' id='word_1_338' title='bbox 1387 3546 1576 3621; x_wconf 75' lang='lat' dir='ltr'><strong>quencumris</strong></span> 
     </span>
     <span class='ocr_line' id='line_1_33' title="bbox 257 3618 1577 3709; baseline 0.007 -28"><span class='ocrx_word' id='word_1_339' title='bbox 257 3621 319 3685; x_wconf 87' lang='lat' dir='ltr'><strong>riter</strong></span> <span class='ocrx_word' id='word_1_340' title='bbox 339 3631 411 3701; x_wconf 76' lang='lat'><strong>2,3</strong></span> <span class='ocrx_word' id='word_1_341' title='bbox 435 3639 603 3704; x_wconf 78' lang='lat' dir='ltr'><strong>consonent,</strong></span> <span class='ocrx_word' id='word_1_342' title='bbox 626 3620 711 3691; x_wconf 85' lang='lat' dir='ltr'><strong>aliter</strong></span> <span class='ocrx_word' id='word_1_343' title='bbox 733 3634 822 3691; x_wconf 90' lang='lat' dir='ltr'><strong>etiem</strong></span> <span class='ocrx_word' id='word_1_344' title='bbox 844 3632 874 3706; x_wconf 87' lang='grc'><strong>8,</strong></span> <span class='ocrx_word' id='word_1_345' title='bbox 898 3634 927 3706; x_wconf 87' lang='grc'><strong>4,</strong></span> <span class='ocrx_word' id='word_1_346' title='bbox 951 3632 1036 3691; x_wconf 84' lang='lat' dir='ltr'><strong>aliter</strong></span> <span class='ocrx_word' id='word_1_347' title='bbox 1057 3631 1181 3709; x_wconf 85' lang='lat' dir='ltr'><strong>denique</strong></span> <span class='ocrx_word' id='word_1_348' title='bbox 1205 3634 1233 3706; x_wconf 80' lang='lat'><strong>2,</strong></span> <span class='ocrx_word' id='word_1_349' title='bbox 1254 3633 1277 3695; x_wconf 83' lang='grc'><strong>4</strong></span> <span class='ocrx_word' id='word_1_350' title='bbox 1300 3618 1393 3705; x_wconf 70' lang='lat' dir='ltr'><strong>eslii,</strong></span> <span class='ocrx_word' id='word_1_351' title='bbox 1418 3633 1447 3690; x_wconf 88' lang='grc'><strong>6.</strong></span> <span class='ocrx_word' id='word_1_352' title='bbox 1485 3629 1577 3707; x_wconf 87' lang='lat' dir='ltr'><strong>Quic-</strong></span> 
     </span>
     <span class='ocr_line' id='line_1_34' title="bbox 258 3712 1577 3797; baseline 0.002 -23"><span class='ocrx_word' id='word_1_353' title='bbox 258 3712 310 3783; x_wconf 73' lang='lat' dir='ltr'><strong>lnid</strong></span> <span class='ocrx_word' id='word_1_354' title='bbox 327 3717 413 3791; x_wconf 84' lang='lat' dir='ltr'><strong>igitur</strong></span> <span class='ocrx_word' id='word_1_355' title='bbox 434 3717 633 3777; x_wconf 87' lang='lat' dir='ltr'><strong>similitudinis</strong></span> <span class='ocrx_word' id='word_1_356' title='bbox 647 3726 702 3775; x_wconf 84' lang='lat' dir='ltr'><strong>est</strong></span> <span class='ocrx_word' id='word_1_357' title='bbox 723 3720 751 3775; x_wconf 93' lang='lat' dir='ltr'><strong>iu</strong></span> <span class='ocrx_word' id='word_1_358' title='bbox 775 3719 902 3777; x_wconf 75' lang='lat' dir='ltr'><strong>miseris</strong></span> <span class='ocrx_word' id='word_1_359' title='bbox 924 3736 990 3795; x_wconf 83' lang='lat' dir='ltr'><strong>cum</strong></span> <span class='ocrx_word' id='word_1_360' title='bbox 1011 3736 1086 3797; x_wconf 81' lang='lat' dir='ltr'><strong>rep,</strong></span> <span class='ocrx_word' id='word_1_361' title='bbox 1110 3719 1140 3779; x_wconf 90' lang='lat' dir='ltr'><strong>id</strong></span> <span class='ocrx_word' id='word_1_362' title='bbox 1153 3719 1214 3779; x_wconf 87' lang='lat' dir='ltr'><strong>illis</strong></span> <span class='ocrx_word' id='word_1_363' title='bbox 1229 3722 1312 3793; x_wconf 85' lang='lat' dir='ltr'><strong>inest,</strong></span> <span class='ocrx_word' id='word_1_364' title='bbox 1336 3726 1480 3795; x_wconf 85' lang='lat' dir='ltr'><strong>queienus</strong></span> <span class='ocrx_word' id='word_1_365' title='bbox 1494 3734 1577 3779; x_wconf 85' lang='lat' dir='ltr'><strong>seor-</strong></span> 
     </span>
     <span class='ocr_line' id='line_1_35' title="bbox 259 3799 1577 3883; baseline 0.005 -26"><span class='ocrx_word' id='word_1_366' title='bbox 259 3799 297 3857; x_wconf 81' lang='lat' dir='ltr'><strong>riu</strong></span> <span class='ocrx_word' id='word_1_367' title='bbox 315 3819 332 3861; x_wconf 88' lang='lat' dir='ltr'><strong>a</strong></span> <span class='ocrx_word' id='word_1_368' title='bbox 350 3806 463 3865; x_wconf 83' lang='lat' dir='ltr'><strong>musica</strong></span> <span class='ocrx_word' id='word_1_369' title='bbox 483 3808 669 3881; x_wconf 68' lang='lat' dir='ltr'><strong>geometricis</strong></span> <span class='ocrx_word' id='word_1_370' title='bbox 691 3804 740 3865; x_wconf 81' lang='lat' dir='ltr'><strong>ecl</strong></span> <span class='ocrx_word' id='word_1_371' title='bbox 760 3806 950 3869; x_wconf 74' lang='lat' dir='ltr'><strong>arithmeticis</strong></span> <span class='ocrx_word' id='word_1_372' title='bbox 971 3807 1224 3883; x_wconf 77' lang='lat' dir='ltr'><strong>progressionibus</strong></span> <span class='ocrx_word' id='word_1_373' title='bbox 1246 3808 1406 3867; x_wconf 88' lang='lat' dir='ltr'><strong>consociati</strong></span> <span class='ocrx_word' id='word_1_374' title='bbox 1427 3812 1505 3878; x_wconf 90' lang='lat' dir='ltr'><strong>suut,</strong></span> <span class='ocrx_word' id='word_1_375' title='bbox 1528 3804 1577 3865; x_wconf 86' lang='lat' dir='ltr'><strong>vel</strong></span> 
     </span>
     <span class='ocr_line' id='line_1_36' title="bbox 259 3887 1577 3971; baseline 0.006 -28"><span class='ocrx_word' id='word_1_376' title='bbox 259 3887 358 3949; x_wconf 88' lang='lat' dir='ltr'><strong>uirtura</strong></span> <span class='ocrx_word' id='word_1_377' title='bbox 378 3900 577 3970; x_wconf 85' lang='lat' dir='ltr'><strong>utrarumque.</strong></span> <span class='ocrx_word' id='word_1_378' title='bbox 622 3893 683 3951; x_wconf 80' lang='lat' dir='ltr'><strong>Aut</strong></span> <span class='ocrx_word' id='word_1_379' title='bbox 705 3893 850 3966; x_wconf 87' lang='lat' dir='ltr'><strong>vicissim,</strong></span> <span class='ocrx_word' id='word_1_380' title='bbox 878 3894 903 3951; x_wconf 89' lang='lat' dir='ltr'><strong>si</strong></span> <span class='ocrx_word' id='word_1_381' title='bbox 926 3894 1018 3969; x_wconf 78' lang='lat' dir='ltr'><strong>&#39;quam</strong></span> <span class='ocrx_word' id='word_1_382' title='bbox 1040 3893 1137 3953; x_wconf 91' lang='lat' dir='ltr'><strong>lucem</strong></span> <span class='ocrx_word' id='word_1_383' title='bbox 1165 3894 1275 3971; x_wconf 86' lang='lat' dir='ltr'><strong>palitiis</strong></span> <span class='ocrx_word' id='word_1_384' title='bbox 1298 3890 1508 3970; x_wconf 78' lang='lat' dir='ltr'><strong>cognoscendis</strong></span> <span class='ocrx_word' id='word_1_385' title='bbox 1530 3892 1577 3953; x_wconf 85' lang='lat' dir='ltr'><strong>el-</strong></span> 
     </span>
     <span class='ocr_line' id='line_1_37' title="bbox 259 3969 1576 4057; baseline 0.005 -24"><span class='ocrx_word' id='word_1_386' title='bbox 259 3969 331 4033; x_wconf 81' lang='lat' dir='ltr'><strong>icruut</strong></span> <span class='ocrx_word' id='word_1_387' title='bbox 348 3980 551 4055; x_wconf 83' lang='lat' dir='ltr'><strong>proportiones</strong></span> <span class='ocrx_word' id='word_1_388' title='bbox 571 3996 755 4039; x_wconf 88' lang='lat' dir='ltr'><strong>numerorum</strong></span> <span class='ocrx_word' id='word_1_389' title='bbox 764 3980 978 4055; x_wconf 42' lang='lat' dir='ltr'><strong>enarmonicee,</strong></span> <span class='ocrx_word' id='word_1_390' title='bbox 1007 3982 1118 4041; x_wconf 74' lang='lat' dir='ltr'><strong>lecium</strong></span> <span class='ocrx_word' id='word_1_391' title='bbox 1133 3980 1168 4039; x_wconf 83' lang='lat' dir='ltr'><strong>id</strong></span> <span class='ocrx_word' id='word_1_392' title='bbox 1195 3997 1247 4057; x_wconf 89' lang='lat' dir='ltr'><strong>per</strong></span> <span class='ocrx_word' id='word_1_393' title='bbox 1267 3998 1315 4054; x_wconf 88' lang='lat' dir='ltr'><strong>sc,</strong></span> <span class='ocrx_word' id='word_1_394' title='bbox 1345 3983 1466 4039; x_wconf 85' lang='lat' dir='ltr'><strong>seorsim</strong></span> <span class='ocrx_word' id='word_1_395' title='bbox 1488 3998 1507 4039; x_wconf 90' lang='lat' dir='ltr'><strong>a</strong></span> <span class='ocrx_word' id='word_1_396' title='bbox 1528 3996 1576 4040; x_wconf 90' lang='lat' dir='ltr'><strong>re-</strong></span> 
     </span>
     <span class='ocr_line' id='line_1_38' title="bbox 259 4069 1485 4146; baseline -0.002 -16"><span class='ocrx_word' id='word_1_397' title='bbox 259 4071 337 4130; x_wconf 77' lang='lat' dir='ltr'><strong>uecta</strong></span> <span class='ocrx_word' id='word_1_398' title='bbox 356 4070 578 4143; x_wconf 83' lang='lat' dir='ltr'><strong>proportionum</strong></span> <span class='ocrx_word' id='word_1_399' title='bbox 597 4069 847 4144; x_wconf 80' lang='lat' dir='ltr'><strong>geometricamuc</strong></span> <span class='ocrx_word' id='word_1_400' title='bbox 877 4116 882 4123; x_wconf 86' lang='grc'><strong>,</strong></span> <span class='ocrx_word' id='word_1_401' title='bbox 1212 4096 1221 4146; x_wconf 77' lang='lat'><strong>¹.</strong></span> <span class='ocrx_word' id='word_1_402' title='bbox 1314 4100 1320 4111; x_wconf 92' lang='lat'><strong>·</strong></span> <span class='ocrx_word' id='word_1_403' title='bbox 1477 4103 1485 4121; x_wconf 55' lang='lat' dir='ltr'><strong>r</strong></span> 
     </span>
    </p>

    <p class='ocr_par' dir='ltr' id='par_1_5' title="bbox 262 4150 1578 5193">
     <span class='ocr_line' id='line_1_39' title="bbox 324 4150 1577 4232; baseline 0.003 -23"><span class='ocrx_word' id='word_1_404' title='bbox 324 4153 418 4231; x_wconf 69' lang='grc'><strong>11666</strong></span> <span class='ocrx_word' id='word_1_405' title='bbox 441 4170 497 4231; x_wconf 85' lang='lat' dir='ltr'><strong>ego</strong></span> <span class='ocrx_word' id='word_1_406' title='bbox 517 4172 604 4229; x_wconf 86' lang='lat' dir='ltr'><strong>eene,</strong></span> <span class='ocrx_word' id='word_1_407' title='bbox 633 4157 660 4213; x_wconf 88' lang='lat' dir='ltr'><strong>ei</strong></span> <span class='ocrx_word' id='word_1_408' title='bbox 673 4156 754 4230; x_wconf 86' lang='lat' dir='ltr'><strong>reip.</strong></span> <span class='ocrx_word' id='word_1_409' title='bbox 775 4155 910 4214; x_wconf 87' lang='lat' dir='ltr'><strong>notitiam</strong></span> <span class='ocrx_word' id='word_1_410' title='bbox 937 4154 1011 4213; x_wconf 87' lang='lat' dir='ltr'><strong>mibi</strong></span> <span class='ocrx_word' id='word_1_411' title='bbox 1031 4166 1247 4232; x_wconf 76' lang='lat' dir='ltr'><strong>compescerem</strong></span> <span class='ocrx_word' id='word_1_412' title='bbox 1274 4161 1304 4213; x_wconf 87' lang='lat' dir='ltr'><strong>et</strong></span> <span class='ocrx_word' id='word_1_413' title='bbox 1325 4152 1388 4215; x_wconf 66' lang='lat' dir='ltr'><strong>bec,</strong></span> <span class='ocrx_word' id='word_1_414' title='bbox 1402 4150 1476 4213; x_wconf 89' lang='lat' dir='ltr'><strong>libro</strong></span> <span class='ocrx_word' id='word_1_415' title='bbox 1498 4152 1577 4231; x_wconf 91' lang='lat' dir='ltr'><strong>puli-</strong></span> 
     </span>
     <span class='ocr_line' id='line_1_40' title="bbox 262 4231 1576 4319; baseline 0.005 -25"><span class='ocrx_word' id='word_1_416' title='bbox 262 4231 328 4294; x_wconf 76' lang='lat' dir='ltr'><strong>ium</strong></span> <span class='ocrx_word' id='word_1_417' title='bbox 346 4258 479 4316; x_wconf 61' lang='lat' dir='ltr'><strong>agerem</strong></span> <span class='ocrx_word' id='word_1_418' title='bbox 501 4241 689 4305; x_wconf 86' lang='lat' dir='ltr'><strong>distinctions</strong></span> <span class='ocrx_word' id='word_1_419' title='bbox 709 4258 804 4305; x_wconf 89' lang='lat' dir='ltr'><strong>reruru</strong></span> <span class='ocrx_word' id='word_1_420' title='bbox 826 4258 913 4316; x_wconf 87' lang='lat' dir='ltr'><strong>usus,</strong></span> <span class='ocrx_word' id='word_1_421' title='bbox 937 4250 1032 4302; x_wconf 84' lang='lat' dir='ltr'><strong>totum</strong></span> <span class='ocrx_word' id='word_1_422' title='bbox 1054 4242 1159 4303; x_wconf 89' lang='lat' dir='ltr'><strong>Bodini</strong></span> <span class='ocrx_word' id='word_1_423' title='bbox 1180 4241 1276 4301; x_wconf 91' lang='lat' dir='ltr'><strong>locum</strong></span> <span class='ocrx_word' id='word_1_424' title='bbox 1299 4242 1342 4300; x_wconf 87' lang='lat' dir='ltr'><strong>sic</strong></span> <span class='ocrx_word' id='word_1_425' title='bbox 1363 4240 1576 4319; x_wconf 75' lang='lat' dir='ltr'><strong>interpolaretur,</strong></span> 
     </span>
     <span class='ocr_line' id='line_1_41' title="bbox 264 4326 1577 4407; baseline 0.005 -26"><span class='ocrx_word' id='word_1_426' title='bbox 264 4326 285 4375; x_wconf 85' lang='lat' dir='ltr'><strong>u</strong></span> <span class='ocrx_word' id='word_1_427' title='bbox 299 4330 324 4381; x_wconf 83' lang='lat' dir='ltr'><strong>et</strong></span> <span class='ocrx_word' id='word_1_428' title='bbox 341 4327 490 4389; x_wconf 76' lang='lat' dir='ltr'><strong>Adstotdi</strong></span> <span class='ocrx_word' id='word_1_429' title='bbox 511 4334 568 4389; x_wconf 78' lang='lat' dir='ltr'><strong>sua</strong></span> <span class='ocrx_word' id='word_1_430' title='bbox 587 4328 698 4405; x_wconf 84' lang='lat' dir='ltr'><strong>placita</strong></span> <span class='ocrx_word' id='word_1_431' title='bbox 718 4338 870 4389; x_wconf 74' lang='lat' dir='ltr'><strong>mereat</strong></span> <span class='ocrx_word' id='word_1_432' title='bbox 889 4332 1072 4404; x_wconf 83' lang='lat' dir='ltr'><strong>inconcussa,</strong></span> <span class='ocrx_word' id='word_1_433' title='bbox 1096 4339 1125 4391; x_wconf 91' lang='lat' dir='ltr'><strong>et</strong></span> <span class='ocrx_word' id='word_1_434' title='bbox 1140 4328 1330 4407; x_wconf 73' lang='lat' dir='ltr'><strong>Rudinussr</strong></span> <span class='ocrx_word' id='word_1_435' title='bbox 1350 4345 1416 4391; x_wconf 85' lang='lat' dir='ltr'><strong>rues</strong></span> <span class='ocrx_word' id='word_1_436' title='bbox 1437 4328 1494 4389; x_wconf 83' lang='lat' dir='ltr'><strong>bac</strong></span> <span class='ocrx_word' id='word_1_437' title='bbox 1508 4328 1577 4389; x_wconf 61' lang='lat' dir='ltr'><strong>bes</strong></span> 
     </span>
     <span class='ocr_line' id='line_1_42' title="bbox 264 4413 1578 4495; baseline 0.002 -21"><span class='ocrx_word' id='word_1_438' title='bbox 264 4413 358 4485; x_wconf 73' lang='lat' dir='ltr'><strong>norica,</strong></span> <span class='ocrx_word' id='word_1_439' title='bbox 379 4418 502 4477; x_wconf 83' lang='lat' dir='ltr'><strong>seorsim</strong></span> <span class='ocrx_word' id='word_1_440' title='bbox 522 4417 561 4476; x_wconf 89' lang='lat' dir='ltr'><strong>ab</strong></span> <span class='ocrx_word' id='word_1_441' title='bbox 583 4416 644 4485; x_wconf 87' lang='lat' dir='ltr'><strong>illo,</strong></span> <span class='ocrx_word' id='word_1_442' title='bbox 667 4416 920 4477; x_wconf 68' lang='lat' dir='ltr'><strong>drsoerermelroe</strong></span> <span class='ocrx_word' id='word_1_443' title='bbox 947 4418 1104 4493; x_wconf 82' lang='lat' dir='ltr'><strong>inpolitis</strong></span> <span class='ocrx_word' id='word_1_444' title='bbox 1127 4415 1336 4495; x_wconf 78' lang='lat' dir='ltr'><strong>philosophari.</strong></span> <span class='ocrx_word' id='word_1_445' title='bbox 1380 4414 1470 4477; x_wconf 78' lang='lat' dir='ltr'><strong>uliud</strong></span> <span class='ocrx_word' id='word_1_446' title='bbox 1497 4416 1578 4476; x_wconf 89' lang='lat' dir='ltr'><strong>dics-</strong></span> 
     </span>
     <span class='ocr_line' id='line_1_43' title="bbox 266 4503 1578 4580; baseline 0.003 -21"><span class='ocrx_word' id='word_1_447' title='bbox 266 4504 307 4552; x_wconf 69' lang='lat' dir='ltr'><strong>ltn</strong></span> <span class='ocrx_word' id='word_1_448' title='bbox 323 4515 379 4559; x_wconf 85' lang='lat' dir='ltr'><strong>cese</strong></span> <span class='ocrx_word' id='word_1_449' title='bbox 401 4511 510 4562; x_wconf 87' lang='lat' dir='ltr'><strong>statum</strong></span> <span class='ocrx_word' id='word_1_450' title='bbox 532 4506 662 4563; x_wconf 81' lang='lat' dir='ltr'><strong>ciuitatis</strong></span> <span class='ocrx_word' id='word_1_451' title='bbox 684 4504 808 4580; x_wconf 79' lang='lat' dir='ltr'><strong>ejusque</strong></span> <span class='ocrx_word' id='word_1_452' title='bbox 828 4504 1009 4579; x_wconf 83' lang='lat' dir='ltr'><strong>gubernnudi</strong></span> <span class='ocrx_word' id='word_1_453' title='bbox 1030 4506 1171 4577; x_wconf 71' lang='lat' dir='ltr'><strong>sormam,</strong></span> <span class='ocrx_word' id='word_1_454' title='bbox 1186 4504 1278 4578; x_wconf 32' lang='lat' dir='ltr'><strong>,mind</strong></span> <span class='ocrx_word' id='word_1_455' title='bbox 1297 4504 1437 4580; x_wconf 78' lang='lat' dir='ltr'><strong>justitiae·</strong></span> <span class='ocrx_word' id='word_1_456' title='bbox 1452 4503 1578 4579; x_wconf 74' lang='lat' dir='ltr'><strong>numiui·</strong></span> 
     </span>
     <span class='ocr_line' id='line_1_44' title="bbox 265 4583 1578 4668; baseline 0.005 -25"><span class='ocrx_word' id='word_1_457' title='bbox 265 4583 419 4663; x_wconf 73' lang='lat' dir='ltr'><strong>iirttiouem,</strong></span> <span class='ocrx_word' id='word_1_458' title='bbox 447 4589 683 4654; x_wconf 79' lang='lat' dir='ltr'><strong>differuntcnim</strong></span> <span class='ocrx_word' id='word_1_459' title='bbox 711 4602 744 4649; x_wconf 93' lang='lat' dir='ltr'><strong>ut</strong></span> <span class='ocrx_word' id='word_1_460' title='bbox 760 4608 833 4667; x_wconf 57' lang='lat' dir='ltr'><strong>,pars</strong></span> <span class='ocrx_word' id='word_1_461' title='bbox 855 4600 885 4650; x_wconf 88' lang='lat' dir='ltr'><strong>et</strong></span> <span class='ocrx_word' id='word_1_462' title='bbox 906 4598 1015 4666; x_wconf 80' lang='lat' dir='ltr'><strong>totum3</strong></span> <span class='ocrx_word' id='word_1_463' title='bbox 1046 4591 1291 4668; x_wconf 82' lang='lat' dir='ltr'><strong>quemadmodum</strong></span> <span class='ocrx_word' id='word_1_464' title='bbox 1320 4594 1349 4651; x_wconf 90' lang='lat' dir='ltr'><strong>iu</strong></span> <span class='ocrx_word' id='word_1_465' title='bbox 1371 4590 1578 4651; x_wconf 86' lang='lat' dir='ltr'><strong>mathematica</strong></span> 
     </span>
     <span class='ocr_line' id='line_1_45' title="bbox 267 4662 1578 4757; baseline 0.002 -22"><span class='ocrx_word' id='word_1_466' title='bbox 267 4662 326 4728; x_wconf 77' lang='lat' dir='ltr'><strong>eliel</strong></span> <span class='ocrx_word' id='word_1_467' title='bbox 349 4685 416 4735; x_wconf 89' lang='lat' dir='ltr'><strong>suut</strong></span> <span class='ocrx_word' id='word_1_468' title='bbox 444 4680 638 4753; x_wconf 84' lang='lat' dir='ltr'><strong>geometriote</strong></span> <span class='ocrx_word' id='word_1_469' title='bbox 660 4678 919 4754; x_wconf 82' lang='lat' dir='ltr'><strong>arithmeticeeque</strong></span> <span class='ocrx_word' id='word_1_470' title='bbox 940 4696 1125 4739; x_wconf 75' lang='lat' dir='ltr'><strong>numerorum</strong></span> <span class='ocrx_word' id='word_1_471' title='bbox 1147 4681 1365 4757; x_wconf 90' lang='lat' dir='ltr'><strong>proportiones,</strong></span> <span class='ocrx_word' id='word_1_472' title='bbox 1395 4678 1478 4738; x_wconf 90' lang='lat' dir='ltr'><strong>aliud</strong></span> <span class='ocrx_word' id='word_1_473' title='bbox 1505 4694 1578 4739; x_wconf 89' lang='lat' dir='ltr'><strong>con·</strong></span> 
     </span>
     <span class='ocr_line' id='line_1_46' title="bbox 268 4762 1577 4849; baseline 0.002 -27"><span class='ocrx_word' id='word_1_474' title='bbox 268 4762 341 4849; x_wconf 56' lang='lat' dir='ltr'><strong>Qun</strong></span> <span class='ocrx_word' id='word_1_475' title='bbox 353 4765 452 4825; x_wconf 90' lang='lat' dir='ltr'><strong>musici</strong></span> <span class='ocrx_word' id='word_1_476' title='bbox 467 4767 595 4825; x_wconf 87' lang='lat' dir='ltr'><strong>numeris</strong></span> <span class='ocrx_word' id='word_1_477' title='bbox 610 4766 748 4842; x_wconf 79' lang='lat' dir='ltr'><strong>expressi</strong></span> <span class='ocrx_word' id='word_1_478' title='bbox 793 4762 815 4824; x_wconf 88' lang='lat' dir='ltr'>J</span> <span class='ocrx_word' id='word_1_479' title='bbox 816 4764 912 4825; x_wconf 81' lang='lat' dir='ltr'><strong>udicis</strong></span> <span class='ocrx_word' id='word_1_480' title='bbox 925 4780 997 4826; x_wconf 88' lang='lat' dir='ltr'><strong>sene</strong></span> <span class='ocrx_word' id='word_1_481' title='bbox 1019 4770 1207 4847; x_wconf 87' lang='lat' dir='ltr'><strong>constituunt,</strong></span> <span class='ocrx_word' id='word_1_482' title='bbox 1232 4767 1281 4842; x_wconf 85' lang='lat' dir='ltr'><strong>qui</strong></span> <span class='ocrx_word' id='word_1_483' title='bbox 1302 4782 1398 4827; x_wconf 87' lang='lat' dir='ltr'><strong>rerum</strong></span> <span class='ocrx_word' id='word_1_484' title='bbox 1411 4768 1577 4842; x_wconf 86' lang='lat' dir='ltr'><strong>potiuntur,</strong></span> 
     </span>
     <span class='ocr_line' id='line_1_47' title="bbox 269 4851 1576 4933; baseline 0.007 -30"><span class='ocrx_word' id='word_1_485' title='bbox 269 4851 313 4933; x_wconf 65' lang='grc'><strong>1116</strong></span> <span class='ocrx_word' id='word_1_486' title='bbox 328 4863 396 4909; x_wconf 82' lang='lat' dir='ltr'><strong>uum</strong></span> <span class='ocrx_word' id='word_1_487' title='bbox 417 4854 471 4926; x_wconf 88' lang='lat' dir='ltr'><strong>sit,</strong></span> <span class='ocrx_word' id='word_1_488' title='bbox 503 4854 568 4912; x_wconf 84' lang='lat' dir='ltr'><strong>sive</strong></span> <span class='ocrx_word' id='word_1_489' title='bbox 589 4854 690 4931; x_wconf 86' lang='lat' dir='ltr'><strong>penei,</strong></span> <span class='ocrx_word' id='word_1_490' title='bbox 720 4854 786 4911; x_wconf 83' lang='lat' dir='ltr'><strong>eise</strong></span> <span class='ocrx_word' id='word_1_491' title='bbox 813 4869 928 4926; x_wconf 90' lang='lat' dir='ltr'><strong>omues,</strong></span> <span class='ocrx_word' id='word_1_492' title='bbox 958 4862 988 4913; x_wconf 87' lang='lat' dir='ltr'><strong>et</strong></span> <span class='ocrx_word' id='word_1_493' title='bbox 1009 4853 1098 4913; x_wconf 90' lang='lat' dir='ltr'><strong>iidem</strong></span> <span class='ocrx_word' id='word_1_494' title='bbox 1125 4853 1310 4929; x_wconf 78' lang='lat' dir='ltr'><strong>tutelarelp.</strong></span> <span class='ocrx_word' id='word_1_495' title='bbox 1339 4860 1407 4913; x_wconf 89' lang='lat' dir='ltr'><strong>sunt</strong></span> <span class='ocrx_word' id='word_1_496' title='bbox 1429 4855 1576 4929; x_wconf 87' lang='lat' dir='ltr'><strong>occupati,</strong></span> 
     </span>
     <span class='ocr_line' id='line_1_48' title="bbox 268 4925 1578 5018; baseline 0.004 -22"><span class='ocrx_word' id='word_1_497' title='bbox 268 4925 349 5018; x_wconf 68' lang='lat' dir='ltr'><strong>ilffitis</strong></span> <span class='ocrx_word' id='word_1_498' title='bbox 366 4954 432 4997; x_wconf 81' lang='lat' dir='ltr'><strong>raro</strong></span> <span class='ocrx_word' id='word_1_499' title='bbox 453 4941 510 5016; x_wconf 88' lang='lat' dir='ltr'><strong>ipsi</strong></span> <span class='ocrx_word' id='word_1_500' title='bbox 533 4942 678 5014; x_wconf 82' lang='lat' dir='ltr'><strong>exercebi,</strong></span> <span class='ocrx_word' id='word_1_501' title='bbox 709 4940 856 4999; x_wconf 86' lang='lat' dir='ltr'><strong>uisi-cum</strong></span> <span class='ocrx_word' id='word_1_502' title='bbox 877 4940 948 5000; x_wconf 88' lang='lat' dir='ltr'><strong>licet</strong></span> <span class='ocrx_word' id='word_1_503' title='bbox 968 4941 1088 5001; x_wconf 86' lang='lat' dir='ltr'><strong>arbitrio</strong></span> <span class='ocrx_word' id='word_1_504' title='bbox 1111 4943 1153 5003; x_wconf 89' lang='lat' dir='ltr'><strong>uti</strong></span> <span class='ocrx_word' id='word_1_505' title='bbox 1183 4938 1281 5015; x_wconf 74' lang='lat' dir='ltr'><strong>soluto</strong></span> <span class='ocrx_word' id='word_1_506' title='bbox 1302 4938 1426 5016; x_wconf 84' lang='lat' dir='ltr'><strong>legibus.</strong></span> <span class='ocrx_word' id='word_1_507' title='bbox 1471 4941 1578 5001; x_wconf 74' lang='lat' dir='ltr'><strong>boone</strong></span> 
     </span>
     <span class='ocr_line' id='line_1_49' title="bbox 270 5012 1577 5105; baseline 0.006 -26"><span class='ocrx_word' id='word_1_508' title='bbox 270 5012 380 5084; x_wconf 70' lang='lat' dir='ltr'><strong>illicibus</strong></span> <span class='ocrx_word' id='word_1_509' title='bbox 401 5042 467 5085; x_wconf 86' lang='lat' dir='ltr'><strong>raro</strong></span> <span class='ocrx_word' id='word_1_510' title='bbox 488 5028 640 5103; x_wconf 83' lang='lat' dir='ltr'><strong>superiore</strong></span> <span class='ocrx_word' id='word_1_511' title='bbox 659 5028 760 5087; x_wconf 79' lang='lat' dir='ltr'><strong>munis</strong></span> <span class='ocrx_word' id='word_1_512' title='bbox 776 5026 964 5100; x_wconf 87' lang='lat' dir='ltr'><strong>mandantur,</strong></span> <span class='ocrx_word' id='word_1_513' title='bbox 986 5027 1067 5105; x_wconf 85' lang='lat' dir='ltr'><strong>leges</strong></span> <span class='ocrx_word' id='word_1_514' title='bbox 1088 5030 1187 5105; x_wconf 86' lang='lat' dir='ltr'><strong>potius</strong></span> <span class='ocrx_word' id='word_1_515' title='bbox 1200 5028 1395 5104; x_wconf 87' lang='lat' dir='ltr'><strong>precscrlptse</strong></span> <span class='ocrx_word' id='word_1_516' title='bbox 1410 5035 1486 5101; x_wconf 88' lang='lat' dir='ltr'><strong>suut,</strong></span> <span class='ocrx_word' id='word_1_517' title='bbox 1510 5030 1577 5105; x_wconf 82' lang='lat' dir='ltr'><strong>qui-</strong></span> 
     </span>
     <span class='ocr_line' id='line_1_50' title="bbox 272 5094 1578 5193; baseline 0.006 -24"><span class='ocrx_word' id='word_1_518' title='bbox 272 5094 309 5158; x_wconf 85' lang='lat' dir='ltr'><strong>in</strong></span> <span class='ocrx_word' id='word_1_519' title='bbox 329 5114 465 5173; x_wconf 76' lang='lat' dir='ltr'><strong>tuentur.</strong></span> <span class='ocrx_word' id='word_1_520' title='bbox 508 5113 614 5191; x_wconf 85' lang='lat' dir='ltr'><strong>ltaque</strong></span> <span class='ocrx_word' id='word_1_521' title='bbox 642 5116 850 5191; x_wconf 84' lang='lat' dir='ltr'><strong>geometricam</strong></span> <span class='ocrx_word' id='word_1_522' title='bbox 872 5114 1141 5192; x_wconf 81' lang='lat' dir='ltr'><strong>arithmeticamque</strong></span> <span class='ocrx_word' id='word_1_523' title='bbox 1163 5116 1380 5193; x_wconf 84' lang='lat' dir='ltr'><strong>progressiones</strong></span> <span class='ocrx_word' id='word_1_524' title='bbox 1409 5115 1447 5175; x_wconf 89' lang='lat' dir='ltr'><strong>ed</strong></span> <span class='ocrx_word' id='word_1_525' title='bbox 1465 5114 1578 5192; x_wconf 72' lang='lat' dir='ltr'><strong>iudicia</strong></span> 
     </span>
    </p>
   </div>
   <div class='ocr_carea' id='block_1_5' title="bbox 272 5185 1576 5281">
    <p class='ocr_par' dir='ltr' id='par_1_6' title="bbox 272 5185 1576 5281">
     <span class='ocr_line' id='line_1_51' title="bbox 272 5185 1576 5281; baseline 0 -16"><span class='ocrx_word' id='word_1_526' title='bbox 272 5185 395 5265; x_wconf 61' lang='lat' dir='ltr'><strong>elegam</strong></span> <span class='ocrx_word' id='word_1_527' title='bbox 423 5217 491 5261; x_wconf 87' lang='lat' dir='ltr'><strong>cum</strong></span> <span class='ocrx_word' id='word_1_528' title='bbox 514 5202 687 5279; x_wconf 74' lang='grc' dir='ltr'><strong>11ιί6161616,</strong></span> <span class='ocrx_word' id='word_1_529' title='bbox 714 5217 774 5263; x_wconf 91' lang='lat' dir='ltr'><strong>nou</strong></span> <span class='ocrx_word' id='word_1_530' title='bbox 801 5200 931 5262; x_wconf 73' lang='lat' dir='ltr'><strong>admixto</strong></span> <span class='ocrx_word' id='word_1_531' title='bbox 963 5210 1095 5281; x_wconf 88' lang='lat' dir='ltr'><strong>respectu</strong></span> <span class='ocrx_word' id='word_1_532' title='bbox 1118 5208 1314 5265; x_wconf 86' lang='lat' dir='ltr'><strong>concentuum</strong></span> <span class='ocrx_word' id='word_1_533' title='bbox 1336 5200 1576 5281; x_wconf 84' lang='lat' dir='ltr'><strong>hermericorum,</strong></span> 
     </span>
    </p>
   </div>
   <div class='ocr_carea' id='block_1_6' title="bbox 0 0 2146 6384">
    <p class='ocr_par' dir='ltr' id='par_1_7' title="bbox 0 0 2146 6384">
     <span class='ocr_line' id='line_1_52' title="bbox 0 0 2146 6384; baseline 0 0"><span class='ocrx_word' id='word_1_534' title='bbox 0 0 2146 6384; x_wconf 95' lang='lat' dir='ltr'><strong> </strong></span> 
     </span>
    </p>
   </div>
  </div>
 </body>
</html>
