4242 6384
537 818 597 879 198
966 809 1010 865 De
1025 806 1249 877 Propertionibus
1266 784 1442 863 Hamouicie.

534 993 599 1051 sine
619 988 734 1051 nobiles
755 989 822 1062 sint,
844 988 908 1048 sive
930 986 1084 1063 ignobiles,
1107 988 1169 1045 sire
1193 985 1307 1061 divites,
1333 986 1395 1044 sire
1418 1000 1570 1063 pauperes.
1616 982 1728 1059 Quodsi
1752 1002 1808 1060 qna
1828 1000 1866 1043 res

536 1085 589 1151 est,
613 1094 689 1155 quae
711 1092 769 1135 nou
791 1077 899 1153 patitur
922 1074 1096 1134 divisionem
1119 1074 1194 1133 inter
1215 1073 1331 1145 multos,
1358 1090 1422 1132 eam
1444 1070 1570 1149 populus
1594 1072 1657 1130 vult
1679 1073 1785 1142 sortiri,
1809 1072 1868 1145 quia

535 1182 597 1224 sors
621 1180 709 1224 caeca
730 1171 811 1250 est,
805 1175 864 1223 non
886 1164 1085 1223 internoscens
1108 1160 1235 1219 nobilem
1260 1160 1297 1219 ab
1313 1159 1444 1261 ignobili,
1468 1158 1587 1217 divitem
1609 1173 1780 1235 apaupere,
1804 1158 1868 1216 bene

535 1254 669 1311 meritum
692 1250 729 1310 ab
753 1252 905 1323 immerito,
927 1250 1029 1307 virtuti
1051 1247 1181 1307 deditum
1204 1266 1222 1306 a
1244 1248 1361 1321 vitioso,
1385 1248 1566 1349 ingeniosum
1589 1264 1607 1305 a
1631 1246 1759 1322 stupido.
1803 1244 1869 1302 Τιιι

537 1339 654 1399 demum
675 1340 752 1398 euim
775 1337 881 1413 aliquis
904 1344 1043 1413 reputat
1066 1336 1185 1411 aequari
1208 1336 1328 1407 ceteris,
1358 1335 1383 1391 si
1406 1350 1472 1393 cum
1495 1335 1530 1391 iis
1552 1334 1669 1391 sortitur
1699 1350 1789 1409 snper
1811 1331 1871 1389 teli-

535 1427 600 1501 bus,
622 1427 687 1486 sire
706 1424 769 1501 jam
791 1425 870 1484 hona
891 1426 954 1483 sive
977 1423 1054 1482 mala
1077 1432 1154 1481 sorte
1178 1422 1361 1505 adipiscatur.
1409 1418 1463 1480 Ubi
1486 1422 1572 1489 sortis
1588 1418 1652 1479 loco
1675 1426 1802 1497 possunt
1816 1436 1871 1477 esse

540 1515 627 1573 etiam
651 1512 711 1572 alia
733 1510 900 1587 acquirendi
921 1510 1032 1582 media,
1056 1516 1089 1568 ut
1111 1510 1134 1566 si
1160 1508 1262 1568 electio
1284 1509 1467 1585 permittatur
1489 1510 1525 1579 ci,
1549 1508 1632 1583 cujas
1654 1506 1729 1565 nihil
1751 1508 1872 1576 interest,

536 1607 588 1660 aut
609 1602 659 1679 qui
680 1616 821 1677 personas
841 1614 900 1657 nou
921 1599 1064 1674 respicere
1088 1596 1221 1656 creditur.
1265 1594 1443 1654 Italiamne
1466 1593 1633 1654 consulatus
1656 1604 1718 1653 erat
1750 1610 1874 1653 commu·

537 1689 583 1747 uis
605 1688 734 1748 omnium
756 1688 827 1746 certi
850 1684 957 1744 ordinis
981 1700 1105 1759 eumque
1127 1684 1235 1743 licebat
1257 1690 1355 1759 petere
1382 1697 1400 1741 a
1423 1682 1547 1758 populo,
1575 1690 1606 1741 at
1629 1696 1686 1739 non
1714 1680 1874 1756 largitioni·

536 1776 608 1848 bus,
637 1792 675 1834 ue
698 1780 925 1850 corrumperetur
946 1770 1073 1849 populus
1101 1778 1130 1830 et
1158 1770 1263 1830 divites
1284 1768 1498 1845 praeferrentur
1526 1768 1717 1828 tenuioribus
1765 1768 1856 1827 Etsi'
1849 1784 1873 1823 ιι

538 1862 595 1921 hoc
617 1878 688 1921 casu
711 1860 800 1919 tacito
823 1876 967 1918 consensu
989 1860 1142 1935 respicitur
1164 1860 1256 1917 virtue
1285 1856 1378 1933 deque
1401 1874 1436 1915 ea
1459 1862 1489 1915 et
1512 1854 1547 1915 de
1570 1857 1644 1917 hene
1666 1856 1781 1915 meritis
1801 1854 1874 1931 Judi-

539 1950 616 2009 cium
636 1948 824 2024 permitttitur
844 1945 962 2023 populo

628 2034 653 2092 E
675 2035 836 2106 mnirario,
858 2036 934 2092 sicut
954 2034 984 2090 in
1008 2034 1167 2108 geometria
1196 2048 1331 2090 excessus
1353 2046 1534 2089 numerorum
1557 2028 1757 2089 assimilantur
1779 2046 1874 2087 nume-

538 2122 579 2180 ris
600 2122 680 2199 ipsis,
703 2128 737 2179 ut
758 2138 880 2197 rnagnus
901 2137 1036 2179 numerus
1058 2118 1195 2195 magnum
1218 2118 1326 2178 habeat
1348 2134 1515 2191 excessum,
1538 2134 1648 2193 parvus
1670 2135 1813 2195 parvum,
1840 2118 1875 2174 sic

538 2208 569 2265 in
591 2210 762 2285 optimatum
784 2212 843 2285 rep.
867 2207 1082 2284 distinguuntur
1110 2223 1266 2283 personae,
1299 2203 1514 2283 distinguuntur
1545 2210 1573 2264 et
1602 2204 1705 2278 odera,
1742 2206 1874 2281 praemis,

542 2297 737 2372 magistratus,
761 2297 875 2367 munia,
898 2302 928 2355 et
948 2296 1199 2371 praestantissima
1221 2300 1405 2353 reservantur
1427 2292 1632 2368 optimatibus,
1655 2290 1773 2367 reliqua
1795 2290 1876 2351 relin-

540 2390 667 2459 quuntur
693 2382 813 2459 populo.
858 2379 916 2443 Ubi
945 2398 1065 2441 necesse
1095 2388 1155 2453 est,
1187 2382 1313 2439 seorsim
1335 2382 1408 2438 inter
1435 2380 1566 2455 singulas
1595 2379 1738 2439 lectiones
1770 2378 1875 2437 admitti

541 2470 631 2531 etiam
651 2470 864 2530 arithmeticam
885 2470 1119 2547 proportionem
1149 2465 1226 2526 de''
1208 2486 1243 2525 ns
1267 2468 1359 2540 eninr,
1389 2486 1463 2543 quae
1487 2474 1555 2525 sunt
1576 2464 1694 2543 populi,
1727 2468 1875 2525 sortientur

541 2571 649 2629 omues,
673 2559 812 2633 quisunt
835 2556 1013 2635 lnpopnlo,
1044 2553 1109 2615 de
1102 2556 1152 2626 ris,
1176 2571 1251 2655 quae
1275 2557 1460 2639 optimatum,
1486 2571 1583 2613 omues
1607 2555 1782 2629 optimates
1821 2552 1874 2611 Nisi

541 2646 618 2707 euim
639 2644 696 2705 boc
716 2643 777 2718 fiat,
806 2646 939 2721 perpetui
962 2650 1046 2703 eruut
1074 2644 1161 2702 etiem
1184 2641 1212 2703 in
1235 2642 1345 2718 populo
1375 2632 1482 2719 gradus
1513 2644 1698 2717 optimatum,
1729 2656 1824 2741 usque
1846 2636 1874 2695 ad

540 2733 629 2793 imam
650 2731 752 2829 populi
773 2732 898 2804 faecem,
927 2732 1060 2807 perpetui
1084 2730 1171 2789 etiam
1194 2729 1268 2787 inter
1292 2730 1461 2805 optimates,
1489 2746 1582 2805 usque
1611 2726 1648 2786 ad
1675 2728 1751 2804 reip
1777 2727 1875 2803 prioci-

540 2836 622 2897 pem3
645 2836 704 2895 qua
725 2818 836 2881 ratione
859 2836 934 2893 resp.
958 2835 1016 2876 non
1039 2817 1111 2890 erit,
1132 2815 1183 2874 sed
1207 2817 1317 2891 regium
1340 2816 1468 2875 civitatis
1490 2832 1591 2891 genus.
1658 2818 1662 2827 ’

627 2904 738 2981 Regius
760 2923 829 2965 rero
851 2913 958 2977 status,
981 2906 1036 2963 etsi
1059 2902 1107 2963 vel
1130 2903 1255 2985 maxime
1276 2904 1454 2979 proportioni
1478 2902 1671 2977 geometricae
1698 2900 1876 2969 assimilatur,

540 2991 677 3068 eoquod
705 2994 803 3051 omnia
826 2992 894 3069 jura
921 2990 1084 3067 majestatis
1113 2992 1174 3067 regi
1205 2996 1404 3063 reservantur,
1436 2991 1594 3065 sicutipse
1629 2988 1675 3049 vel
1699 2988 1795 3049 nobili
1817 3004 1875 3063 pro·

541 3080 649 3156 sapia„
668 3079 716 3139 rel
738 3081 827 3138 armis
854 3078 900 3139 rei
924 3078 1081 3137 virtutibus
1109 3083 1240 3154 praestat
1267 3078 1369 3137 ceteris
1399 3069 1549 3155 omuibus,
1578 3076 1761 3151 gubernandi
1792 3082 1876 3133 tamen

540 3167 616 3226 ratio
638 3167 669 3223 in
690 3166 747 3225 boc
769 3172 848 3225 statu
870 3166 1030 3233 rectissime
1050 3172 1149 3240 potest
1172 3166 1324 3241 temperari
1348 3182 1383 3223 ex
1406 3170 1528 3241 utreque
1554 3164 1749 3239 proportionis
1773 3176 1875 3239 genere.

543 3253 620 3313 Nam
640 3270 717 3316 uuus
739 3270 790 3314 rex
811 3254 919 3313 arbiter
942 3253 1071 3311 omnium
1093 3267 1151 3311 uou
1175 3268 1262 3311 coeco
1285 3252 1410 3329 impetu,
1444 3261 1476 3311 ut
1498 3267 1576 3321 sors,
1599 3249 1650 3311 sed
1674 3246 1802 3323 virtutis,
1825 3263 1876 3305 ιιι-

546 3341 676 3412 ritorum,
699 3340 808 3399 ordinis
830 3339 1031 3415 graduumque
1052 3339 1225 3409 rationibus,
1250 3355 1309 3415 qua
1331 3338 1409 3411 licet,
1433 3340 1531 3399 omnia
1555 3338 1629 3397 inter
1651 3340 1809 3413 optimates
1830 3352 1875 3411 po-

543 3426 706 3505 pulumque
727 3426 885 3503 dispensat,
909 3444 1008 3487 omnes
1028 3425 1161 3501 justitiae
1185 3424 1388 3484 distributivae
1413 3432 1442 3483 et
1464 3424 1689 3483 commutativae
1713 3436 1812 3501 partes
1834 3440 1876 3479 er-

542 3516 690 3591 asquitur,
713 3531 789 3589 quae
812 3516 962 3589 utriusque
984 3514 1180 3590 proportionis
1203 3512 1368 3587 conjunctio
1392 3510 1505 3569 Bodiuo
1531 3510 1637 3571 suflicit
1659 3510 1697 3571 ad
1719 3512 1877 3587 proportio-

544 3618 612 3661 nem
635 3599 833 3661 harmouicom
855 3598 1103 3675 constituendam
1125 3606 1157 3659 at
1175 3600 1261 3677 justa
1284 3598 1519 3663 omniaconsilia
1540 3604 1673 3662 nontam
1693 3596 1731 3659 ad
1757 3593 1877 3673 singulos

544 3687 594 3748 vel
620 3686 736 3748 ordines
762 3687 811 3749 rel
839 3688 983 3762 homines,
1015 3704 1103 3763 quarn
1134 3684 1171 3745 ad
1201 3693 1293 3745 totum
1316 3686 1443 3745 civitatis
1486 3702 1590 3761 corpus
1620 3686 1743 3761 ejusque
1766 3683 1878 3743 salutern

543 3780 733 3851 mutuamque
755 3774 925 3836 charitatem
948 3784 978 3835 et
998 3772 1181 3835 concordiam
1201 3766 1298 3847 refert,
1320 3790 1380 3831 nou
1401 3788 1486 3833 secus
1508 3790 1543 3833 ac
1565 3774 1591 3831 si
1614 3774 1643 3829 in
1666 3776 1796 3833 numeris
1818 3783 1877 3845 pro·

543 3864 693 3942 portiones
716 3863 754 3923 ab
777 3862 956 3939 aequalitate
978 3870 1009 3921 et
1030 3879 1048 3921 a
1071 3859 1259 3920 similitudine
1285 3859 1415 3919 nonnihil
1439 3858 1585 3937 deflexae,
1613 3860 1657 3918 sic
1678 3867 1712 3919 ut
1744 3859 1812 3927 illae
1833 3853 1877 3912 de·

544 3957 706 4025 sanantur,
735 3951 761 4008 si
790 3957 836 4011 est
864 3966 954 4027 opus,
984 3948 1022 4009 ad
1052 3965 1233 4009 communem
1264 3949 1390 4005 omnium
1421 3947 1602 4007 harmoniam
1632 3946 1806 4007 tolerantur:
1829 3957 1877 4017 quo

515 4045 518 4050 '
545 4037 632 4099 modo
655 4038 728 4099 meis
749 4036 954 4099 medietatibus
976 4036 1151 4097 harmonicis
1174 4044 1277 4094 utetur.

517 4122 525 4130 '
632 4124 673 4187 ΙΙ.
695 4124 739 4184 Ex
762 4124 830 4204 Gyri
851 4124 958 4203 paedia
980 4122 1142 4201 exemplum
1165 4124 1300 4201 proponit
1323 4120 1468 4195 Bodiuus,
1496 4122 1675 4196 quaomnia
1705 4122 1762 4179 tria
1783 4130 1878 4195 genera

547 4214 742 4289 proportionis
771 4211 908 4289 explicari
937 4219 1068 4290 pessunt.
1113 4210 1206 4289 Cyrus
1237 4226 1322 4285 puer,
1356 4226 1421 4268 eum
1451 4208 1598 4271 hominem
1627 4224 1779 4285 procerum
1807 4211 1878 4263 curta

547 4301 647 4359 tunica
676 4298 809 4359 indutum
831 4300 1016 4376 conspicatus
1044 4306 1136 4369 esset,
1166 4295 1308 4374 pumilum
1326 4295 1411 4371 juxta
1425 4296 1535 4359 ¹tunica
1556 4295 1640 4369 laxa,
1671 4297 1785 4355 censuit
1806 4306 1877 4353 eoru·

546 4384 702 4447 mutandas
723 4385 781 4445 illis
804 4402 869 4445 esse
892 4387 1015 4460 tunicas,
1037 4392 1071 4445 ut
1093 4387 1197 4459 cuique
1221 4382 1298 4458 qued
1322 4382 1505 4442 commodum
1528 4390 1606 4445 esset
1629 4382 1795 4455 obveniret;
1823 4393 1877 4433 rua-

547 4475 638 4551 gister
660 4474 764 4548 cuique
787 4488 873 4531 suum
894 4471 1113 4549 relinquendum
1137 4470 1242 4545 edixit3
1269 4468 1374 4546 quodsi
1395 4486 1515 4546 procero
1538 4470 1643 4529 luisset
1664 4466 1831 4543 injunctum,
1853 4464 1878 4517 ui

546 4559 657 4639 pumilo
679 4558 790 4635 aliquid
811 4562 952 4636 pecuniae
974 4560 1103 4619 solveret
1125 4566 1153 4617 et
1176 4559 1218 4617 sic
1240 4556 1356 4621 demum
1377 4559 1551 4634 permutatio
1567 4556 1664 4629 lieret,
1688 4557 1798 4631 optime
1814 4566 1876 4609 eon-

519 4702 522 4707 .
551 4647 665 4709 eiliatns
692 4647 794 4706 luisset
820 4649 958 4721 magister
987 4644 1138 4722 discipulo.
1184 4644 1240 4703 Hic
1267 4644 1359 4722 Cyrus
1388 4646 1604 4719 geometricam
1621 4644 1693 4701 ursit
1721 4641 1876 4719 proportio·

549 4753 625 4810 nem,
648 4732 803 4804 admensus
826 4733 993 4811 corporibus
1016 4739 1123 4807 vestes,
1145 4734 1283 4809 magister
1304 4730 1523 4805 arithmeticam,
1549 4731 1750 4807 possessiones
1774 4728 1875 4799 unique

550 4841 621 4885 suas
642 4823 752 4897 tuitns3
774 4826 808 4881 at
827 4824 927 4888 tertias
949 4819 1000 4880 ille
1021 4821 1208 4896 respexisset
1217 4826 1369 4895 utrumque
1392 4818 1488 4889 simul,
1510 4826 1570 4877 tam
1586 4834 1738 4895 corporum
1754 4815 1875 4890 indigen·

551 4910 640 4983 dam,
670 4926 759 4989 quam
781 4910 880 4986 copias
903 4909 1008 4983 cuique
1039 4922 1109 4967 suas
1131 4905 1245 4979 salvas,
1275 4907 1373 5007 itaque
1397 4904 1628 4965 harmonicam
1620 4924 1648 4963 ιιι
1672 4920 1760 4965 seusu
1782 4894 1873 4962 Bodiui

552 4996 721 5057 asseruisset
733 4997 958 5072 proportionem,
981 4998 1089 5071 qnippe
1112 5011 1147 5053 ex
1163 5002 1284 5069 ubsque
1306 4994 1431 5069 priorum
1447 4994 1581 5069 mixtam,
1604 4984 1802 5051 harmonicam
1816 4997 1872 5045 nero

553 5084 640 5143 etiam
662 5085 692 5141 in
714 5100 801 5144 sensu
822 5100 897 5157 meo,
920 5084 1071 5159 quianon
1094 5080 1253 5151 dubitaret,
1277 5078 1360 5139 alteri
1383 5078 1462 5157 quod
1485 5088 1561 5139 esset
1583 5080 1671 5157 pauni
1700 5077 1870 5155 superfluum,

553 5170 637 5231 alteri
658 5172 810 5247 pecaniam
833 5172 952 5249 eripere,
976 5177 1009 5231 ut
1030 5170 1145 5245 utrique
1160 5165 1367 5240 consideretur,
1393 5169 1462 5243 quis
1476 5184 1627 5227 commane
1642 5163 1791 5243 ornusque
1806 5175 1871 5221 corn·

554 5252 672 5325 modum
699 5265 881 5340 comparatur
909 5258 1048 5322 suavitati
1077 5262 1242 5323 concentus
1290 5254 1426 5316 Accidere
1453 5248 1551 5320 autem
1573 5253 1650 5329 dixi,
1681 5260 1714 5315 ut
1745 5246 1869 5312 interduo
