4242 6384
826 802 916 860 Notee
931 799 1061 860 Editorle.
1551 805 1614 865 493

254 983 405 1032 exterioris
422 985 447 1032 et
464 980 576 1044 rudgerio
593 985 731 1045 respectum
749 995 802 1030 eeee
820 980 979 1044 laudabilem,
997 993 1044 1029 nee
1055 991 1106 1028 uon
1122 977 1279 1028 inventione·
1296 989 1340 1026 eeu
1359 976 1546 1026 obeervetionee
1557 990 1616 1026 euee

252 1054 374 1102 minime
393 1053 558 1116 spernendum
586 1052 620 1100 ed
636 1052 759 1100 netheein
782 1064 838 1100 vero
856 1048 983 1099 iormnlem
1008 1054 1032 1098 et
1048 1049 1196 1110 originelem
1207 1049 1245 1096 itu
1262 1061 1317 1096 eum
1340 1061 1369 1096 ee
1383 1046 1475 1096 hebere
1492 1047 1561 1112 diuo,
1588 1052 1617 1096 ot

251 1125 293 1172 rei
316 1124 417 1172 umbre
434 1123 466 1171 ed
484 1125 538 1184 ejue
555 1120 706 1172 reelitetem:
725 1121 814 1170 umbre
832 1125 869 1170 eut
885 1121 1011 1185 veritatis,
1030 1118 1074 1170 ned
1091 1131 1142 1168 uon
1159 1119 1217 1182 ipen
1232 1119 1325 1166 veritae
1352 1153 1515 1169 .......

359 1191 442 1242 Multo
460 1190 511 1241 elie
528 1197 556 1240 tu
574 1192 616 1241 hio
632 1189 728 1254 prodere
754 1204 805 1240 nou
830 1191 913 1252 rnegui
931 1190 1063 1255 momenti,
1090 1202 1154 1253 quee
1178 1188 1263 1237 omniu
1288 1186 1320 1235 ed
1337 1187 1458 1236 emunim
1475 1187 1617 1236 eminere

252 1262 342 1311 nimiu
374 1261 488 1311 sorteeeie
505 1261 640 1311 leotoribue
665 1258 768 1323 longum
795 1261 859 1311 ioret
884 1266 958 1324 etque
982 1259 1136 1324 teedioeum‚
1163 1271 1241 1319 quere
1265 1257 1336 1320 ipeoe
1362 1255 1397 1306 ed
1413 1268 1482 1306 mete
1499 1255 1617 1318 Anniyeie

254 1333 483 1382 euminetiouem
501 1329 608 1382 remitto.

358 1432 404 1499 dd)
422 1449 478 1498 peg.
496 1437 555 1485 dot).
593 1434 751 1484 Finddiue
773 1437 800 1485 iu
821 1435 972 1496 „onumen
1001 1436 1063 1484 heee
1081 1435 1157 1486 dixit:
1179 1434 1251 1484 Nune
1268 1433 1377 1484 Joeunee
1398 1433 1441 1482 hio
1457 1435 1542 1482 notter
1559 1447 1616 1482 eum

257 1507 375 1568 egregie
391 1519 451 1554 enee
470 1505 590 1554 victorine
608 1505 778 1568 publicetioue
796 1506 930 1569 eppendioi
948 1506 1006 1556 hudo
1027 1519 1087 1556 eune
1103 1507 1179 1555 dntun
1194 1506 1322 1568 inponere
1338 1504 1428 1567 gestit,
1451 1503 1478 1552 in
1494 1516 1543 1565 quo
1559 1500 1618 1551 inu·

255 1575 341 1624 dione
364 1577 418 1624 euie
435 1587 543 1638 perenne
561 1570 707 1640 (exietimet)
725 1581 912 1624 monumentum
930 1575 1036 1625 tondere
1053 1577 1193 1636 fomemque
1210 1587 1312 1638 meum.
1326 1573 1409 1635 quodie
1427 1569 1573 1638 quelieeit,
1588 1574 1619 1620 dn

256 1644 402 1694 dedecoris
425 1646 544 1706 ubyeeunu
570 1644 700 1694 detrudere
726 1650 802 1706 etque
825 1648 852 1694 in
877 1645 1033 1706 ignoreutine
1056 1646 1222 1705 iueoitieeoue
1247 1645 1369 1706 gurgitem
1386 1644 1552 1706 praecipitere
1569 1643 1619 1691 eibi

256 1716 402 1778 proponit,
427 1719 456 1762 ut
472 1716 510 1763 ite
526 1715 629 1763 fortune
652 1728 708 1764 mee
725 1715 856 1776 gloriosior
878 1715 995 1768 viduetur
1019 1715 1112 1765 mnodo
1131 1718 1184 1777 eju
1202 1715 1350 1778 triumphue
1385 1713 1419 1761 lit
1436 1725 1496 1762 eene
1513 1713 1618 1779 iruetur,

256 1786 281 1831 ei
300 1785 418 1846 poterit,
444 1791 560 1847 tropaeo,
582 1784 650 1850 quod
676 1786 750 1846 iigere
779 1785 898 1848 operuit.
936 1787 1026 1835 Verum
1051 1785 1237 1850 aequauerit,
1262 1789 1292 1832 nt
1311 1783 1404 1833 veritee
1424 1780 1508 1832 loouur
1526 1783 1620 1831 hebeet

262 1855 428 1916 intuituque
445 1853 476 1902 ed
495 1855 611 1904 tenebret
628 1852 727 1918 poleree
744 1856 771 1903 in
789 1853 892 1904 exilium
910 1855 1030 1917 relegetur
1031 1891 1144 1907 .....
1164 1853 1232 1903 dieue
1250 1854 1352 1920 quidem
1368 1853 1542 1915 proportiouee
1558 1853 1617 1902 ber·

260 1925 392 1973 monioee
417 1925 449 1973 eb
467 1925 657 1974 eoeuretieeirne
683 1923 921 1974 demonstrationum
946 1925 1188 1975 methemetieerum'
1202 1924 1351 1973 certitudine
1368 1923 1498 1972 reoeeeieee
1514 1922 1619 1988 Judioet,

260 1995 395 2055 quonium
413 1995 440 2042 iu
458 1995 563 2042 methodi
580 1995 678 2056 vulgeri
695 1999 819 2056 vernetum
844 1994 939 2043 deine
954 2009 1012 2044 uero
1030 1995 1140 2044 uetorell
1162 1999 1187 2043 et
1202 2008 1260 2043 uere
1278 1991 1377 2050 iermeii
1399 2005 1528 2053 uunquam
1545 2005 1619 2054 pree-

260 2061 367 2112 libente
385 2063 493 2115 videtur.
529 2061 604 2125 Quod
628 2079 683 2113 oum
701 2064 738 2112 ite
755 2065 800 2127 eit,
824 2065 979 2126 inpossibile
1001 2079 1016 2113 e
1033 2065 1151 2128 sepiente
1171 2065 1358 2128 eeetineuiter,
1383 2066 1412 2111 ut
1428 2063 1489 2112 telin
1505 2066 1570 2111 reete
1588 2061 1620 2110 de

260 2131 400 2182 coloribue
416 2132 524 2196 induet,
550 2147 623 2196 quem
640 2131 704 2184 iuoie
722 2137 747 2182 et
763 2135 920 2183 tenebremm
942 2135 969 2182 in
986 2135 1100 2184 meohine
1116 2134 1245 2185 mundent
1268 2134 1370 2183 eideotue
1386 2145 1438 2182 non
1454 2131 1529 2181 modo
1545 2132 1620 2193 igno-

260 2216 336 2270 rere,
358 2217 445 2253 uerum
463 2205 540 2252 etiam
557 2217 599 2252 ore
617 2203 678 2254 duro
696 2205 820 2266 ebuegere
838 2217 890 2253 non
906 2205 983 2267 piget.

360 2301 405 2371 od)
422 2319 479 2368 peg.
498 2308 558 2356 161.
594 2307 748 2358 Fiuddiue
765 2321 823 2372 peg.
842 2309 883 2360 dt.
902 2313 927 2358 ot
944 2311 985 2359 39.
1006 2310 1045 2358 eni
1064 2305 1369 2369 „Dieoureuednelyttoi'
1390 2320 1512 2357 nummum
1535 2306 1620 2357 eorutn

263 2377 401 2438 proponit,
420 2389 485 2440 quoe
502 2377 529 2424 iu
547 2373 688 2438 preemie'eie
706 2383 792 2430 contre
810 2377 945 2441 Keplerum
969 2385 993 2428 et
1016 2393 1061 2442 pro
1078 2393 1126 2428 ene
1144 2379 1311 2440 „Hermonw
1330 2375 1465 2428 multorum
1489 2379 1622 2427 verboturn

265 2445 345 2506 oopin
376 2445 482 2498 dixerut.
517 2446 649 2508 lnecripeit
674 2447 739 2498 hene
762 2452 869 2510 purtem:
899 2447 1058 2512 Comperetio
1076 2449 1231 2504 Hermeniee,
1247 2461 1317 2497 meee
1334 2447 1478 2497 liuudenee
1504 2444 1561 2496 edm
1575 2447 1623 2498 ille
1722 2483 1728 2492 .

265 2513 383 2566 Joenuie
400 2515 526 2577 Keppleri,
544 2511 589 2565 ubl
608 2515 753 2584 dederetur,
771 2520 798 2566 in
816 2519 907 2580 quibue
919 2521 1067 2568 eonv'enieut
1084 2524 1109 2568 et
1125 2520 1152 2568 in
1164 2519 1256 2582 quidue
1275 2518 1397 2568 different
1430 2518 1492 2580 Peg.
1504 2519 1620 2567 td-dd.

267 2585 344 2632 euert
374 2587 534 2646 „teetimonie
560 2591 585 2635 et
610 2585 770 2637 auotoritetee
797 2593 848 2636 tem
874 2589 1059 2652 philoeophioee
1084 2601 1161 2653 quem
1188 2589 1299 2654 divinet,
1325 2588 1488 2640 Hermonem
1514 2588 1622 2637 Joeunie

267 2653 397 2716 Keppleri
415 2657 589 2706 uoudrrueutie
605 2654 645 2705 vel
661 2655 824 2722 reiellentite‘¹
860 2659 919 2720 Peg.
937 2661 1039 2708 dd-dd
1058 2658 1165 2724 denique
1176 2657 1272 2721 prodit:
1292 2657 1622 2721 „Teutimouietmphiio-

268 2725 383 2786 eopnice
400 2739 477 2791 queue
494 2725 643 2793 theologia,
661 2729 822 2780 uermerium
840 2733 952 2780 noetrem
968 2728 1123 2779 diundenern
1140 2729 1354 2780 stemmate·
