4242 6384
753 815 837 876 labar
854 817 903 876 ili.
924 817 1017 886 capot
1032 813 1067 872 X.
1527 815 1590 877 ait

230 1001 377 1069 tauquam
411 1011 514 1058 raram
546 997 784 1076 inconspicuum,
819 1007 848 1058 et
875 999 1068 1076 gramsmmae
1099 995 1249 1056 tenn‘ooca
1278 995 1454 1074 mum
1481 992 1593 1054 batus
1676 1049 1685 1060 .

231 1085 312 1140 votis
337 1081 504 1159 iirremque,
527 1082 602 1142 iilud
625 1084 743 1162 quidem
766 1093 907 1162 tanquam
929 1101 966 1145 ex
981 1085 1109 1153 silentio,
1133 1083 1211 1142 bunc
1224 1089 1366 1159 tanquam
1380 1098 1485 1143 reram
1498 1081 1592 1142 silan·

230 1171 317 1240 tium,
354 1171 429 1250 quia
450 1173 658 1246 marasimum
679 1173 799 1250 quidem
821 1175 985 1251 proximum
1008 1181 1053 1234 cst
1075 1172 1301 1231 evanescentiac
1321 1171 1421 1243 roob,
1454 1170 1592 1228 scudom-

230 1273 307 1314 mum
334 1271 410 1316 rere
433 1259 659 1336 remotissimum
683 1261 721 1322 ab
746 1279 790 1322 ea
834 1261 995 1340 Propterea
1007 1267 1141 1321 cantores
1156 1256 1281 1318 canendi
1290 1259 1466 1338 principium
1480 1257 1592 1315 iaciunt

230 1361 246 1401 a
276 1345 469 1418 mavinimis
499 1347 654 1408 sonitibus
675 1357 705 1410 et
727 1347 814 1420 flnern
837 1350 940 1410 lecturi
963 1345 1100 1408 desinunt
1126 1347 1156 1403 in
1184 1345 1274 1424 ipsos.
1319 1343 1403 1405 Coeli
1429 1361 1498 1404 vcro
1526 1359 1592 1405 me·

231 1429 384 1490 diatioues
415 1439 444 1490 et
475 1449 552 1510 quac
583 1433 691 1496 absunt
721 1435 891 1513 longissime
922 1455 940 1494 a
971 1433 1164 1512 dispatentia,
1194 1439 1273 1493 reeta
1303 1433 1385 1494 sonis
1416 1431 1593 1492 acutissimis

230 1519 435 1592 associantur,
467 1536 533 1580 cum
562 1529 591 1582 et
619 1525 675 1599 ipsi
703 1523 874 1600 longissime
896 1521 1042 1584 abnuunt
1071 1540 1090 1582 a
1115 1519 1232 1582 silentio
1245 1515 1303 1600 W)
1346 1517 1489 1598 Insuper,
1520 1519 1593 1596 quia

230 1607 427 1680 grauissimas
451 1624 544 1678 voces,
561 1609 619 1670 loci
642 1610 724 1676 inieri
747 1609 886 1685 efficiunt
910 1611 1095 1672 acubsaimas
1116 1609 1215 1686 superi
1237 1604 1327 1687 (uude
1354 1609 1506 1684 granimes
1527 1613 1593 1666 tsn-

231 1699 331 1752 siones
357 1693 398 1752 ab
422 1691 512 1754 ilibus
535 1699 613 1758 exire
637 1698 769 1772 dicimus,
793 1705 895 1758 acutus
917 1717 936 1758 a
959 1691 1165 1774 temporibus),
1195 1702 1266 1754 stant
1285 1711 1357 1756 rero
1384 1703 1416 1756 et
1436 1703 1518 1756 ortus
1540 1709 1594 1754 oc·

232 1796 385 1855 casusque
408 1779 536 1844 siderum
558 1784 729 1859 humillimi,
760 1783 835 1846 coeli
858 1784 1054 1846 modiationes
1077 1783 1253 1844 altissimae:
1281 1785 1359 1844 mnae
1383 1782 1488 1842 merito
1508 1797 1594 1842 eon·

231 1867 418 1944 parabuntur
445 1885 513 1930 oum
543 1874 624 1932 sonis
652 1875 843 1944 acutissimis,
876 1871 920 1931 illi
948 1887 1020 1932 vero
1049 1888 1116 1930 cum
1144 1871 1337 1946 gravissimis.
1380 1869 1428 1928 lta
1449 1875 1593 1938 muormn

233 1961 330 2014 motus
357 1972 463 2018 remus
486 1958 560 2018 coeii
584 1959 711 2024 madium
735 1959 926 2037 respondebit
948 1959 1119 2019 transitibus
1148 1958 1268 2016 aeonis
1290 1958 1458 2035 g'rasiorom
1479 1957 1594 2017 maio-

234 2061 301 2102 nmn
325 2041 369 2100 ad
393 2059 482 2106 sonos
505 2047 664 2124 acutiores,
699 2056 796 2109 motus
820 2063 890 2108 vcro
916 2067 937 2108 a
959 2045 1033 2108 cosli
1056 2043 1285 2106 mediationibus
1308 2045 1438 2108 meinaim
1461 2044 1594 2104 transiti-

234 2133 283 2191 bus
308 2131 350 2192 ab
377 2135 558 2196 acutioribus
582 2135 620 2197 ad
643 2137 803 2214 gravimes.

318 2235 399 2290 Nota
417 2235 438 2289 1.
472 2235 647 2311 Ptolemaeus
666 2237 710 2292 bie
728 2245 784 2310 tres
803 2235 911 2304 quidem
929 2241 1019 2290 motus
1039 2233 1207 2290 differentias
1230 2233 1405 2311 aggreditur,
1433 2232 1513 2303 quasi
1530 2231 1592 2288 illas

234 2313 324 2369 ordine
344 2323 554 2386 comparaturus
572 2316 661 2374 tribus
679 2316 895 2374 harmonicorum
913 2329 1004 2372 rerum
1017 2311 1182 2368 differentiis
1200 2312 1273 2370 iuter
1290 2329 1320 2370 se
1338 2311 1470 2384 comus,
1488 2320 1590 2370 motum

236 2395 258 2447 in
275 2392 394 2464 longum
414 2395 581 2450 successioni
599 2410 736 2464 sonorum,
754 2401 857 2452 motum
874 2393 902 2450 in
921 2391 1004 2450 altum
1022 2389 1168 2460 generibus
1186 2399 1292 2460 mnus,
1310 2393 1338 2448 iu
1357 2392 1456 2460 qubus
1474 2392 1594 2448 verutus

236 2475 425 2544 propinquitas
449 2487 578 2530 sonorum
595 2473 710 2530 invicem
735 2473 954 2540 succedentium,
982 2479 1085 2526 motum
1111 2469 1242 2527 inlatum
1260 2470 1403 2526 mutationi
1428 2471 1462 2528 de
1480 2478 1546 2525 touo
1565 2469 1592 2524 in

237 2565 342 2622 tonum,
372 2553 420 2608 ubi
442 2553 510 2608 ordo
536 2553 717 2608 successionis
742 2568 872 2613 sonorum
896 2553 1024 2608 variatur.
1065 2549 1125 2606 Hoc
1148 2549 1298 2606 Ptolemaei
1322 2549 1478 2628 institutum
1502 2547 1594 2618 specis

239 2631 442 2700 amplissimum.
460 2647 490 2686 re
508 2647 574 2688 vera
592 2631 739 2695 absurdum
758 2639 809 2698 est,
828 2649 888 2688 cum
906 2631 992 2690 radet
1011 2645 1111 2699 gauere
1129 2637 1264 2700 motuum,
1283 2645 1399 2700 quorum
1417 2626 1594 2691 differentias.

239 2727 265 2764 ae
283 2711 306 2764 si
325 2728 414 2766 uuum
432 2725 520 2780 genus
536 2719 618 2778 esset,
633 2717 849 2766 enumeraverat.
889 2709 948 2766 Hoc
966 2713 1035 2766 enirn
1055 2710 1146 2779 capite
1164 2717 1271 2766 tautum
1288 2709 1324 2788 de
1336 2719 1410 2770 motu
1422 2708 1510 2778 prino
1527 2705 1594 2778 agit,

240 2791 358 2858 sequenti
379 2789 413 2846 de
432 2789 572 2858 emundis,
592 2791 672 2844 tertio
691 2790 915 2855 abbiuc,rursum
933 2794 967 2848 de
984 2797 1060 2848 motu
1079 2789 1175 2858 primo.

318 2871 396 2926 Nota
413 2867 450 2924 ΙΙ.
485 2868 618 2936 Proponit
634 2868 679 2922 bic
695 2867 817 2938 quidem,
843 2870 921 2937 quasi
940 2871 974 2928 de
993 2879 1110 2936 utroque
1127 2879 1203 2927 motu
1220 2871 1257 2926 sit
1274 2875 1395 2936 acturus,
1412 2882 1468 2924 uou
1486 2870 1593 2920 tautum

241 2945 376 3016 deprimo
394 2947 429 3002 ab
448 2953 511 3001 ortu
528 2947 556 3002 iu
575 2961 712 3014 omasum,
730 2945 779 3018 sed
797 2945 877 3002 eoam
897 2948 931 3002 de
950 2953 1081 3018 secundo,
1098 2947 1134 3002 ab
1152 2965 1253 3006 occasu
1270 2949 1299 3004 in
1318 2955 1424 3016 ortum;
1441 2953 1471 3000 at
1487 2944 1517 3005 iu
1533 2943 1595 3013 ipsa

242 3021 316 3092 hujus
336 3025 436 3097 capitis
455 3025 670 3095 pertractatione
688 3025 794 3084 nullum
813 3027 923 3084 ver-bum
942 3032 1076 3098 occurrit,
1095 3027 1173 3102 qnod
1187 3029 1223 3085 ad
1239 3032 1332 3082 motus
1349 3023 1485 3082 secundos
1502 3020 1594 3094 plane

243 3109 321 3160 turum
341 3105 454 3176 proprie
470 3104 560 3175 possit
575 3105 783 3170 accommodari,
800 3122 885 3176 quare
904 3109 957 3166 boc
974 3110 1065 3182 capite
1082 3115 1190 3166 tautum
1208 3105 1243 3164 dc
1260 3103 1349 3176 primo
1366 3110 1443 3160 motu
1460 3101 1524 3171 agit

320 3199 397 3254 Nota
414 3200 463 3254 ΠΙ.
500 3199 589 3254 Metui
607 3201 694 3268 prinm
713 3203 740 3256 in
758 3203 869 3271 longum
888 3215 1029 3276 comparat
1047 3215 1165 3267 cantum:
1185 3221 1203 3258 a
1219 3203 1296 3273 gravi
1312 3203 1340 3256 in
1352 3207 1463 3256 acutum
1480 3201 1593 3255 iterum

244 3291 288 3342 que
305 3279 332 3332 iu
352 3293 436 3349 grave
454 3278 620 3354 tendentem,
639 3279 685 3333 ubi
704 3286 794 3336 motus
813 3281 864 3337 sub
882 3284 968 3340 Terra
986 3286 1119 3343 rationem
1137 3286 1220 3340 babet
1242 3282 1355 3338 nullam.
1390 3275 1519 3334 incunda
1535 3277 1594 3347 qni·

245 3353 295 3410 dem
314 3364 357 3412 est
376 3355 545 3424 assimilatio,
564 3356 613 3412 sed
632 3363 706 3414 mere
724 3360 833 3427 poetica
850 3369 879 3419 et
897 3378 968 3430 quae
986 3365 1176 3432 cognationem
1194 3360 1402 3432 quantitativum
1418 3373 1475 3412 non
1488 3356 1595 3412 redolet

245 3449 321 3501 seque
340 3451 437 3504 pamm
457 3442 506 3500 cst,
526 3435 599 3504 quod
618 3451 652 3491 ex
670 3437 845 3507 pbilosophis
862 3441 925 3494 huie
944 3442 1025 3498 lrrsni
1045 3445 1094 3512 qni
1111 3444 1177 3499 sola
1189 3441 1345 3511 aptitudine
1355 3435 1469 3513 ludendi
1480 3450 1594 3490 esum·

245 3509 288 3566 ius
305 3521 356 3579 eat,
375 3512 554 3581 interloqnar.
589 3515 622 3568 lu
641 3514 790 3583 astrologia
808 3517 915 3586 quidem
934 3522 1038 3577 uuiitcr
1054 3523 1128 3578 torto
1144 3520 1311 3576 considerari
1326 3518 1441 3590 poterit,
1459 3514 1506 3570 ubi
1521 3515 1595 3570 ralst

247 3587 424 3646 besarionis:
444 3591 568 3658 planetas
586 3592 627 3648 sic
645 3592 760 3660 operari,
779 3595 849 3650 siout
865 3607 1012 3670 appaream
1036 3603 1140 3671 quippe
1157 3615 1251 3655 eornm
1261 3597 1370 3668 operari
1388 3602 1441 3657 cst,
1454 3593 1594 3662 objectiva

247 3671 276 3725 iet
291 3669 328 3726 sie
347 3673 521 3740 apparenter)
539 3685 648 3726 movere
665 3677 778 3726 naturas
796 3673 969 3731 sublunares.
1007 3679 1045 3732 lit
1064 3685 1137 3744 nota
1155 3679 1230 3745 qnod
1244 3679 1301 3745 jans
1320 3676 1410 3730 adbuc
1426 3673 1595 3742 ungulorum

249 3753 326 3802 notus
343 3754 493 3817 comparat,
512 3765 566 3804 nou
581 3749 748 3816 iunctorum,
767 3751 803 3806 de
820 3753 919 3820 quibus
938 3765 1049 3812 acturus
1068 3765 1128 3811 erat
1144 3749 1204 3825 cap.
1223 3757 1264 3811 tl.
1279 3822 1283 3830 ι
1300 3757 1352 3820 Est
1369 3753 1441 3808 euim
1458 3751 1498 3806 illi
1514 3750 1595 3808 asmi-

249 3824 353 3881 cirenlns
374 3842 458 3896 snpra
476 3827 644 3883 horizontem
664 3837 776 3884 exstans
795 3832 929 3906 quaedam
948 3835 1031 3888 veluti
1051 3836 1170 3902 chorda,
1196 3833 1276 3902 ouius
1293 3831 1456 3905 principium
1476 3831 1505 3884 in
1522 3834 1594 3894 ortu,

249 3903 299 3958 iuis
321 3906 348 3960 in
371 3922 481 3962 mensu.
517 3907 585 3962 Cum
603 3923 667 3975 ergo
689 3907 718 3962 bi
743 3907 921 3966 siut'termiui
943 3912 1026 3980 hujus
1051 3912 1172 3966 ebordae
1188 3909 1355 3978 immobiles,
1383 3907 1462 3965 facile
1486 3914 1530 3966 att
1546 3907 1595 3977 illi,

249 3981 403 4050 iugulorum
423 3984 542 4040 siderum
561 3987 737 4052 traiectiones
756 4003 806 4055 per
823 3989 1022 4045 semicirculum
1042 3991 1209 4058 superiorem
1229 3989 1344 4044 seorsim
1361 3987 1544 4048 coumdsrare.

327 4081 400 4134 Nota
418 4079 463 4134 iV.
500 4082 551 4136 iiic
570 4097 630 4150 nos,
649 4082 671 4136 si
690 4081 848 4138 insistamus
866 4059 1150 4154 vestigiis'prioribus.
1169 4085 1387 4154 comparationes
1402 4097 1495 4138 eornm
1512 4096 1595 4152 quac·

254 4165 339 4220 mutes,
359 4173 428 4228 quas
436 4188 437 4197 κ
446 4159 595 4214 cobserent
612 4167 644 4215 nt
662 4175 747 4215 causa
765 4167 792 4214 et
810 4161 934 4231 eiiectus,
953 4179 1079 4233 quaeque
1096 4179 1127 4218 re
1144 4163 1205 4232 ipsa
1222 4163 1306 4217 insint
1323 4163 1350 4217 in
1361 4168 1502 4218 sunctum
1512 4160 1595 4215 totius

252 4239 354 4293 rubeni
373 4239 488 4307 ejusque
507 4238 750 4306 administratione,
769 4241 852 4296 misso
871 4249 945 4296 motu
963 4242 1051 4310 primo
1065 4241 1163 4297 diurno
1180 4248 1318 4298 vertamur
1331 4239 1366 4296 ad
1378 4238 1595 4309 comparationes

255 4318 426 4386 secundorum,
445 4333 513 4386 quas
532 4319 654 4390 geminas
670 4319 780 4375 madere.
799 4320 944 4378 debemuss
966 4335 1048 4376 unam
1066 4319 1176 4391 quidam
1199 4320 1361 4376 intensionis
1383 4327 1412 4374 ct
1428 4319 1596 4374 remissionis

256 4393 453 4458 planetariorum
471 4405 594 4452 motuum
613 4400 784 4469 propriorum
804 4399 885 4455 realis
903 4407 931 4455 et
949 4400 1106 4455 maissirnae
1123 4401 1218 4467 (quam
1236 4400 1405 4470 singulorum
1423 4399 1594 4472 planetarum

255 4473 481 4530 considerationum
494 4475 673 4554 ‚Holemasus
697 4478 803 4545 rejecit.
815 4481 944 4550 incaput
962 4480 1010 4537 ii.
1037 4493 1088 4548 ego
1111 4479 1182 4534 libro
1199 4495 1261 4535 meo
1278 4481 1311 4533 V.
1334 4487 1494 4551 persecutns
1511 4480 1595 4546 mm),

258 4547 353 4607 aiteram
371 4555 529 4624 apparentis
546 4555 620 4611 illius
638 4557 820 4625 separationis
838 4559 1009 4627 planetarum
1029 4559 1065 4613 ab
1082 4559 1198 4614 inuicem
1209 4559 1261 4614 snb
1272 4560 1394 4630 andiaco,
1412 4557 1514 4628 dcqna
1525 4558 1595 4613 birro

257 4639 304 4682 neo
319 4630 362 4686 lii.
381 4631 452 4686 etin
469 4633 542 4687 noda
560 4633 596 4688 ad
614 4641 698 4703 caput
710 4635 862 4692 Ptolemaei
879 4640 904 4694 a.
924 4639 958 4693 de
972 4654 1029 4707 qua
1045 4639 1104 4693 sola
1115 4638 1160 4694 bic
1173 4653 1260 4706 agam
1294 4640 1327 4692 lu
1338 4637 1392 4693 boc
1403 4650 1468 4692 sero
1479 4637 1596 4706 primunt

259 4718 301 4792 unu
315 4709 387 4766 abed
397 4711 434 4766 iu
451 4711 565 4768 aodiaeo
584 4713 745 4782 principium
764 4714 854 4770 iacere
871 4717 1030 4786 poterimus,
1049 4733 1131 4788 quarn
1149 4717 1222 4788 quod
1240 4717 1332 4786 signat
1348 4717 1460 4787 planeta
1476 4715 1594 4781 sardium

259 4779 339 4842 lande
354 4789 466 4844 tardiori
485 4788 531 4844 vel
545 4791 705 4861 remogrado
720 4791 867 4862 jungemus
885 4793 1047 4850 velociorem
1065 4794 1214 4865 ducenum
1235 4793 1280 4849 sel
1297 4795 1444 4850 tardiorem
1461 4801 1595 4862 retrogrr·

261 4857 323 4930 itum
340 4869 419 4924 tertio
437 4869 569 4924 circulum
587 4869 723 4938 integrum
740 4871 925 4934 retinebimus,
942 4875 987 4930 laic
1005 4875 1077 4933 euim
1094 4873 1313 4946 repraesentabit
1330 4874 1450 4933 sonitum
1464 4880 1594 4942 systema·

261 4936 287 4990 iii
299 4947 483 5013 manuninum,
496 4962 603 5016 semper
612 4949 736 5006 eundem.
772 4949 854 5020 luirs,
872 4949 919 5006 ubi
929 4953 963 5007 de
972 4951 1090 5024 planetis
1099 4949 1213 5021 singuiis
1225 4957 1328 5020 namur,
1346 4949 1457 5006 Saturni
1472 4949 1595 5005 altissimi

263 5027 333 5076 uuus
350 5024 518 5080 urdiadmm
537 5027 610 5081 bunc
627 5027 711 5082 imum
730 5029 886 5100 systematis
912 5045 1008 5086 sonum
1026 5027 1108 5086 dabit
1146 5031 1249 5099 Quarto
1271 5045 1326 5085 uon
1344 5029 1505 5099 parallelum
1522 5029 1594 5085 diur-

265 5108 318 5164 iiu,
335 5111 362 5157 ut
378 5103 560 5174 Ptolemaeus,
579 5104 628 5159 sed
646 5105 787 5162 andiacum
805 5107 1001 5176 spectabimus3
1020 5123 1075 5162 non
1094 5109 1209 5177 priorum
1222 5115 1325 5164 motuni
1342 5109 1371 5163 in
1389 5125 1526 5178 occasum,
1545 5109 1594 5163 sed

265 5181 387 5250 sunnin,
411 5184 457 5252 qui
476 5183 670 5252 utplurimum
689 5183 805 5240 tendunt
823 5185 850 5238 in
869 5191 966 5240 ortrrm.
1002 5185 1105 5253 Quinto
1132 5187 1269 5255 separatio
1287 5187 1429 5242 salomonis
1447 5201 1465 5240 a
1481 5185 1594 5242 madiorl

267 5251 297 5303 rei
311 5261 461 5330 retrogrado
479 5262 508 5317 in
527 5262 722 5332 consequentia
740 5263 782 5317 rel
802 5261 882 5318 etiarn
901 5263 928 5318 in
947 5263 1150 5335 antecedentia,
1179 5281 1233 5321 nou
1252 5282 1315 5321 vero
1340 5273 1430 5322 motus
1448 5266 1528 5323 unius
1546 5265 1592 5321 ab·
