4242 6384
489 789 553 852 tta
1002 785 1153 842 Ptolemaei
1169 783 1324 842 limmonia.

488 961 718 1029 determhantar3
737 960 850 1031 primus
867 964 912 1014 eat
930 959 1049 1016 mulus
1067 965 1157 1024 totus,
1183 958 1231 1028 qui
1249 973 1359 1029 semper
1381 967 1474 1018 nanee
1491 961 1576 1032 idem,
1602 961 1679 1018 alter
1695 971 1738 1018 est
1753 965 1830 1021 merli

489 1057 554 1109 para
579 1057 598 1096 a
619 1040 726 1096 duobus
750 1037 870 1109 planella
895 1038 1053 1108 intercepta.
1089 1041 1121 1094 In
1146 1039 1280 1094 sonitibus
1305 1047 1402 1096 mutus
1422 1041 1547 1110 hamam,
1575 1044 1698 1112 primunr
1721 1061 1779 1099 cnm
1793 1064 1832 1115 par
1889 1035 1890 1108 J

488 1118 678 1190 symphoniam
697 1119 742 1172 sel
759 1116 967 1172 concordantias
987 1133 1020 1172 ea
1037 1119 1127 1172 miuus
1146 1133 1188 1172 ros
1208 1133 1258 1187 per
1276 1133 1305 1172 ss
1323 1125 1409 1187 patet,
1428 1121 1507 1176 biuas
1526 1135 1608 1176 voces
1629 1138 1697 1178 esse
1714 1140 1763 1192 pro
1780 1124 1833 1176 dna

491 1195 544 1252 baa
561 1198 691 1264 terminia,
711 1214 772 1254 anm
789 1212 855 1252 vem
871 1213 927 1252 una
944 1213 998 1250 vox
1015 1197 1163 1265 comitilia
1182 1197 1267 1252 nihilo
1285 1200 1374 1252 miuus
1388 1187 1481 1268 potest
1499 1201 1627 1257 incedere
1642 1203 1837 1270 perintervalla

489 1292 611 1332 consona
627 1285 656 1332 et
672 1278 806 1333 concinna
824 1289 912 1344 eaque
929 1291 1092 1343 agnoscere,
1115 1279 1178 1346 qnia
1196 1293 1272 1332 mens
1291 1278 1444 1348 mentisque
1463 1279 1619 1344 archivum,
1650 1282 1838 1338 mannassen

486 1370 559 1422 moa,
597 1364 641 1410 eat
664 1357 725 1424 ipre
753 1362 850 1410 cantus
879 1362 976 1411 auctor
998 1355 1136 1422 sentitque
1161 1357 1275 1426 prImauv
1307 1357 1502 1427 longitudinem
1530 1374 1649 1429 asperae
1680 1359 1794 1415 arteriae
1816 1362 1839 1414 iu

486 1441 564 1490 man
580 1434 766 1501 mentientem,
783 1448 901 1501 eumque
918 1447 1029 1487 sensum
1046 1433 1146 1487 retinet
1164 1441 1315 1502 perentam
1334 1435 1498 1490 cantilenam
1521 1436 1611 1506 adque
1630 1454 1699 1493 enm
1723 1438 1840 1507 frequen·

485 1518 532 1566 ter
547 1512 626 1568 redit.
662 1512 738 1567 Idem
755 1509 954 1582 propemodum
971 1517 1022 1578 eat,
1041 1526 1103 1566 cum
1122 1511 1198 1566 audit
1217 1511 1429 1568 modulationem
1447 1513 1543 1577 allam,
1562 1517 1627 1585 qnia
1644 1517 1840 1586 quodammodo

487 1591 574 1646 sociat
591 1607 623 1646 se
639 1607 716 1646 meus
734 1598 880 1660 perceptae
897 1591 1016 1645 cantioni
1035 1604 1150 1659 eamque
1168 1605 1223 1644 una
1237 1591 1329 1658 juvat;
1348 1592 1465 1662 denique
1482 1593 1516 1646 ad
1530 1597 1656 1662 quamvis
1671 1611 1769 1650 vocem
1787 1597 1841 1650 snb·

488 1668 587 1736 imm,
615 1671 709 1726 statim
726 1669 766 1722 illi
788 1670 816 1722 iu
837 1676 988 1736 conspectu
1013 1679 1078 1723 aunt
1103 1669 1192 1724 emula
1218 1671 1302 1726 totins
1326 1672 1481 1742 systematis
1506 1680 1618 1728 octavae
1637 1675 1778 1728 concinam
1795 1691 1841 1728 nuo

487 1747 561 1802 velut
578 1746 687 1816 intuitu,
707 1749 790 1804 etiam
807 1746 926 1802 nondum
945 1747 1057 1802 vocibus
1070 1761 1209 1817 expressa.
1246 1751 1289 1804 Ita
1300 1751 1339 1818 lit,
1357 1759 1388 1808 nt
1398 1752 1542 1807 terminum
1559 1755 1755 1822 proportionis
1767 1770 1841 1808 unum

487 1825 663 1882 chenmferat
681 1829 779 1894 animo,
798 1841 961 1895 comparans
978 1842 1040 1882 amn
1058 1828 1204 1902 aufertque
1223 1829 1282 1884 voci
1301 1829 1457 1884 succedenti
1472 1830 1654 1901 judicansque
1676 1849 1715 1888 an
1728 1833 1777 1887 illa
1789 1849 1843 1888 con·

487 1906 634 1961 muna-sit.
671 1906 828 1974 annsmodi
856 1905 980 1962 subsidia
1006 1912 1070 1960 cuth
1092 1922 1147 1963 uon
1171 1908 1271 1962 dentur
1295 1908 1329 1962 ad
1354 1908 1624 1977 comprehensionem
1648 1911 1843 1966 alterationem

485 1985 630 2046 astartae,
648 2001 698 2039 nec
716 1985 799 2054 igitur
817 1996 910 2039 earum
927 1985 1119 2054 proportiones
1138 1992 1219 2040 crunt
1237 1986 1429 2042 observabiles.

576 2065 649 2119 Nota
666 2065 711 2118 VI.
748 2064 824 2132 Quae
848 2063 932 2131 igitur
948 2063 976 2117 iu
999 2064 1120 2120 materiis
1146 2063 1299 2120 alterationi
1322 2065 1453 2134 subjectis
1476 2067 1588 2134 desunt,
1615 2083 1649 2124 ea
1669 2067 1843 2124 Ptolemaeus

487 2143 553 2199 dicit
569 2143 608 2198 ibi
625 2160 680 2198 nnn
699 2141 802 2200 deesse.
824 2142 886 2198 »nbi
904 2142 944 2196 rei
962 2151 1053 2196 motus
1073 2151 1250 2200 conversatur
1272 2135 1343 2200 inter
1360 2147 1466 2214 species
1489 2162 1539 2200 seu
1557 2146 1687 2201 formas·
1729 2146 1843 2201 Rursum

485 2231 517 2277 ut
534 2238 618 2290 saepe
635 2221 703 2277 alias
722 2223 872 2288 contenet,
890 2223 1080 2290 proportiones
1100 2223 1182 2276 rebns
1202 2223 1352 2278 secuudum
1370 2231 1472 2279 motum
1485 2223 1576 2280 inesse
1621 2223 1774 2292 Quomodo
1787 2240 1843 2276 vern

488 2299 556 2355 dIcit
578 2309 682 2354 motum
707 2301 778 2355 iuter
804 2299 909 2369 species
934 2301 1107 2355 conversari?
1144 2302 1289 2370 nimirum,
1317 2303 1426 2371 qnando
1452 2310 1541 2358 motus
1565 2311 1690 2358 nonest
1715 2301 1845 2364 mnata

488 2381 578 2450 qnasi,
596 2383 645 2436 aut
660 2395 774 2447 comus,
793 2395 903 2434 cansam
921 2379 1036 2434 trabeas
1055 2395 1089 2432 ex
1109 2379 1193 2435 solius
1212 2381 1340 2436 materiae
1359 2382 1535 2448 necessitate,
1559 2381 1607 2436 sed
1626 2382 1746 2452 quando
1764 2379 1844 2434 tendit

487 2461 522 2517 ab
540 2461 705 2530 susspecta
724 2474 773 2514 seu
790 2459 970 2528 dispositione
988 2458 1023 2514 ad
1041 2458 1123 2514 aliam
1142 2459 1224 2527 hujus
1242 2459 1357 2526 generis.
1395 2460 1564 2528 Estquldem
1577 2460 1653 2516 calor
1670 2461 1773 2528 aliqua
1791 2473 1845 2526 spe

488 2541 553 2605 alea,
570 2541 596 2595 ai
612 2546 786 2611 comparatur
803 2541 838 2594 ad
856 2539 987 2607 majorem
1005 2539 1048 2591 vel
1066 2537 1209 2606 oduntem,
1231 2545 1322 2592 mutua
1344 2539 1426 2604 taient
1445 2538 1631 2595 calefactionis
1657 2557 1717 2594 uon
1738 2553 1843 2600 conuer-

491 2627 569 2676 tatur
585 2620 658 2674 inter
674 2619 791 2689 species.
827 2620 895 2673 Nam
915 2615 1043 2686 frigidam
1064 2616 1213 2672 formaliter
1230 2623 1273 2670 est
1290 2617 1399 2686 negatio
1416 2617 1508 2686 potins
1520 2617 1618 2672 caloris
1637 2625 1666 2672 et
1679 2635 1734 2672 ens
1746 2617 1843 2672 nemu,

487 2701 549 2762 iura
561 2717 616 2756 non
634 2715 692 2770 ens,
711 2701 776 2769 qnia
792 2699 880 2768 pulmo
898 2695 1085 2753 calefactionis
1104 2693 1246 2762 priucipio,
1258 2696 1375 2762 ¹quando
1395 2711 1428 2750 ne
1442 2701 1531 2750 motus
1544 2694 1653 2764 quidem
1667 2711 1736 2752 esse
1749 2701 1844 2765 potest

487 2781 589 2850 quippe
607 2787 745 2835 momento
762 2778 906 2846 temporis,
929 2778 987 2846 jam
1011 2774 1136 2842 frigidum
1161 2773 1277 2842 amplius
1303 2773 1455 2840 subiectum
1483 2773 1608 2828 absolute
1633 2789 1689 2829 non
1718 2781 1771 2828 est.
1807 2773 1841 2825 De

487 2857 592 2927 reliquo
618 2856 771 2912 calefactio.
787 2863 913 2912 versatur
938 2856 1011 2910 inter
1035 2853 1121 2920 magle
1146 2859 1174 2907 et
1201 2853 1289 2906 miuus
1313 2851 1420 2906 caloris.
1451 2853 1495 2905 «At
1519 2861 1609 2906 motus
1627 2851 1799 2908 considerati
1820 2849 1842 2902 in

488 2938 585 2991 animis
603 2937 743 2992 homInum
759 2935 886 2990 feruntur
909 2949 926 2987 a
943 2932 1144 3000 tranquillitate
1167 2931 1200 2984 ud
1218 2932 1300 2996 fram,
1328 2930 1511 2998 voluptatem,
1538 2931 1658 2984 dolorem
1684 2939 1722 2986 et.
1741 2930 1841 2996 studia,

488 3017 534 3084 qul
552 3023 617 3070 aaut
634 3014 749 3068 allectus
766 3011 858 3083 specie
876 3011 1039 3067 differentes.
1077 3012 1145 3066 Tale
1165 3011 1230 3080 qnid
1249 3011 1337 3066 innuit
1355 3011 1436 3066 etiam
1457 3011 1490 3066 de
1503 3011 1669 3066 coelestibus
1690 3010 1841 3066 dicendum,

487 3102 516 3147 et
534 3109 585 3162 ego
603 3092 723 3147 concedo
742 3090 776 3146 de
793 3100 869 3147 motu
888 3089 1015 3160 planetae
1033 3087 1202 3144 velocissimo
1220 3095 1249 3142 et
1266 3089 1433 3158 tardissim03
1461 3097 1525 3144 sunt
1546 3092 1617 3144 enirn
1641 3098 1669 3144 et
1688 3092 1745 3146 hae
1765 3087 1841 3142 veluti

487 3173 595 3241 species
613 3170 747 3238 quaedam
765 3171 862 3224 saltem
881 3167 1045 3223 altrInsecns
1065 3167 1232 3220 terminatae.
1270 3167 1419 3222 Terminnri
1440 3170 1520 3224 etlam
1540 3171 1691 3238 specierum
1712 3181 1766 3226 cst.

574 3251 647 3306 Nota
665 3249 725 3306 VII.
761 3251 854 3304 Motus
872 3248 907 3302 de
925 3248 1017 3316 specie
1034 3248 1062 3301 in
1082 3247 1201 3316 speciem
1220 3247 1285 3300 dicit
1303 3247 1394 3302 inesse
1411 3248 1438 3300 in
1458 3247 1556 3316 rebus,
1585 3265 1656 3316 qnae
1674 3248 1783 3304 habent
1801 3261 1840 3300 na·

489 3337 565 3384 mres
583 3329 761 3398 perfectiores
780 3337 809 3382 et
820 3327 1018 3383 rationaliorea.
1054 3325 1191 3394 Equidem
1203 3335 1302 3390 motus,
1321 3341 1401 3394 quem
1416 3333 1545 3380 causatur
1561 3327 1675 3382 materia
1687 3329 1758 3394 sola,
1776 3339 1839 3395 qnae

488 3405 676 3474 inumbrabat,
695 3415 802 3462 tantum
819 3423 837 3461 a
854 3406 950 3474 najon
968 3404 1004 3459 ad
1021 3404 1111 3458 minus
1130 3403 1232 3473 tendit;
1259 3419 1319 3458 cnm
1339 3411 1432 3458 autem
1450 3411 1541 3458 motus
1559 3403 1708 3462 incertam
1727 3405 1840 3476 speciem

487 3485 589 3553 fertur,
616 3485 683 3540 facit
698 3485 726 3540 ld
745 3485 859 3540 consilio
877 3485 919 3538 vel
936 3487 1010 3553 eius,
1030 3484 1107 3551 cnjus
1126 3489 1168 3536 cst
1184 3489 1288 3540 motus.
1311 3483 1354 3536 rel
1373 3481 1487 3551 opificfs
1524 3483 1671 3538 Consilium
1690 3493 1786 3542 antem
1805 3487 1840 3534 est

486 3563 602 3619 ratioma
621 3571 649 3617 et
666 3565 736 3619 ratio
755 3564 932 3633 perfectiores
950 3569 1064 3618 naturas
1082 3560 1237 3628 coustituit,
1263 3559 1491 3628 quemadmodum
1518 3569 1545 3615 et
1564 3561 1670 3631 species
1689 3563 1769 3632 ipsae
1786 3575 1839 3630 per·

488 3641 670 3710 feudaa'quid
687 3651 760 3712 sunt,
780 3643 882 3710 quippe
900 3640 1114 3704 determinatius,
1133 3655 1214 3708 quam
1233 3640 1260 3693 in
1279 3639 1372 3694 eadem
1392 3639 1482 3708 specie
1501 3642 1585 3708 magis
1604 3651 1632 3697 et
1649 3643 1747 3700 miuus.
1887 3709 1888 3716 ἵ

574 3723 649 3778 Nota
665 3723 741 3778 VIII.
779 3712 1061 3776 Diuisionems‘tatnit
1086 3720 1157 3774 iuter
1175 3719 1265 3774 diuina
1284 3727 1311 3772 et
1329 3718 1461 3783 mortalia,
1481 3719 1580 3787 quibua
1593 3719 1700 3776 duabus
1721 3720 1838 3777 differen-

486 3803 533 3857 tiis
549 3801 753 3856 universitatem
772 3815 862 3855 rernm
883 3797 1009 3855 absolvit.
1045 3797 1131 3853 Nobis
1151 3796 1311 3852 Christianis
1330 3797 1418 3864 prima
1436 3795 1531 3852 dirisIo
1544 3800 1675 3853 statuitur
1692 3799 1767 3855 inter
1784 3813 1838 3854 auc·

486 3893 575 3937 torem
598 3890 627 3935 et
648 3879 806 3949 opus‚,ille
828 3879 903 3934 solus
923 3881 1047 3946 diuisus,
1073 3878 1163 3948 operis
1182 3893 1246 3932 vero
1265 3876 1369 3945 speclea
1395 3875 1502 3944 aliquae
1525 3876 1708 3957 immortales¹
1737 3879 1838 3944 aliquae
1887 3901 1888 3908 κ

487 3959 689 4029 corruptibiles.
724 3959 786 4013 Jam
807 3958 836 4012 iu
862 3957 960 4012 divinia
987 3957 1136 4027 praecipua
1161 3955 1258 4010 statuit
1274 3970 1391 4023 corpora
1414 3955 1558 4022 coelestia,
1586 3956 1688 4025 qnippe
1712 3973 1783 4026 quae
1800 3952 1837 4006 Dii

488 4048 553 4096 sunt
570 4038 734 4110 gentilibns3
752 4037 832 4092 noble
854 4043 919 4093 aunt
934 4036 1000 4090 olim
1018 4033 1225 4104 corrumpenda,
1244 4041 1271 4087 et
1290 4032 1362 4102 quod
1376 4033 1508 4088 hactenns
1521 4034 1722 4112 perennitatem
1735 4035 1838 4090 habeut.

487 4118 516 4174 id
534 4129 677 4174 commune
694 4133 756 4172 cnm
774 4115 886 4172 Tellure
903 4115 1015 4171 habent.
1050 4114 1130 4182 Quod
1150 4129 1213 4167 vero
1231 4112 1258 4168 fn
1278 4112 1362 4166 Terra
1388 4119 1452 4166 suut
1469 4114 1595 4169 mortalit
1615 4122 1642 4168 et
1660 4115 1836 4170 alterationes.

489 4201 607 4268 possum
625 4203 653 4251 et
670 4197 698 4250 in
719 4194 807 4264 globis
826 4195 966 4252 stellarum
984 4209 1046 4250 ease
1065 4191 1234 4258 consimiles,
1258 4197 1314 4245 tam
1331 4205 1386 4244 uon
1400 4191 1553 4259 conspIcna
1569 4194 1663 4261 uobis,
1691 4205 1774 4262 quam
1791 4190 1836 4245 iltis

488 4275 578 4345 globis
601 4281 696 4329 nostra
718 4275 823 4329 minuta
844 4275 986 4330 terreatrIa
1012 4273 1162 4342 couspIcnu
1185 4285 1238 4324 non
1264 4275 1336 4324 sunt.
1374 4270 1473 4325 MIrum
1491 4279 1596 4340 autem,
1623 4288 1672 4326 cur
1697 4273 1835 4342 praecipua

489 4369 524 4406 ca
542 4352 641 4407 diviuia
658 4351 741 4407 faciat
759 4367 875 4421 corpora
892 4351 1033 4418 coelestin,
1053 4351 1133 4420 qnasi
1150 4363 1201 4402 nec
1219 4347 1284 4402 deos
1304 4346 1441 4404 sclatnec
1459 4348 1584 4416 angelos,
1603 4349 1655 4404 illis
1675 4351 1835 4421 corporibus,

487 4439 516 4485 et
535 4430 582 4499 qni
599 4445 633 4486 ea
649 4431 808 4493 informent,
830 4428 1015 4484 Intellectibns
1033 4427 1258 4499 praestantiores,
1285 4440 1315 4489 se
1333 4425 1401 4493 ipsIs
1420 4427 1601 4482 subsistentes
1620 4444 1671 4482 nec
1689 4446 1707 4484 a
1725 4426 1835 4500 corpori

488 4513 541 4566 bna
559 4510 643 4565 certis
659 4526 759 4578 nexos,
779 4525 849 4578 quae
868 4510 965 4577 opinor
983 4509 1138 4564 Stoicorum
1157 4505 1281 4573 adeoque
1299 4513 1326 4559 et
1344 4505 1430 4573 Ipsina
1450 4505 1604 4560 Aristotelis
1626 4507 1767 4578 theologia
1783 4505 1833 4564 fait
1889 4557 1890 4576 χ

488 4592 564 4644 luter
581 4589 707 4643 mortalia
726 4588 887 4658 praeprnas
905 4595 1031 4642 mcenset
1047 4587 1152 4640 animas
1170 4585 1311 4652 humanas,
1330 4585 1429 4638 misera
1441 4583 1603 4650 gentilitatis
1618 4585 1775 4654 ignorantia
1786 4585 1834 4641 'fas-

488 4669 610 4734 cinatna‚
637 4664 716 4722 noble
743 4665 904 4722 ChristIauis
920 4665 1019 4720 -aolatii
1042 4665 1194 4732 dimidium,
1224 4663 1413 4736 philosophiae
1437 4679 1501 4718 vero
1527 4679 1597 4732 apsa
1627 4671 1669 4718 est
1693 4667 1832 4722 animorum

489 4754 644 4801 nostrornm
662 4744 859 4808 immortalitas,
877 4759 959 4814 qnam
976 4743 1059 4797 etiam
1077 4741 1302 4812 philosophorum
1312 4741 1392 4796 multi
1410 4749 1438 4794 et
1450 4743 1595 4810 praecipue
1606 4741 1742 4798 Platonici
1751 4757 1833 4800 omnes

489 4831 553 4892 post
569 4824 755 4878 Ptolemaeum
774 4823 969 4879 defenderunt.
989 4823 1051 4879 ride
1069 4821 1238 4878 Macrobinm
1256 4821 1285 4876 iu
1304 4821 1394 4878 Somn.
1415 4819 1556 4888 ScipIonIs.

575 4902 649 4958 Nota
666 4902 714 4956 nt
751 4901 864 4956 Animas
882 4901 1014 4955 hnmanae
1039 4908 1067 4954 et
1086 4903 1216 4958 coelestia
1234 4917 1349 4970 corpora
1372 4902 1470 4970 probat
1489 4917 1549 4958 csse
1572 4901 1779 4970 praestantioris
1795 4917 1831 4956 na·

489 4985 568 5034 turae
584 4995 620 5034 ex
637 4995 679 5047 eo,
698 4981 771 5050 qnod
789 4987 879 5035 motus
898 4977 993 5034 locaIIs
1012 4986 1039 5033 et
1058 4981 1171 5036 rationis
1190 4981 1245 5035 sint
1256 4987 1404 5048 compotes,
1422 4986 1477 5032 tam
1491 4979 1621 5034 coelestia
1636 4981 1830 5048 quamanimae.

490 5057 622 5128 Intelligit
639 5065 744 5115 motum
759 5060 900 5116 coelorum
917 5058 1154 5120 administrariab
1171 5057 1359 5128 intelligendu
1379 5057 1485 5126 corpori
1502 5057 1646 5126 adjunctis,
1665 5058 1762 5113 auimIs
1779 5069 1829 5111 rem

491 5137 616 5192 humanis
633 5147 737 5194 motum
755 5155 899 5208 corporum
917 5155 1029 5194 snorum
1048 5147 1191 5207 acceptum
1208 5137 1269 5194 fert.
1305 5140 1520 5206 Argumentatur
1537 5136 1620 5205 Igitur
1641 5151 1658 5188 a
1675 5134 1829 5206 praestantia

489 5222 581 5272 motus
591 5215 692 5272 locam
710 5233 777 5287 prae
794 5217 893 5274 ceteda
910 5217 946 5273 ad
964 5217 1169 5290 praestantiam
1179 5233 1287 5286 eornm,
1312 5232 1383 5287 quac
1400 5215 1474 5272 illius
1492 5215 1659 5286 principium
1681 5216 1710 5272 in
1729 5231 1760 5271 sa
1776 5214 1828 5286 ipsit
