4242 6384
501 793 565 857 m
879 838 886 845 ‚
916 774 959 832 De
977 773 1241 845 configurationibus
1258 776 1435 837 Harmoniois.

501 977 565 1031 tam
587 964 688 1026 turbet
707 958 898 1037 municipium
921 974 1007 1017 suum
1035 955 1151 1032 sibique
1173 962 1276 1017 auctor
1305 964 1350 1017 est
1372 960 1522 1022 miserias*
1536 960 1741 1041 deplorandae.
1782 966 1836 1025 Pri.

500 1074 581 1120 mum
603 1055 703 1129 itaque
724 1048 848 1108 accessit
869 1044 1037 1123 aspectibus
1058 1042 1243 1122 planetarum
1264 1045 1435 1122 imaginatio
1454 1047 1601 1123 ,diuturna
1624 1054 1725 1113 metris
1746 1071 1838 1131 praeg-

486 1144 609 1217 nantis,
632 1139 678 1199 cni
701 1152 812 1208 socrus,
836 1134 906 1195 avia
927 1144 1002 1205 mea,
1024 1130 1188 1191 medicinae
1210 1130 1362 1209 populeris
1382 1142 1506 1211 epatre.
1518 1139 1606 1198 etiam
1623 1142 1766 1201 exercitae
1786 1150 1839 1200 stu·

502 1232 602 1305 diosa,
633 1231 695 1287 eat
718 1221 917 1296 admirationi3
946 1220 1071 1279 accessit
1099 1216 1241 1293 secundo,
1265 1219 1344 1295 quod
1376 1224 1421 1280 sir
1451 1232 1626 1286 natussum
1655 1244 1716 1287 nou
1738 1226 1840 1301 letoius,

502 1316 583 1399 quod
604 1330 693 1375 sexus
715 1310 869 1370 discrimen
891 1308 998 1367 irnstre
1020 1314 1164 1383 quaeruut
1186 1305 1327 1383 astrologi
1350 1310 1380 1366 in
1396 1308 1496 1387 cosio;
1519 1316 1604 1373 tertio
1628 1316 1757 1393 corporis
1777 1326 1842 1375 tem-

501 1412 668 1485 peraturam
689 1418 708 1459 a
729 1404 822 1465 matre
843 1394 945 1469 traho,
977 1392 1082 1452 studiis
1105 1395 1200 1470 magis
1222 1402 1338 1471 aptam,
1370 1414 1459 1473 quam
1489 1398 1556 1459 aliis
1580 1404 1658 1463 vitae
1682 1404 1842 1480 generibus,

502 1499 606 1573 quarto
628 1506 676 1549 res
698 1492 761 1547 erat
781 1483 953 1562 parentibus
974 1497 1033 1539 non
1056 1479 1168 1557 ampla,
1195 1480 1284 1558 gleba
1313 1484 1492 1558 scaberet,
1525 1490 1570 1547 eui
1602 1488 1776 1551 adnascerer
1797 1489 1843 1549 ad·
1885 1550 1886 1555 ,

500 1584 774 1655 haereseorumque,
806 1573 909 1647 quinto
930 1567 1053 1629 aderaut
1075 1566 1207 1643 scholae,
1241 1568 1363 1630 aderant
1389 1572 1523 1649 exempla
1541 1574 1739 1638 'liberalitatis
1761 1580 1845 1655 magi·
1885 1576 1886 1645 ἶ

500 1675 647 1729 stratuum
668 1665 699 1721 iu
720 1672 828 1738 pueros
849 1655 955 1717 studiis
977 1661 1072 1731 aptos.
1515 1718 1519 1729 ¹
1885 1724 1886 1727 Ἴ

586 1743 646 1812 Hic
666 1752 819 1820 intersere,
847 1762 961 1804 mrsum
983 1760 1019 1802 ex
1041 1742 1161 1819 genesi,
1194 1741 1376 1823 planetarum
1399 1744 1578 1809 discrimina
1598 1751 1628 1807 in
1653 1750 1845 1827 qualitatibus,

500 1843 579 1905 Nem
609 1841 635 1899 si
662 1838 762 1897 anima
790 1832 842 1891 iux
873 1830 1018 1909 quaedam
1049 1836 1111 1903 est,
1143 1828 1286 1917 discernet
1316 1832 1405 1891 etiam
1427 1832 1533 1895 Masta,
1562 1836 1699 1897 ,0me
1729 1858 1748 1898 a
1769 1837 1846 1897 Μ

501 1929 628 1993 candore
651 1923 829 1997 Setumique
851 1919 960 1993 livore3
982 1919 1084 1994 itaque
1105 1916 1256 1977 latendum
1279 1924 1337 1994 est,
1365 1936 1505 1997 magnum
1527 1922 1669 1983 auxilium
1693 1944 1731 1986 ex
1752 1924 1847 1999 Marte,

500 2034 561 2091 noc
578 2019 694 2075 tautum
715 2018 750 2070 ut
770 2010 851 2085 prius
873 2006 912 2067 ad
934 2004 1119 2077 industriam,
1150 1998 1202 2064 sed
1224 2006 1313 2064 etiam
1341 2006 1378 2067 ad
1402 2010 1592 2070 acrimoniam
1614 2014 1748 2089 ingenii,
1781 2030 1847 2089 quae

501 2104 635 2177 consistit
657 2100 686 2156 in
708 2098 859 2171 siigneu,
881 2092 1044 2169 videasque
1066 2094 1238 2179 praecipuos
1261 2092 1466 2171 philosophiae
1481 2096 1625 2159 naturalia
1648 2108 1679 2159 et
1693 2100 1848 2161 medicinae
1882 2162 1886 2183 ,

500 2192 612 2271 peritos
635 2186 690 2247 sub
713 2191 851 2265 aspectus
872 2180 994 2241 idoneos
1015 2178 1120 2238 Martis
1143 2196 1209 2239 cum
1231 2178 1301 2240 Sole
1323 2180 1528 2261 Mercurioque
1551 2188 1651 2263 nasei;
1676 2190 1749 2265 quie
1770 2190 1848 2245 nimi·
1885 2192 1886 2249 t

499 2298 565 2339 rum
586 2276 684 2357 majus
705 2273 859 2349 requiritur
880 2285 1012 2341 acumen,
1035 2266 1130 2342 major
1151 2265 1271 2326 solertia
1285 2266 1324 2326 ad
1339 2270 1467 2330 eruenda
1488 2280 1611 2353 naturae
1626 2280 1746 2349 aroana,
1770 2292 1849 2351 quam
1885 2258 1886 2269 ’

501 2364 541 2429 ad
566 2363 681 2441 reliqua
711 2361 791 2419 sitae
820 2358 941 2433 negotia
969 2354 1125 2430 studiaque
1153 2355 1192 2413 iis·
1213 2353 1417 2425 desereteutia
1463 2358 1585 2436 Largior
1608 2364 1699 2421 etiam
1730 2362 1847 2439 amplios

501 2450 623 2529 aliquid,
647 2443 683 2510 e‘x
704 2446 784 2532 dove
807 2462 872 2505 esse
894 2446 923 2501 in
947 2441 1021 2503 coeli
1043 2439 1171 2501 medium
1195 2440 1321 2517 elevato,
1344 2444 1423 2521 quod
1438 2446 1680 2523 magisdelector
1695 2451 1848 2527 geometris

503 2544 533 2603 in
555 2539 687 2619 physicis
709 2535 798 2594 iebus
820 2548 973 2609 expressa,
996 2546 1089 2605 quam
1107 2528 1256 2589 abstracta
1278 2528 1330 2589 iiia
1352 2540 1382 2591 et
1404 2531 1522 2592 Saturni
1545 2537 1710 2596 siccitatem
1733 2554 1802 2614 prae
1823 2550 1851 2593 se

501 2630 620 2701 terente,
645 2624 739 2705 magis
761 2624 882 2697 inquam
903 2617 1037 2696 physica,
1060 2628 1149 2701 qnam
1171 2620 1346 2692 geometria,
1370 2626 1400 2679 et
1422 2620 1500 2695 quod
1513 2621 1598 2683 Luna
1617 2624 1711 2700 gibba
1734 2628 1764 2683 in
1780 2622 1849 2683 clara

500 2716 605 2779 iroutis
627 2712 774 2773 Taurinae
798 2705 1025 2769 'constellatione
1052 2700 1173 2782 impleat
1202 2705 1317 2765 animae
1340 2706 1558 2785 phantasticam
1572 2708 1754 2773 'facultatem
1782 2712 1848 2770 ima·

501 2801 628 2883 ginibr'rs,
652 2815 776 2877 quarum
804 2802 903 2855 tamen
925 2792 1034 2852 multas
1061 2798 1184 2850 naturae
1211 2806 1305 2851 rerum
1329 2802 1541 2857 consentaneas
1570 2800 1691 2877 reipsa
1720 2806 1848 2877 expertus

501 2897 576 2965 sum,
599 2886 680 2950 seint
702 2903 739 2946 ex
760 2882 858 2942 Pr0cli
887 2879 1139 2959 paradigmatibus
1162 2875 1347 2956 delapsas.*)
1390 2882 1431 2941 At
1453 2886 1478 2941 si
1506 2883 1570 2960 jam
1598 2884 1636 2953 de
1659 2896 1770 2947 eventu
1792 2892 1849 2945 stu.

502 2976 616 3040 dsorum
638 2984 770 3035 meorum
790 2970 911 3048 loquar,
935 2966 1006 3044 quid
1029 2982 1140 3043 quaeso
1168 2982 1255 3041 porro
1278 2968 1396 3027 invenio
1423 2971 1451 3027 in
1476 2971 1576 3043 coelo,
1609 2974 1690 3050 quod
1713 2974 1753 3034 ad
1775 2974 1849 3032 illum
1885 3014 1886 3037 ,

465 3082 471 3091 ·
502 3065 553 3128 rel
573 3064 679 3125 leviter
701 3057 836 3121 alludat?
878 3053 1091 3131 Philosophiae
1114 3059 1213 3131 partes
1235 3068 1294 3113 non
1310 3058 1536 3119 eorrtemncndas
1559 3078 1638 3121 ama
1662 3060 1710 3121 vel
1727 3060 1764 3121 de
1778 3075 1849 3119 novo

502 3160 619 3226 erum,
647 3146 696 3208 vel
718 3143 905 3217 emendatus,
936 3143 984 3202 sei
1006 3141 1094 3219 plane
1117 3139 1261 3217 periectas
1284 3158 1357 3216 esse,
1375 3134 1511 3203 'fatentur
1532 3149 1633 3224 periti:
1666 3156 1698 3207 at
1720 3168 1787 3208 mea
1808 3147 1848 3205 hic

501 3239 600 3301 sidera
620 3236 701 3297 inere
723 3249 782 3292 uon
804 3224 967 3290 Mercurius
989 3226 1194 3289 orientalisssin
1216 3228 1500 3308 anguio'septimae,
1523 3236 1552 3292 in
1576 3235 1721 3313 quadrato
1743 3236 1849 3305 Martis,

504 3326 558 3389 sed
581 3324 775 3401 (lopemicus,
803 3318 856 3378 sed
878 3316 981 3393 'l'yebo
1002 3312 1151 3386 Brehens,
1188 3316 1251 3375 sine
1275 3316 1358 3392 cujus
1381 3318 1619 3381 observationum
1641 3322 1724 3383 libris
1750 3324 1848 3393 omnia,

505 3430 583 3493 quae
603 3427 682 3469 nuuc
705 3426 724 3469 a
744 3424 792 3467 me
811 3411 880 3465 sunt
903 3405 932 3461 iu
955 3400 1118 3489 durissima
1139 3400 1204 3461 luce
1227 3402 1387 3479 collocata,
1416 3408 1533 3483 sepulta
1557 3409 1690 3487 jacerent
1718 3412 1752 3469 in
1775 3420 1850 3470 aene.

504 3503 582 3577 bris3
611 3515 670 3559 uon
692 3494 836 3557 Saturnus
864 3490 999 3551 domiuus
1022 3489 1173 3561 Mercurii,
1206 3490 1258 3551 sed
1283 3482 1424 3553 Caesares
1452 3495 1592 3573 Augusti,
1623 3496 1800 3575 liudolphus
1825 3500 1850 3555 et

417 3612 421 3617 ·
505 3584 664 3659 Matthias,
688 3582 808 3642 Domini
831 3580 906 3654 mei3
934 3576 1003 3637 non'
1016 3576 1198 3655 planetarum
1220 3577 1394 3655 hospitium,
1417 3580 1613 3659 'Capricornus
1636 3583 1773 3659 Saturni,
1801 3580 1850 3655 sed

505 3675 627 3736 dustria
654 3671 796 3751 superior,
818 3664 954 3727 Caesaris
982 3662 1087 3723 domus
1110 3662 1300 3741 ejusdemque
1322 3665 1479 3729 Procerum
1506 3672 1618 3747 petenti
1640 3672 1712 3731 mihi
1743 3676 1850 3750 promta

503 3760 676 3833 liberalitas,
699 3752 825 3833 exempli
846 3771 905 3813 non
927 3752 1038 3811 usitati.
1084 3750 1141 3812 Hic
1163 3750 1213 3811 ille
1234 3752 1360 3829 angulus
1383 3764 1441 3829 est,
1465 3774 1522 3841 non
1545 3753 1683 3819 mametis
1706 3760 1848 3827 occiduos,

504 3850 558 3912 sed
580 3848 743 3918 Terrarum,
767 3846 797 3903 in
820 3859 906 3919 quem
921 3839 1108 3916 Imperatoris
1129 3832 1248 3899 Domini
1270 3838 1328 3915 mei
1352 3858 1492 3903 concessu
1515 3862 1551 3906 ex
1574 3846 1644 3906 aula
1665 3848 1787 3907 nimium
1809 3848 1850 3903 in-

506 3940 607 4017 quiete
625 3950 675 3995 me
689 3933 793 4009 ,teoepi
816 3938 845 3990 et
867 3931 896 3986 in
920 3941 978 4004 quo
1000 3944 1053 4004 per
1075 3928 1163 3991 hosce
1186 3944 1294 4003 annos,
1320 3928 1382 4005 jam
1406 3930 1452 3991 ad.
1467 3948 1603 3993 occasum
1626 3936 1706 3994 sitae
1729 3950 1849 4013 vergen-

505 4034 560 4100 tes,
582 4023 753 4097 harmopica
774 4021 833 4079 ista
854 4024 884 4077 et
906 4032 983 4093 quae
1006 4014 1067 4073 alia
1088 4014 1143 4075 sub
1166 4016 1302 4075 munibus
1321 4014 1417 4077 habeo
1441 4020 1542 4080 enitor.
1587 4022 1708 4085 Frustra
1730 4039 1769 4083 ax
1791 4021 1849 4081 tha-

383 4103 388 4118 ’
503 4120 584 4183 mete
606 4108 790 4189 genethliaco
813 4121 919 4183 causas
941 4102 1063 4179 quaeret
1083 4102 1249 4179 aecologos
1272 4104 1455 4163 inventarum
1479 4125 1562 4169 ame
1584 4102 1662 4169 duno
1681 4110 1765 4169 1596
1787 4124 1848 4187 pro·

504 4198 672 4279 portionum
701 4198 778 4277 inter
800 4193 885 4252 orbes
913 4190 1071 4263 coelestes,
1102 4206 1179 4249 auno
1207 4190 1289 4249 1604
1319 4190 1398 4251 modi
1427 4192 1562 4269 videndi,
1590 4214 1668 4257 euno
1690 4196 1748 4257 hoc
1775 4194 1847 4255 1618

509 4304 674 4366 causarum,
698 4282 737 4343 ob
752 4296 826 4357 quas
850 4276 971 4340 cuilibet
992 4276 1128 4352 planetae
1151 4277 1273 4351 contigit
1295 4282 1378 4338 tauta
1394 4284 1601 4365 ecceutricitas,
1624 4300 1679 4344 nec
1693 4287 1788 4345 minor
1802 4296 1848 4340 uec

504 4374 617 4451 msj0r3
639 4372 724 4431 anuis
747 4364 925 4430 intermediis
948 4362 1163 4430 demonstratae
1184 4363 1325 4440 physicae
1346 4366 1482 4439 coelestis
1504 4368 1724 4447 modorumque,
1748 4372 1848 4449 quibus

485 4466 660 4526 'moventur
683 4456 819 4535 planetae
842 4451 1034 4525 verorumque
1055 4458 1187 4510 motuum
1211 4452 1353 4527 ipsorum,
1386 4452 1512 4533 de'nique
1534 4456 1788 4518 fundamentorum
1809 4454 1847 4515 ci·

504 4548 625 4623 ficaeiae
648 4542 784 4605 coelestis
807 4542 836 4597 in
857 4535 933 4597 baec
954 4537 1099 4607 inferiora,
1122 4536 1404 4619 metaphysicorum3
1431 4560 1488 4602 non
1512 4544 1688 4605 influxerunt
1710 4548 1769 4607 ista
1790 4558 1848 4604 cum

380 4702 385 4713 ,
505 4636 673 4701 ehmactere
701 4628 775 4690 eceli
804 4630 833 4685 in
862 4622 1041 4685 flammulam
1070 4618 1150 4685 illam
1178 4623 1326 4686 facultatis
1354 4629 1453 4689 vitalia
1485 4634 1738 4717 superintensae
1768 4637 1847 4707 inque

505 4732 605 4785 ιιοιιιιιι
625 4717 797 4799 productae,
826 4712 878 4773 sed
898 4712 1006 4797 partim
1037 4709 1125 4771 intns'
1144 4714 1173 4771 in
1203 4715 1386 4791 penitissima
1413 4720 1528 4779 animae
1557 4722 1686 4780 essentia
1713 4720 1846 4787 iacebant,

506 4807 667 4891 meandum
689 4804 874 4865 Platonicam
894 4798 1057 4885 domrlnam
1086 4814 1174 4878 supra
1196 4818 1231 4860 ex
1254 4798 1359 4861 Proclo
1382 4802 1554 4881 allegatam,
1580 4809 1686 4884 partim
1714 4808 1775 4868 alia
1796 4808 1846 4873 vie,

505 4916 559 4977 per
581 4894 683 4959 oculos
705 4893 858 4963 nimirum,
889 4888 1045 4945 introrsum
1067 4894 1185 4965 recepte
1207 4895 1290 4963 suut3
1323 4888 1388 4949 sola
1409 4900 1444 4970 et⁸
1460 4894 1548 4953 unica
1571 4894 1709 4954 thematis
1730 4892 1845 4973 geneth-

505 4984 576 5046 liaci
598 5000 688 5061 opera
709 4981 764 5041 iuit
786 4980 852 5053 ista,
875 4973 955 5053 quod
977 4982 1006 5034 et
1029 4976 1159 5034 emunxit
1180 4974 1247 5035 illos
1269 4978 1376 5052 ingenii
1396 4976 1560 5058 Judiciique
1583 4982 1729 5059 igniculos
1755 4991 1785 5042 θ(
1805 4982 1845 5038 qn.

670 5159 673 5168 ,

584 5226 612 5275 ⁴)
625 5222 762 5275 bttpsmhie
775 5222 872 5273 aliquam
885 5219 992 5269 utyriois
1004 5218 1098 5259 matris.
1125 5218 1194 5267 Nam,
1208 5220 1234 5261 ut
1247 5220 1348 5271 apparat,
1363 5222 1454 5269 mata·
1466 5220 1530 5271 ipsos
1539 5222 1629 5273 premit,
1644 5222 1682 5273 qni
1693 5219 1769 5275 josum
1781 5226 1843 5263 manu

507 5292 577 5324 ιιιιιιιιι
589 5278 657 5335 buius
670 5277 766 5319 ιῑιιιίιιιιι
786 5285 816 5321 st
828 5275 886 5320 libro
899 5273 929 5317 de
940 5272 1015 5317 btaiia
1026 5271 1091 5315 lion
1101 5269 1147 5327 ,lam
1160 5272 1281 5323 aliquoties
1294 5270 1355 5316 intra
1368 5270 1394 5316 12
1406 5282 1513 5317 morum
1526 5274 1660 5317 cantamen
1672 5276 1814 5317 ruminarunt
