4242 6384
501 692 565 751 264
914 682 956 735 De
974 678 1239 749 configurationibus
1259 680 1436 736 Harmoniois.

500 864 590 923 animi
621 860 780 920 vtnnthns
809 857 944 935 praediti.
989 858 1078 918 Refer
1108 858 1165 917 huc
1187 856 1314 935 reliqna,
1346 878 1425 937 qnae
1452 880 1540 941 snpra
1568 863 1605 923 de
1627 864 1845 943 physiognomia

501 952 561 1011 dixi
585 948 701 1025 dicique
725 945 850 1023 amplius
871 956 1001 1023 possent.
1096 988 1105 999 .

588 1038 634 1096 De
665 1037 752 1112 genio
782 1033 899 1092 tutelari
932 1040 1077 1093 testantur
1100 1032 1201 1091 divina
1225 1032 1344 1093 oraonla
1370 1038 1437 1109 (ioh.
1457 1038 1500 1095 33.
1519 1039 1617 1095 Matth.
1637 1044 1678 1095 itt.
1704 1044 1774 1095 an.
1794 1046 1848 1105 tin,

501 1124 626 1201 singulis
654 1126 690 1182 iis
719 1122 898 1196 singulorum
926 1121 1076 1179 hominurn
1105 1118 1253 1177 custodias
1283 1136 1348 1179 esse
1377 1123 1534 1180 attributas
1566 1122 1727 1201 datamque
1752 1132 1781 1184 ot
1801 1125 1849 1182 ad-

501 1210 691 1272 monitionem
713 1217 743 1269 et
765 1210 1002 1267 intercessionem
1026 1207 1064 1265 ad
1088 1206 1215 1265 tribunal
1237 1208 1441 1283 providentiae
1461 1208 1526 1267 Dei.
1571 1210 1686 1271 Nullam
1713 1212 1765 1271 hic
1786 1230 1851 1287 pos-

500 1302 662 1360 sessionem
684 1298 775 1356 hahet
797 1303 902 1354 natura
923 1312 1021 1355 rernm
1042 1292 1213 1368 sensilinm3
1243 1296 1268 1351 si
1292 1300 1389 1354 tamon
1420 1294 1560 1370 astrologi
1590 1316 1626 1357 ex
1649 1300 1782 1358 themate
1804 1316 1853 1373 ge·

499 1386 648 1446 nethliaoo
676 1385 888 1461 praenunciare
915 1390 1038 1459 possunt
1069 1398 1155 1440 casus
1185 1380 1272 1455 plane
1301 1372 1435 1448 fortuitos
1465 1384 1651 1457 (naturaliter
1678 1382 1852 1465 loquendo),

499 1476 556 1535 hoe
579 1482 624 1533 est
645 1472 731 1543 tales,
755 1473 805 1545 qui
830 1486 924 1544 neque
948 1488 985 1528 ex
1007 1468 1093 1527 malis
1116 1468 1242 1527 hominis
1265 1471 1409 1543 moribus,
1434 1486 1468 1527 cx
1492 1474 1664 1545 temeritato,
1689 1492 1728 1533 ex
1753 1476 1854 1531 intem·
1883 1470 1884 1493 ³

499 1562 633 1641 perantia
656 1563 717 1618 irae
746 1556 914 1615 lihidinisre
938 1556 1122 1628 acciderunt,
1153 1572 1248 1631 neque
1279 1557 1420 1615 avnltns
1443 1556 1650 1633 dedignatione
1680 1546 1853 1636 dependent

500 1666 577 1726 quae
608 1646 667 1705 duc
695 1647 830 1705 fortunae
862 1642 1054 1703 fundamenta
1084 1643 1223 1702 imotenus
1247 1642 1394 1719 explicata
1416 1654 1499 1722 suut,
1527 1654 1560 1703 ut
1583 1646 1662 1720 quod
1694 1647 1800 1723 tegula
1822 1648 1853 1704 de

500 1744 578 1795 teoto
602 1734 725 1811 delapsa
755 1733 820 1789 ierit
848 1739 1097 1806 praetereuntem,
1127 1729 1206 1805 quod
1229 1740 1392 1805 reptantem
1422 1734 1451 1787 in
1473 1730 1556 1790 silvis
1585 1734 1652 1791 ierit
1675 1734 1788 1809 globus
1810 1743 1854 1793 ant

387 1862 390 1867 -
500 1825 610 1898 sagitta
639 1820 815 1896 improvisa,
846 1819 925 1893 quod
956 1821 1040 1876 naris
1073 1819 1205 1877 demersa
1232 1820 1354 1877 miseros
1379 1826 1512 1877 rectores
1535 1819 1639 1878 mediis
1674 1824 1801 1897 exponit
1830 1824 1855 1876 in

500 1909 597 1981 undis,
623 1907 702 1983 qnod
725 1900 850 1964 flammis
873 1904 921 1963 hic
944 1908 1120 1983 interceptus
1144 1906 1347 1979 exstinguitur,
1370 1904 1421 1964 illo
1444 1908 1528 1964 ruina
1549 1906 1652 1965 domus
1677 1910 1727 1968 sel
1754 1910 1854 1967 montis

502 1997 693 2073 opprimitur,
723 1985 754 2052 e't
783 1996 812 2049 in
846 1996 1037 2066 contrarium,
1070 1992 1149 2069 qnod
1177 1994 1357 2066 insperatam
1389 1992 1436 2051 hio
1465 1993 1675 2054 haereditatem
1706 1995 1789 2067 adit,
1812 1994 1856 2051 ills

500 2086 671 2143 thesaurum
701 2081 819 2138 innuite
843 2081 976 2152 invenit,
1013 2083 1038 2139 si
1069 2083 1188 2157 inquam
1217 2079 1316 2137 thema
1346 2079 1562 2156 genethliaonm
1591 2085 1725 2142 continet
1757 2083 1854 2140 horum

501 2187 622 2230 casuum
645 2168 767 2238 indicia,
799 2168 850 2243 qni
872 2169 1019 2243 pertinent
1046 2168 1083 2225 ad
1107 2138 1205 2241 angeli
1234 2162 1363 2225 eustodla
1387 2170 1487 2224 munia
1519 2169 1590 2227 citra
1613 2171 1854 2237 controversiam,

501 2266 620 2334 oportet
650 2265 680 2315 et
709 2256 778 2313 hnic
804 2253 956 2313 suetudine
983 2256 1193 2330 impedimenta
1223 2270 1260 2310 sx
1289 2264 1369 2313 astro
1391 2254 1577 2329 genethliaco
1600 2247 1761 2331 provenire
1791 2272 1855 2331 pro·

500 2346 707 2418 motionesque
731 2343 905 2414 contrarias,
935 2343 1013 2417 quod
1037 2338 1105 2400 nnrn
1130 2343 1249 2417 impiam
1271 2344 1448 2401 sententiam
1471 2344 1499 2397 in
1522 2358 1554 2400 se
1577 2348 1746 2417 contineat,
1777 2341 1855 2399 vide-

500 2435 564 2490 rint
581 2429 726 2507 theologi,
749 2430 920 2506 praesertim
944 2432 974 2500 ii,
998 2432 1049 2504 qni
1072 2444 1179 2504 magno
1195 2444 1315 2487 nnmsro
1331 2428 1461 2487 scribunt
1475 2446 1597 2505 geneses
1612 2440 1642 2489 et
1658 2433 1854 2509 prognostica.

502 2520 718 2597 Experientiam
740 2532 797 2591 sgo
820 2515 931 2587 habeo,
963 2516 1080 2591 qualem
1104 2517 1198 2575 dicam
1223 2518 1339 2589 nescio,
1372 2515 1494 2574 duorum
1519 2516 1685 2591 hominurn,
1716 2522 1771 2594 qni
1795 2534 1853 2577 oum

502 2614 601 2665 essent
622 2608 685 2663 nati
708 2605 762 2662 snb
786 2602 1058 2666 constellationibus
1083 2604 1301 2663 violentissimis
1333 2618 1486 2677 moresque
1508 2601 1700 2677 sc'querentnr
1730 2622 1792 2663 non
1816 2602 1855 2660 di-

501 2694 589 2766 sersi,
612 2692 687 2751 adeo
704 2702 735 2748 nt
751 2690 836 2748 alteri
861 2706 960 2748 eornm
976 2690 1063 2748 ludus
1080 2698 1165 2763 esset,
1181 2688 1266 2748 ‚saltu
1288 2708 1338 2765 per
1352 2692 1524 2767 praecipitia
1539 2692 1605 2747 ferri
1620 2694 1783 2768 medioque
1806 2706 1855 2747 ro·

501 2781 564 2840 latu
583 2780 685 2837 -iunem
709 2780 853 2853 arripere,
884 2795 903 2834 a
934 2794 992 2852 qno
1021 2780 1047 2835 si
1070 2780 1249 2847 aberrasset,
1278 2777 1341 2852 jam
1374 2785 1471 2835 aetum
1501 2776 1537 2836 ds
1567 2778 1630 2853 ejus
1650 2783 1717 2838 -vitn
1747 2780 1854 2847 ruisset

501 2869 659 2943 perniciem
690 2866 788 2924 tamen
816 2864 874 2921 sibi
905 2867 1067 2936 temeritato
1095 2882 1150 2924 sua
1178 2880 1236 2921 non
1269 2866 1457 2923 aeoersirisss
1487 2874 1559 2923 sunt
1580 2868 1651 2940 visi3
1684 2884 1756 2925 nam
1787 2864 1855 2923 alter

502 2970 603 3014 eornm
625 2954 764 3030 fulmine,
795 2950 869 3009 alter
890 2950 980 3026 globo
1001 2950 1143 3027 plumbeo
1167 2970 1185 3010 a
1208 2959 1346 3010 venatore
1370 2954 1445 3009 ictus
1468 2959 1528 3023 est,
1555 2968 1620 3010 cnm
1643 2956 1668 3009 is
1693 2956 1766 3011 ieris
1788 2952 1856 3008 insi-

502 3041 603 3100 diatus
630 3043 702 3109 ‚risu
731 3047 761 3098 et
790 3039 911 3096 auribus
940 3039 1115 3097 aberrasset.
1167 3038 1230 3098 Nec
1260 3038 1363 3110 video,
1392 3040 1443 3113 qni
1473 3037 1586 3097 eoelunr
1618 3042 1674 3097 iata
1705 3042 1803 3116 possit
1830 3040 1855 3092 in

502 3129 651 3187 hominem
674 3130 748 3185 citra
770 3127 890 3200 genios,
914 3125 994 3199 quod
1018 3135 1129 3198 cetera,
1153 3133 1360 3201 quaepotcst,
1383 3127 1481 3206 omnia
1506 3142 1557 3199 per
1575 3126 1706 3188 hominis
1731 3129 1856 3185 animum

503 3232 650 3291 corpusve
671 3211 791 3293 (quihus
813 3210 852 3269 ad
874 3213 932 3269 ista
955 3211 1037 3269 nulla
1054 3214 1098 3271 vis
1122 3210 1209 3291 inest)
1231 3230 1319 3287 pnaec
1336 3212 1568 3289 deprehenditur.
1613 3213 1693 3272 lllnd
1715 3214 1789 3272 mihi
1804 3227 1855 3269 non

503 3301 594 3361 semol
625 3300 751 3373 accidit,
780 3297 859 3373 qnod
889 3315 955 3357 cnm
987 3298 1036 3357 diu
1065 3299 1247 3376 multumque
1279 3318 1325 3357 ure
1353 3302 1571 3364 ,excruciasaem
1601 3302 1854 3367 summiseratione

504 3387 689 3464 quorundam
708 3387 831 3444 tonntto
852 3387 1051 3460 peretmtirnn,
1076 3389 1126 3461 qni
1148 3387 1219 3445 mihi
1243 3389 1299 3443 visi
1323 3394 1390 3444 snnt
1409 3388 1651 3461 innocentissimi,
1682 3388 1803 3447 tandem
1826 3401 1856 3441 er

502 3474 561 3534 fide
578 3474 680 3549 dignis
701 3474 834 3543 rescivi,
857 3470 948 3530 suam
971 3470 1086 3531 illorum
1110 3492 1179 3549 prae
1203 3476 1306 3533 ceteris
1330 3472 1418 3532 talem
1441 3474 1545 3547 brisso,
1575 3492 1634 3550 qua
1654 3476 1743 3535 facile
1766 3475 1855 3533 honus

503 3558 637 3636 angelus,
661 3568 694 3619 nt
716 3576 787 3636 apes
809 3559 899 3631 fumo,
921 3560 1070 3639 abigatur,
1094 3570 1123 3617 ot
1145 3561 1233 3619 homo
1257 3563 1351 3619 caeeis
1374 3561 1501 3634 casibus,
1524 3570 1558 3620 nt
1579 3564 1641 3622 sine
1657 3572 1772 3621 rectore
1796 3575 1856 3618 onr-

505 3666 571 3721 ras,
600 3649 728 3724 permitti
750 3646 860 3718 soleat,
890 3646 984 3705 velut.
1002 3650 1204 3725 emancipatus
1233 3650 1369 3724 apatria
1392 3648 1448 3706 Dei
1477 3651 1614 3707 creatoris
1638 3652 1683 3707 sni
1713 3652 1855 3727 potestate

504 3752 619 3810 suoque
651 3734 811 3812 permissus
841 3733 980 3805 arbitrio,
1009 3734 1070 3792 imo
1098 3734 1244 3812 tyrannidi
1269 3734 1406 3793 Satanae.
1452 3736 1624 3809 Cujusmodi
1654 3736 1770 3813 aliquid
1792 3748 1855 3789 num

507 3825 595 3883 etism
619 3822 656 3880 de
679 3824 761 3898 prius
785 3822 889 3897 positis
913 3822 1056 3898 exemplis
1084 3824 1122 3879 sit
1144 3822 1331 3881 statuendum
1362 3821 1462 3897 illihna
1494 3840 1579 3881 casus
1606 3828 1718 3882 nemesi
1744 3824 1854 3881 divinae

505 3909 662 3984 tribuendi,
686 3908 768 3967 solue
792 3910 818 3965 is
840 3909 941 3979 norit,
966 3911 1017 3983 qni
1040 3908 1129 3968 corda
1151 3918 1310 3978 scrutatur,
1341 3910 1392 3985 qni
1414 3910 1516 3967 visitat
1539 3912 1722 3988 iniquitatem
1746 3916 1854 3987 patrum

505 3998 536 4054 in
562 3995 640 4055 filios
667 4000 698 4055 in
726 3997 842 4054 tertiam
872 4000 901 4053 et
928 4005 1062 4070 quamam
1093 4000 1319 4072 generationem.
1365 3994 1474 4055 Verum
1508 3996 1544 4056 de
1574 3999 1710 4073 omnibus
1742 3994 1854 4055 sormito

505 4084 697 4161 pereuntibus
719 4084 798 4141 absit
825 4088 858 4140 nt
880 4082 1004 4141 eandem
1027 4085 1118 4141 ieram
1141 4087 1326 4143 seutentiam.
1372 4082 1437 4142 Sed·
1454 4084 1534 4151 vitae
1565 4085 1652 4143 talem
1680 4086 1853 4161 impietatem

506 4170 688 4246 conjectores
712 4187 748 4228 ex
771 4172 858 4227 astris
882 4168 980 4227 videre
1004 4188 1062 4229 non
1087 4179 1228 4247 possunt,
1259 4187 1314 4229 nec
1336 4172 1412 4230 enim
1441 4171 1470 4227 in
1494 4171 1569 4231 coeli
1591 4171 1685 4247 figura
1715 4172 1853 4242 descripta

506 4265 576 4317 snut
598 4257 699 4315 dirina
722 4256 833 4314 auxilia
861 4264 962 4313 eontra
984 4274 1091 4333 pravas
1115 4260 1279 4316 animorum
1307 4257 1528 4329 inclinationes,
1561 4260 1589 4315 in
1612 4277 1686 4335 quas
1716 4258 1792 4318 coeli
1811 4257 1852 4310 io-

505 4345 606 4403 fluxus
624 4352 694 4421 post
710 4343 832 4418 lapsum
855 4341 1026 4416 degenerat,
1056 4360 1114 4401 nun
1139 4360 1340 4421 corrumpens,
1372 4344 1422 4402 sed
1451 4353 1617 4421 corruptum
1646 4347 1772 4406 incitans
1793 4340 1852 4401 ani·

507 4448 613 4504 mump
633 4429 728 4489 multo
750 4431 848 4486 minus
871 4432 900 4485 in
924 4428 1043 4487 Saturni
1067 4430 1178 4503 livore,
1207 4430 1312 4489 Martis
1334 4432 1440 4491 rubore
1464 4438 1532 4490 sunt
1554 4434 1692 4509 inscripta
1725 4432 1805 4491 relnt
1825 4428 1850 4481 iu

505 4517 660 4597 pandectis
691 4532 852 4592 poenarum
875 4532 1001 4589 genera,
1032 4519 1161 4592 peccatis
1184 4518 1306 4593 singulis
1338 4514 1445 4577 debita.
1490 4519 1595 4594 Itaque
1625 4537 1691 4579 cnm
1718 4515 1850 4581 connexio

505 4604 650 4665 naturalis
672 4604 775 4665 harum
798 4618 893 4660 rernm
915 4618 983 4660 cum
999 4604 1083 4663 coelo
1106 4604 1275 4664 immediata
1297 4605 1378 4663 nulla
1400 4608 1447 4679 sit,
1467 4606 1529 4681 jam
1546 4606 1637 4665 semel
1651 4614 1739 4683 atque
1755 4610 1848 4664 iterum

505 4710 559 4769 per
580 4692 636 4751 hos
658 4692 701 4749 20
723 4706 817 4749 annos
840 4688 908 4749 dedi
929 4689 1048 4766 publice
1072 4691 1330 4762 considerandum,
1359 4710 1396 4750 an
1423 4695 1499 4751 siout
1527 4694 1695 4769 spirituales
1723 4693 1766 4763 illi
1787 4706 1849 4767 pro·

506 4780 671 4838 vincianam
692 4776 928 4855 populorumque
944 4778 1093 4853 praesides
1110 4798 1127 4837 a
1142 4781 1293 4855 spiritibus
1310 4779 1531 4839 insidiatoribus
1546 4780 1679 4857 impediri
1695 4776 1736 4840 se'
1747 4796 1806 4853 capa
1823 4776 1845 4831 9·

509 4865 644 4925 Danielis
665 4866 1024 4941 qnemntur,.sie„etiam,
1037 4852 1218 4941 singulorum
1242 4866 1393 4926 hominnm
1415 4868 1494 4943 genii
1518 4868 1555 4926 ab
1578 4870 1664 4925 astris
1684 4864 1846 4926 naturaliter

510 4951 629 5029 quidem
651 4952 855 5028 impediantur,
880 4968 940 5027 qno
961 4953 1059 5011 minus
1083 4954 1233 5013 commode
1256 4958 1390 5013 resistere
1412 4956 1527 5030 possint
1553 4957 1748 5031 potestatibus
1769 4950 1843 5013 a'e'rin

510 5045 650 5117 πανόημει
671 5039 1003 5112 nobisaeinsidiantibum
1032 5038 1143 5116 illaque
1171 5040 1379 5117 impedimenta
1407 5041 1633 5117 praevideantur
1664 5060 1699 5101 ex
1729 5042 1842 5103 tremate

506 5127 587 5201 nati,
616 5127 695 5208 qnod
718 5128 840 5187 tortasse
863 5128 954 5189 etiam
976 5128 1005 5185 in
1028 5129 1148 5205 genium
1169 5129 1299 5206 influxit,
1328 5145 1387 5189 nuo
1409 5131 1506 5189 minus
1537 5147 1626 5207 qtram
1653 5131 1683 5189 in
1707 5122 1839 5189 nascentia
