4242 6384
720 821 803 878 Liber
819 819 869 876 111.
889 820 978 892 (iaput
994 821 1068 878 xiv,
1502 823 1566 884 889
1659 881 1662 888 .

229 998 297 1052 sinor
314 1003 346 1052 et
364 997 546 1067 semitonium,
565 996 649 1054 etsie
666 996 725 1052 teni
743 995 797 1052 duo
815 994 896 1051 seruis
914 1011 968 1052 uon
987 999 1127 1062 menna,
1145 992 1194 1049 sed
1212 992 1309 1050 saltem
1326 991 1518 1064 nuncupative,
1535 998 1568 1048 ut

229 1076 392 1130 'tolomaeus
410 1075 469 1146 ipse
487 1073 688 1132 demonstrauit
715 1073 784 1130 Toni
802 1075 872 1128 cuim
891 1067 941 1130 seu
958 1074 1141 1144 proportionis
1158 1073 1365 1142 sesquioctavae
1382 1072 1501 1128 semissis
1520 1087 1567 1128 ex·

229 1161 269 1206 cta
287 1161 333 1208 est
351 1151 489 1208 ineffabile
508 1152 654 1222 quippiam.

294 1247 375 1302 Nota
391 1247 452 1302 rin.
488 1247 629 1302 Hactenus
646 1247 729 1317 igitur
745 1247 815 1304 tales
827 1248 1042 1318 comparationes
1060 1247 1159 1317 attulit,
1178 1264 1248 1318 quae
1266 1248 1390 1318 planetas
1407 1263 1501 1307 omnes
1514 1254 1568 1312 aut

229 1335 279 1382 arte
296 1325 435 1396 mojorem
454 1341 545 1381 eorum
563 1335 667 1395 partem
685 1328 862 1394 communiter
879 1327 1039 1383 attinebant.
1058 1327 1121 1382 Jam
1138 1343 1168 1382 se
1186 1328 1330 1398 accingens
1347 1328 1383 1383 ad
1401 1325 1567 1396 singulorum

229 1405 286 1460 rbes
306 1411 338 1458 et
357 1411 450 1458 motus
469 1421 530 1460 cum
547 1406 630 1460 rebus
648 1405 758 1462 musicis
776 1405 972 1474 comparandos
998 1406 1026 1462 iu
1044 1407 1105 1478 ipso
1122 1414 1221 1463 conatu
1239 1406 1353 1477 deiecit,
1380 1406 1482 1462 relictis
1500 1406 1566 1461 lem-

229 1483 328 1538 ratibus
350 1483 472 1553 capitum
490 1484 549 1539 siue
566 1483 737 1540 mactatione.

293 1581 374 1634 Nota
390 1577 467 1634 XIIL
503 1577 645 1632 Praefatur
656 1583 754 1646 autem
774 1593 803 1634 se
815 1594 926 1634 usurum
940 1581 1124 1650 experientiae
1136 1581 1299 1648 testimonio,
1317 1596 1367 1636 scu
1378 1579 1567 1637 obseruatione

230 1673 320 1713 eorum
340 1673 416 1727 quse
434 1657 503 1712 flunt
520 1657 562 1710 vel
580 1655 655 1712 iacta
673 1665 762 1712 suut».
797 1656 842 1712 Sic
859 1657 930 1712 euim
949 1664 992 1714 est
1008 1658 1184 1727 intelligenda
1201 1673 1253 1712 rox
1271 1659 1382 1726 ultima,
1399 1659 1453 1714 uisi
1469 1676 1567 1716 manca

229 1738 423 1806 timperiecta
439 1737 476 1792 sit
492 1743 520 1792 et
538 1736 654 1804 abrupta
672 1735 792 1806 scriptio.
830 1736 914 1804 Cujus
932 1738 972 1792 rei
990 1737 1172 1807 suspicionem
1189 1736 1303 1808 praebet
1319 1738 1368 1807 is‚·
1385 1738 1432 1808 qui
1449 1753 1566 1809 sequen·

229 1816 318 1872 atria
338 1817 434 1886 capita
459 1816 641 1884 concinnavit,
668 1831 700 1870 eo
728 1814 801 1885 quod
828 1816 897 1870 haec
921 1817 1003 1872 verba
1021 1831 1056 1871 ex
1073 1815 1128 1872 tine
1145 1816 1226 1885 hujus
1244 1816 1341 1885 capitis
1359 1817 1565 1889 inprincipium

229 1897 352 1964 consutis
374 1895 491 1952 contulit
508 1901 613 1950 etcum
631 1895 689 1950 aliis
715 1894 805 1950 verbis
822 1911 876 1952 uns
898 1896 1100 1952 constructione
1125 1895 1280 1950 connexuit
1315 1896 1449 1952 Existimo
1466 1904 1565 1965 auam

229 1972 268 2026 leo
287 1973 447 2044 pollicitum
473 1988 535 2028 esse
552 1971 737 2030 Ptolemaeum
764 1973 981 2030 observationum
1007 1995 1055 2028 sos
1071 1994 1213 2043 ymnum
1240 1972 1322 2040 (forte
1338 1975 1564 2044 phaetontaeos),

229 2053 271 2118 ¹uia
289 2059 361 2106 sunt
381 2057 471 2107 certae
489 2051 709 2114 observationes,
728 2052 827 2121 quibus
845 2051 1015 2122 planetarum
1032 2052 1104 2108 alius
1121 2050 1176 2106 aiio
1193 2050 1325 2119 probatur
1343 2051 1427 2108 altior
1443 2069 1518 2116 esse:
1537 2061 1566 2109 et

229 2145 270 2183 ero
288 2129 463 2200 comparatio
490 2130 651 2186 musicarum
677 2145 769 2186 rerum
795 2147 856 2186 cum
882 2129 995 2201 angulis
1014 2131 1138 2201 sphaeris
1155 2130 1219 2186 huic
1243 2130 1413 2200 planetarum
1431 2132 1519 2189 ordini
1537 2133 1565 2188 in

229 2207 356 2262 ltitudine
377 2208 471 2264 debuit
488 2207 575 2265 inuiti.

676 2535 679 2542 .
750 2417 891 2532 carus
917 2417 1026 2500 xivf)

229 2591 309 2646 lurta
327 2605 414 2662 quos
432 2591 559 2661 primos
577 2605 734 2646 uurueros
748 2593 781 2660 Π)
800 2593 988 2660 comparari
1005 2591 1139 2660 possint
1156 2589 1300 2647 stabiles
1318 2591 1392 2646 soni
1409 2599 1565 2664 axsysta·

232 2683 309 2731 mate
328 2675 490 2747 perfecto
508 2676 626 2746 primis
645 2677 789 2733 orbibus
807 2693 919 2733 eorum
933 2677 1197 2749 (siderumtquae
1214 2679 1249 2732 iu
1266 2677 1387 2734 mundo
1406 2678 1545 2748 tantm).

295 2828 457 2903 Quomodo
480 2833 569 2910 igitur
592 2831 780 2908 planetarum
808 2834 837 2890 in
867 2847 974 2908 genera
997 2837 1158 2890 onustorum
1191 2829 1244 2891 alli
1273 2846 1340 2890 cum
1362 2829 1429 2890 aliis
1452 2835 1564 2893 consti·

229 2923 294 2972 :aaut
316 2923 417 2976 certas
445 2917 589 2994 quasdam
611 2917 803 2994 eiiicacesque
826 2917 1085 2994 configurationes,
1114 2916 1323 2996 respondentes
1345 2917 1563 3004 singulas-siu-

229 3001 288 3072 yulis
310 3005 341 3060 iu
368 3002 537 3064 harmonica
558 3005 698 3065 facultate
720 3007 933 3082 consonantiis,
963 3002 1072 3065 dictum
1096 3012 1141 3064 est
1163 3004 1313 3064 hacteuus.
1357 3003 1410 3064 Sol
1432 3008 1510 3065 enim
1533 3013 1564 3067 et

229 3092 333 3148 comites
359 3091 434 3166 ejus,
458 3091 559 3150 Venus
582 3091 803 3169 Mercuriusque
827 3109 893 3153 cum
915 3091 1034 3168 reliquis
1057 3099 1192 3168 quatuor,
1215 3097 1298 3150 motu
1320 3092 1456 3151 omuibus
1479 3109 1562 3153 com-

229 3179 290 3234 uuui
313 3193 370 3254 per
389 3178 542 3238 zodiacum
566 3195 666 3238 omues
689 3179 850 3258 explicatas
873 3179 1117 3255 configurationes
1138 3177 1264 3239 subeunt
1279 3173 1339 3259 Ν).
1368 3178 1442 3238 cum
1463 3187 1563 3242 autem

229 3279 270 3320 rou
301 3270 419 3325 tmtnm
448 3282 628 3324 communem
652 3265 781 3325 habeant
802 3275 914 3326 motum
935 3284 986 3344 per
1008 3265 1179 3337 zodiacum,
1213 3265 1265 3324 sed
1294 3265 1445 3332 dbtiuctas
1472 3269 1562 3328 etiam

229 3349 319 3424 ruguit
341 3351 516 3427 possideant
538 3352 692 3428 sphaeras,
725 3354 833 3429 quibus
857 3360 1024 3426 vectantur,
1054 3353 1122 3430 jure
1141 3351 1308 3412 allubescat
1330 3352 1441 3412 homiui
1462 3353 1561 3430 philo·

229 3436 305 3512 sopho
321 3437 449 3512 sidero,
481 3456 551 3498 uum
575 3441 663 3499 etiam
684 3457 736 3515 per
757 3441 888 3516 singulos
909 3439 1044 3516 planetas
1072 3438 1212 3500 succedat
1232 3439 1352 3499 ulterior
1373 3439 1475 3516 aliqua
1495 3458 1565 3502 curn
1592 3494 1597 3507 ,

229 3519 393 3584 harmonicis
417 3529 607 3603 comparatio.
652 3526 781 3584 Primum
804 3529 893 3603 igitur
910 3545 1094 3603 quaeramus,
1118 3525 1189 3602 quid
1209 3543 1305 3585 rerum
1327 3525 1562 3609 harmonicorum

229 3623 280 3668 ιιιιιι
300 3612 438 3688 sphaeris
460 3613 640 3689 singulorum
669 3613 860 3689 probabiliter
891 3615 1013 3674 conserti
1044 3616 1148 3692 possit.
1193 3611 1305 3689 Opiuor
1334 3621 1449 3689 autem,
1476 3617 1561 3692 sequi

229 3700 467 3766 numeratione
491 3700 528 3760 ad
551 3717 595 3773 ea,
619 3715 695 3776 quae
717 3699 860 3761 buotenm
881 3703 1104 3779 usurpavimus,
1127 3706 1162 3759 ut
1181 3702 1258 3759 sicut
1281 3718 1300 3759 a
1321 3701 1560 3776 configurationi-

229 3781 285 3858 bus,
308 3785 345 3845 de
370 3787 477 3862 quibus
498 3786 649 3858 hactenus,
673 3790 829 3848 transimus
851 3787 888 3847 ad
911 3789 977 3866 ipsa
999 3804 1135 3864 corpora,
1158 3803 1235 3863 quae
1258 3786 1484 3863 configurantur,
1507 3806 1560 3849 ao·

230 3885 334 3948 nmque
359 3873 459 3947 orbes,
491 3875 533 3933 sic
563 3877 652 3934 etiam
685 3893 703 3934 a
734 3877 946 3948 consonantiis,
982 3891 1055 3950 quas
1087 3875 1251 3932 invenimus
1281 3873 1456 3950 respondere
1488 3893 1562 3935 cou-

232 3953 452 4033 igumtiombus,
482 3977 560 4020 nunc
593 3969 773 4021 transeamus
804 3961 843 4020 ad
865 3965 947 4037 ipsos
968 3968 1162 4020 consonantes
1184 3977 1283 4020 sonos*
1307 3978 1464 4037 eorumque
1496 3963 1561 4022 effl-
1607 3956 1609 3960 ’

233 4044 311 4118 dans,
342 4046 466 4112 chordas
494 4047 614 4125 perlecti
647 4051 830 4126 systematis,
862 4051 951 4124 atque
983 4049 1027 4106 sic
1057 4047 1240 4124 planetarum
1270 4047 1452 4124 singulorum
1475 4050 1561 4111 orbes

234 4143 283 4189 um
303 4133 426 4210 singulis
448 4134 580 4206 chordis,
612 4138 692 4196 sonis
714 4153 767 4208 seu
789 4135 862 4196 locis
884 4136 1051 4212 systematis
1074 4151 1276 4210 comparemus
1300 4131 1339 4213 v).
1378 4135 1461 4194 Sicut
1483 4139 1560 4197 enirn

235 4223 424 4280 consonantiae
456 4221 676 4304 considerantur
698 4221 851 4296 absoluto,
884 4224 948 4282 siue
974 4229 1109 4298 respectu
1135 4221 1299 4280 altitudinis
1330 4222 1359 4279 iu
1388 4230 1558 4298 systemate,

235 4317 284 4362 aru
304 4307 405 4374 eadem
436 4310 627 4368 consonantia
660 4312 752 4385 possit
781 4327 846 4370 esse
868 4317 927 4368 tam
949 4311 1023 4368 iuter
1050 4310 1201 4385 grauimea
1227 4324 1332 4382 sonos,
1366 4326 1455 4384 quam
1483 4313 1558 4371 iuter

236 4393 374 4468 acutiores,
405 4397 448 4454 sic
470 4398 559 4454 etiam
581 4397 825 4472 configurationes
848 4403 877 4456 et
899 4403 1034 4475 aspectus
1056 4403 1125 4458 suut
1152 4397 1316 4472 promiscue
1340 4398 1468 4456 omnium
1490 4397 1558 4475 pla·

235 4485 364 4555 scarum,
387 4499 445 4542 seu¹
460 4483 629 4542 inferiorum
651 4501 704 4544 seu
725 4486 916 4560 superiorum.
957 4482 995 4542 Et
1018 4485 1147 4542 vicissim
1169 4485 1245 4541 sicut
1266 4484 1333 4542 soni
1353 4482 1476 4544 stabiles
1494 4483 1559 4560 jaus

236 4577 276 4621 tna
294 4567 401 4628 habent
420 4572 571 4646 assignata
593 4578 672 4630 certa
694 4570 760 4630 loca
789 4572 819 4628 in
847 4576 1022 4648 systemate,
1054 4571 1099 4630 sic
1125 4569 1263 4646 planetae
1293 4568 1401 4647 singuli
1428 4569 1565 4648 singulas

237 4649 354 4723 sphaeras
376 4657 406 4714 iu
428 4656 536 4716 mundo
552 4653 604 4735 W).
798 4721 801 4726 ,

304 4739 390 4801 Porro
413 4759 479 4802 cum
501 4761 561 4803 non
584 4753 697 4803 tautum
720 4745 806 4803 unius
828 4742 965 4820 planetae
986 4743 1086 4821 plures
1107 4744 1167 4802 siut
1188 4743 1283 4816 orbes,
1299 4743 1358 4802 sed
1380 4745 1468 4804 etiam
1489 4762 1559 4821 per·
1608 4786 1613 4794 ·

238 4819 289 4880 secti
301 4832 473 4904 systematis,
498 4830 576 4907 quod
592 4839 684 4890 totam
700 4830 885 4890 harmonicae
900 4832 1176 4908 contemperationis
1188 4830 1390 4906 complectitur
1412 4838 1556 4905 naturam,

239 4907 315 4978 plures
335 4915 468 4990 chordae,
493 4935 581 4994 quarn
603 4921 632 4976 iu
654 4917 763 4978 mundo
786 4913 1001 4997 planetaeissp
1025 4917 1155 4978 delectus
1177 4925 1221 4978 est
1243 4925 1390 4994 uoeunque
1413 4917 1558 4978 adhiben-

240 4991 280 5053 dus
297 5001 355 5077 iste,
377 5011 411 5063 ut
433 5004 493 5064 iilic
515 5007 623 5082 primas
645 5021 777 5082 quasque
791 5001 940 5081 sphaeras,
964 5022 1041 5081 quae
1055 5004 1183 5080 reliquas
1205 5005 1254 5062 uui
1275 5002 1411 5082 planetae
1433 5005 1557 5064 tributas

242 5088 342 5148 enudus
363 5091 542 5169 complesse,
564 5099 646 5152 motu
669 5092 812 5168 cujusque
835 5094 952 5169 proprio
975 5099 1004 5152 et
1026 5091 1175 5168 aequabili
1198 5092 1275 5150 circa
1295 5091 1403 5151 Terrae
1426 5092 1557 5152 caunum

243 5179 347 5250 vetant,
378 5185 406 5238 et
429 5179 477 5238 hic
499 5181 650 5258 primarias
673 5179 795 5239 chordas
817 5195 870 5238 seu
892 5195 981 5238 sonos
1004 5179 1139 5251 stabiles,
1169 5180 1220 5254 qul
1241 5193 1293 5255 per
1316 5177 1432 5238 diversa
1453 5187 1557 5240 cautus

244 5266 487 5343 sarracenosque
510 5283 612 5327 omnes
642 5265 729 5326 iidem
752 5283 866 5345 semper
886 5273 1072 5344 permanent,
1105 5281 1162 5326 neo
1190 5271 1223 5325 ut
1251 5268 1339 5327 ceteri
1369 5265 1557 5326 intenduntur
