4242 6384
518 765 581 832 392
1032 753 1181 810 Ptolemaei
1198 755 1354 812 Harmonia

519 948 650 1010 terminis
671 935 882 1024 prodeuntibus
904 933 964 993 iere
993 933 1144 1012 proportio
1172 933 1294 992 orbium.
1338 935 1414 994 Nom
1437 937 1564 998 ιιιίιιιι
1584 931 1704 996 Saturni
1724 934 1851 1012 sphaerae

519 1039 660 1097 diameter
680 1035 706 1091 si
728 1025 766 1088 ad
789 1025 926 1086 extimam
948 1017 1036 1080 Jovis
1057 1020 1110 1079 ilat
1129 1027 1162 1078 ut
1184 1019 1494 1096 proslambanomenos
1524 1022 1563 1082 ad
1584 1023 1714 1100 hypaten
1734 1023 1853 1099 hypaton

521 1127 610 1197 liter,
635 1121 688 1180 erit
709 1116 798 1193 igitur
820 1109 859 1170 ad
881 1108 962 1166 illam
985 1113 1017 1166 ut
1041 1107 1122 1166 6561
1148 1107 1186 1166 ad
1209 1109 1303 1168 4096.
1334 1109 1371 1167 lit
1392 1112 1417 1168 si
1439 1109 1527 1170 dosis
1549 1109 1588 1169 ad
1609 1110 1747 1170 Martiam
1769 1121 1855 1168 estut

518 1213 628 1289 hypate
651 1207 782 1284 hypaton
799 1199 818 1256 4
835 1195 874 1256 ad
896 1196 1025 1274 hypaten
1048 1211 1147 1254 mesen
1165 1196 1183 1252 3
1200 1202 1252 1268 ter,
1276 1198 1331 1255 erit
1351 1199 1440 1274 igitur
1461 1196 1499 1256 ad
1521 1196 1602 1256 illam
1624 1206 1657 1256 ιι
1679 1199 1742 1256 256
1762 1196 1800 1255 ad
1813 1199 1856 1267 81,

520 1309 549 1360 ιι
571 1299 613 1356 sic
635 1296 725 1356 etium
747 1287 801 1348 erit
824 1283 932 1343 Martia
963 1279 1001 1340 ad
1024 1279 1103 1340 Solis
1133 1283 1256 1360 primam
1277 1283 1448 1360 sphaeram,
1478 1283 1556 1343 Solis
1583 1302 1655 1344 vero
1670 1284 1725 1362 ,ad
1746 1284 1858 1343 Veneris

518 1387 642 1464 primam
663 1393 777 1440 rursum
799 1381 831 1431 ιι
854 1387 933 1430 mose
957 1369 975 1427 9
1000 1367 1038 1426 ad
1059 1386 1233 1444 paramesen
1257 1370 1341 1444 liter,
1363 1370 1395 1430 id
1416 1379 1463 1431 est
1484 1380 1519 1430 ut
1541 1373 1624 1430 6561
1647 1372 1688 1432 ad
1710 1373 1814 1444 40963
1834 1382 1859 1429 et
1888 1376 1889 1427 i

479 1501 485 1520 ·
519 1473 643 1532 Veneris
671 1466 709 1528 ad
737 1460 874 1522 Mercurii
901 1463 933 1515 nt
965 1457 1028 1516 256
1059 1455 1098 1514 ad
1126 1457 1183 1530 81,
1217 1458 1260 1516 sic
1290 1459 1379 1518 etiam
1409 1457 1546 1519 Mercurii
1576 1461 1671 1545 prima
1699 1458 1740 1517 ad
1769 1458 1859 1517 Lunae

519 1563 795 1720 primaddplicentur
814 1635 877 1710 jum
898 1631 955 1691 has
979 1647 1079 1691 omues
1107 1632 1310 1710 proportiones
1337 1635 1484 1693 communi
1515 1623 1702 1694 terminorum
1726 1651 1859 1700 mensura,
1888 1592 1889 1659 }

521 1739 555 1792 ut
575 1733 685 1792 habeat

675 1833 748 1880 Luna
870 1825 912 1882 et,
929 1825 955 1870 at
972 1834 1029 1869 scca
1048 1819 1091 1868 dat
1109 1823 1260 1870 utronomis
1278 1823 1476 1874 semidiametros
1494 1825 1583 1874 Terrae
1671 1829 1715 1876 64.

554 1906 657 1954 veniant
678 1898 804 1950 Mercurio
853 1895 903 1942 255
951 1926 1565 1946 ···············
1655 1897 1716 1945 18¹1.

678 1970 771 2019 Venari
853 1963 903 2012 817
951 1995 1563 2026 ...............
1636 1967 1715 2016 1070.

676 2041 730 2092 Soli
836 2035 902 2084 1312
952 2063 1565 2088 ...............
1638 2035 1715 2086 llio.

676 2109 754 2159 Marti
836 2105 904 2153 4117
954 2135 1564 2155 ...............
1636 2107 1715 2155 toth.

648 2181 653 2194 “
674 2180 734 2230 Joul
820 2175 902 2224 18107
950 2204 1305 2223 .........
1319 2186 1321 2189 '
1341 2210 1566 2225 ......
1621 2177 1716 2226 dmi).

675 2251 783 2301 saturno
818 2245 903 2294 sotei
951 2275 1563 2295 ...............
1619 2247 1713 2295 tenet.

504 2405 506 2411 .
609 2337 650 2402 Ut
671 2351 785 2414 semper
807 2330 951 2392 interioris
973 2326 1145 2402 longissima
1172 2327 1311 2388 distantia
1333 2351 1353 2390 a
1374 2331 1466 2392 Terra
1487 2335 1528 2392 sit
1548 2334 1708 2411 superioris
1731 2335 1861 2394 brevissi·

524 2443 592 2488 mae
614 2423 756 2502 aequalis.
801 2420 855 2478 Est
885 2419 974 2494 igitur
1001 2417 1151 2491 proportio
1178 2418 1335 2493 primarum
1365 2418 1554 2496 sphaerarum
1581 2423 1611 2478 in
1639 2420 1753 2480 mundo
1783 2422 1862 2478 multo

523 2514 641 2594 quidem
664 2511 758 2587 major
779 2506 966 2587 proportione
989 2500 1163 2562 chordarum
1185 2505 1335 2564 stabilium
1357 2510 1525 2582 systematis
1547 2509 1682 2585 perfecti,
1714 2517 1749 2567 at
1772 2508 1863 2568 similis

521 2613 619 2664 tumen
643 2599 684 2658 illi
707 2589 924 2674 quodammodo
954 2587 1142 2648 nihilominus
1164 2600 1229 2661 eat3
1261 2601 1291 2650 et
1316 2593 1449 2652 similiter
1473 2594 1533 2654 iera
1561 2613 1671 2672 magua
1699 2596 1752 2655 vel
1784 2613 1863 2671 perra

523 2699 570 2752 est
600 2691 629 2747 in
659 2682 904 2764 respondentibus
932 2677 990 2738 sibi
1021 2684 1123 2736 mutuo
1146 2676 1262 2736 chordis
1284 2689 1314 2738 et
1341 2680 1490 2758 sphaeris,
1522 2689 1556 2740 nt
1578 2685 1608 2740 in
1630 2683 1863 2760 praecedentibus

522 2781 597 2838 iuter
619 2792 651 2836 ιι
674 2772 860 2834 consociatae
882 2773 912 2826 et
934 2771 1122 2838 comparatae
1143 2765 1267 2828 luerunt.
1888 2780 1889 2783 ι

608 2875 681 2931 Note
699 2873 720 2926 Ι.
757 2869 818 2924 Ειιί
837 2872 920 2936 eaput
936 2864 989 2919 boc
1007 2855 1076 2918 nihil
1092 2863 1177 2918 babet
1193 2878 1211 2916 ι
1227 2863 1384 2919 Ptolemaeo
1406 2865 1458 2918 nisi
1481 2866 1606 2929 titulum,
1629 2869 1822 2922 tractationem
1837 2883 1863 2920 er

521 2969 578 3011 me:
597 2953 662 3024 qnia
679 2961 769 3006 tamen
787 2947 857 3001 hanc
876 2959 927 3013 ego
944 2943 979 2998 sd
998 2941 1107 3012 persium
1123 2941 1343 3010 praecedentium
1361 2943 1518 2999 Ptolemaici
1537 2945 1628 3013 operis
1646 2946 1770 3015 capitum
1787 2946 1862 3013 adque

519 3037 637 3088 montem
654 3026 803 3084 Ptolemaei
821 3041 876 3080 nou
894 3022 965 3078 male
982 3021 1076 3079 videor
1094 3021 1285 3089 nominasses,
1308 3022 1366 3089 jem
1391 3023 1473 3077 etiam
1492 3024 1576 3092 hauc,
1599 3024 1685 3078 veluti
1703 3027 1727 3079 si
1748 3024 1862 3080 essetab
1888 3016 1889 3023 '

521 3113 582 3180 ipso
601 3107 758 3164 Ptolemaeo
777 3103 887 3172 scripta,
906 3101 983 3156 lubet
1001 3101 1166 3158 examinare.
1202 3099 1254 3154 llla
1271 3116 1335 3156 sero
1353 3103 1493 3168 tractatio,
1508 3119 1580 3172 quae
1596 3104 1640 3159 his
1657 3104 1779 3159 residuis
1796 3104 1862 3158 ιιιι

522 3183 642 3256 capitum
659 3182 746 3240 titulis
764 3181 940 3250 subiungitur
966 3180 994 3236 in
1012 3180 1162 3248 exemplari
1189 3195 1250 3234 meo
1277 3181 1462 3250 manuscripto
1488 3181 1573 3250 inque
1598 3183 1723 3238 versione
1744 3183 1862 3252 Gogarini

520 3265 620 3332 latine,
645 3276 715 3332 quae
734 3267 777 3316 est
794 3275 896 3316 excusa
912 3260 1035 3317 Venetiis
1053 3275 1124 3314 auno
1143 3261 1226 3329 1502,
1244 3259 1355 3327 indigua
1371 3261 1437 3315 mihi
1455 3269 1497 3318 est
1515 3262 1584 3330 sisa,
1604 3276 1673 3330 quae
1690 3261 1747 3316 hue
1766 3261 1863 3315 referre

522 3350 575 3398 tur.
610 3341 705 3411 Neque
723 3339 794 3394 cuim
812 3343 854 3392 ιιι
872 3337 958 3406 ipsius
976 3335 1134 3398 Ptolemaei,
1152 3353 1241 3405 neque
1259 3338 1297 3392 ita
1315 3337 1417 3411 scripta
1434 3347 1490 3406 ιιι,
1509 3347 1539 3392 ιι
1558 3356 1591 3392 ex
1609 3339 1786 3395 Ptolemaicis
1802 3340 1862 3408 prin·

523 3420 601 3490 cipiis
618 3418 775 3474 continuata
792 3415 877 3470 videri
901 3415 989 3484 possit
1015 3415 1050 3470 eh
1068 3413 1250 3484 intelligente,
1278 3423 1310 3469 ut
1328 3415 1524 3470 demonstrarit
1550 3417 1631 3471 rebus
1658 3417 1863 3473 evidentibnset

522 3495 713 3552 mathematica
730 3493 858 3550 methodo
878 3491 1003 3552 Barlaam
1021 3492 1171 3546 monachus
1188 3494 1215 3546 in
1233 3484 1326 3548 libello
1345 3509 1451 3564 graeco,
1470 3511 1548 3562 qrrem
1566 3494 1708 3564 logisticae
1726 3512 1796 3551 suae
1811 3496 1861 3549 sub

459 3609 467 3624 .
519 3575 621 3645 junxit,
640 3589 720 3642 quem
737 3571 952 3640 manuscriptum
970 3585 1004 3624 ex
1023 3570 1094 3624 douo
1112 3570 1138 3624 J.
1159 3570 1191 3625 G.
1210 3571 1344 3626 Hernarti
1361 3571 1498 3640 possideo.

610 3661 683 3718 Nota
700 3659 735 3714 II.
774 3658 872 3712 ‹Pn'mi
889 3657 1009 3712 numeri»
1030 3657 1175 3725 dupliciter
1196 3657 1336 3728 dicuntur,
1362 3658 1406 3713 usi
1428 3659 1565 3729 absolute,
1592 3669 1624 3716 nt
1641 3665 1666 3722 7.
1687 3665 1716 3719 ii
1738 3672 1803 3732 etc,
1829 3661 1862 3716 rei
1888 3638 1889 3651 ἵ

524 3741 624 3810 relato,
648 3745 680 3794 ιι
698 3752 759 3793 cum
777 3751 865 3792 meses
884 3736 919 3790 ad
937 3752 1098 3807 paramesen
1121 3739 1262 3807 proportio
1280 3739 1441 3808 exprimitur
1457 3741 1576 3795 numeris
1594 3742 1624 3807 9,
1648 3741 1666 3797 8
1682 3742 1757 3798 inter
1774 3760 1804 3799 se
1818 3743 1862 3812 pri·

524 3820 591 3886 mis,
619 3817 683 3887 quia
701 3817 837 3871 communi
855 3816 970 3870 diruere
996 3821 1098 3870 carent·
1134 3818 1180 3873 Sic
1202 3819 1394 3874 semidiametri
1417 3819 1491 3875 orbis
1507 3820 1602 3874 Lunae
1619 3823 1761 3889 proportio
1779 3824 1812 3877 ad
1828 3837 1862 3874 ιι
1888 3818 1889 3827 ’

525 3897 723 3953 midiametrum
741 3895 814 3950 orbis
833 3895 904 3950 Solis
923 3895 1074 3950 secundum
1095 3903 1216 3950 veterem
1233 3899 1426 3952 astronomiam
1445 3905 1488 3953 cst
1505 3913 1551 3967 eu,
1579 3913 1650 3967 quae
1670 3903 1682 3953 ι
1703 3899 1739 3954 ad
1761 3903 1791 3956 re
1807 3901 1860 3954 iere
1888 3892 1889 3955 Ϊ

524 3975 656 4046 Proponit
678 3975 762 4044 igitur
783 3975 828 4030 hio
845 3973 1018 4030 Ptolemaeus
1044 3973 1147 4042 aliquid
1173 3974 1370 4046 indagandum,
1397 3979 1470 4045 quod
1495 3977 1525 4032 iu
1551 3991 1602 4031 suo
1620 3993 1704 4045 opere
1721 3979 1820 4050 Magno
1835 3978 1861 4030 de
1888 3970 1889 3995 ¹

526 4055 614 4112 stellis
632 4055 734 4125 scripto
751 4055 871 4110 noudum
897 4055 1086 4121 indagaverat,
1114 4052 1234 4121 quinque
1261 4051 1332 4108 euim
1356 4052 1526 4110 residuorum
1548 4055 1652 4110 orbium
1679 4055 1859 4128 proportioni

524 4138 604 4193 orbes
622 4135 693 4190 Solis
707 4143 735 4191 et
752 4136 847 4191 Lunae
865 4134 893 4190 in
909 4132 1067 4188 Ptolemaeo
1085 4131 1261 4188 desideratur.
1681 4131 1691 4150 '
1745 4153 1749 4160 ·
1888 4126 1889 4129 ’

609 4221 682 4278 Nota
698 4221 747 4277 111.
768 4221 876 4276 vPrinna
891 4220 1009 4290 sphaera
1026 4219 1160 4288 cuiusque
1178 4217 1304 4287 planetae
1330 4227 1380 4275 est
1391 4220 1503 4286 extima,
1530 4222 1649 4292 reliquas
1675 4224 1723 4279 uui
1748 4225 1860 4293 planetae

524 4301 693 4357 necessarias
712 4299 862 4354 includens.
898 4297 1004 4352 Dicitur
1023 4311 1039 4352 a
1056 4295 1211 4352 Purbachio
1229 4299 1400 4354 concentrica
1418 4299 1461 4353 vel
1480 4299 1605 4356 deferens
1624 4301 1719 4357 nodos.

611 4388 684 4444 Nota
701 4387 747 4442 IV.
784 4385 879 4455 Capita
903 4385 927 4439 8.
947 4387 1001 4442 duo
1025 4383 1147 4440 membra
1168 4383 1272 4440 iecerat
1296 4386 1504 4456 comparationis
1521 4404 1612 4443 rerum
1630 4389 1792 4445 musicarum
1809 4404 1858 4444 con

524 4465 701 4527 coelestibus.
737 4463 871 4520 Generale
889 4479 980 4532 unum,
999 4463 1116 4519 alterum
1134 4462 1279 4533 singulare.
1314 4465 1453 4520 Hactenus
1476 4467 1559 4534 igitur
1580 4482 1630 4536 per
1647 4483 1695 4520 sex
1714 4469 1801 4538 capita
1815 4465 1857 4536 pri·

524 4564 597 4604 mum
615 4547 764 4601 membrum
781 4541 833 4598 init
849 4541 884 4597 de
901 4541 1018 4611 planctis
1037 4543 1064 4598 in
1082 4556 1193 4611 ιιιιιιι
1220 4542 1343 4611 sequitur
1360 4559 1432 4597 uuuc
1449 4527 1665 4615 tribns'reliquis
1683 4549 1812 4617 capitibus
1827 4544 1857 4597 sl·

525 4633 614 4682 terum
632 4625 666 4680 de
685 4623 806 4694 siugulis.
839 4638 843 4646 ι
1535 4625 1539 4633 ·

611 4716 684 4771 Νοιι
700 4715 731 4769 V.
768 4711 848 4782 Quod
871 4713 955 4783 igitur
973 4711 1104 4782 sphaeras
1122 4717 1263 4780 comparet
1289 4710 1363 4766 souis
1381 4709 1541 4779 stabilibus,
1567 4710 1634 4765 nihil
1651 4711 1691 4766 illi
1708 4712 1791 4780 favet,
1815 4709 1855 4764 nisi

526 4809 655 4852 numerus
673 4793 801 4862 utrinque
818 4791 898 4848 idern.
934 4791 988 4847 Per
1005 4805 1035 4846 se
1053 4789 1223 4845 insociabilia
1240 4796 1305 4844 snut
1321 4805 1444 4859 eorpora,
1462 4806 1532 4859 quae
1550 4799 1626 4861 ιιιιι,
1644 4799 1672 4846 ιι
1688 4799 1777 4848 motus
1793 4792 1855 4847 chor·

526 4873 635 4942 darum,
654 4887 724 4942 qnae
742 4887 795 4926 non
813 4878 892 4940 ιιιιιι,
920 4871 968 4928 ssd
985 4873 1069 4940 fiaot3
1096 4885 1212 4939 corpora
1230 4885 1264 4923 er
1282 4875 1431 4938 systemate
1448 4870 1599 4937 coelorum,
1627 4871 1700 4939 quod
1717 4873 1789 4927 Deus
1803 4868 1853 4924 iecit

526 4951 733 5020 mdonibusque
752 4963 855 5006 summe
873 4951 1034 5008 necessariis
1051 4949 1243 5017 conformavit,
1268 4955 1297 5003 et
1313 4949 1433 5005 chordae
1450 4965 1484 5004 ex
1501 4955 1649 5018 systemate
1665 4952 1781 5007 musico,
1796 4946 1854 5018 qnod

527 5030 646 5087 humano
664 5029 761 5086 saltem
779 5029 891 5085 arbitrio
909 5029 1107 5086 conformatum
1125 5029 1165 5084 sie
1182 5035 1237 5096 est,
1264 5044 1326 5084 cum
1352 5029 1488 5098 potuisset
1510 5028 1592 5084 etiam
1614 5029 1693 5084 aliter
1715 5023 1852 5084 corriornan¹

527 5109 556 5164 iu
573 5109 716 5165 nonnullis.
752 5109 888 5166 Continuo
904 5111 1015 5180 quidem
1033 5109 1166 5180 sphaerae
1188 5107 1308 5176 chordis,
1327 5115 1417 5163 motus
1435 5123 1500 5162 varo
1517 5107 1696 5176 sphaerarum
1713 5106 1852 5160 motibusti

528 5185 603 5254 souis
621 5187 781 5247 chordarum
800 5190 950 5268 comparari
973 5188 1058 5246 videri
1075 5187 1194 5262 possint:
1218 5193 1248 5242 ιι
1265 5185 1334 5242 baec
1358 5186 1494 5242 disdncdo
1515 5184 1600 5257 paulo
1617 5185 1680 5258 plus
1697 5184 1778 5242 uibdo
1793 5178 1849 5243 doit
