4242 6384
791 1671 1036 1788 scilliti

540 1867 596 1964 Ad
623 1862 849 1966 Harmonices
876 1892 995 2005 llundi
1023 1895 1164 1968 Librum
1195 1897 1231 1969 V.
1241 1887 1285 1988 ³¹)

836 2057 985 2114 cononem
1079 2117 1083 2124 ,

365 2199 413 2260 cl.
438 2200 601 2260 Ptolemaei
625 2199 870 2260 Harmonicomm
893 2201 1000 2262 librum
1023 2203 1079 2264 111.
1097 2221 1117 2264 a
1138 2221 1203 2282 cap.
1227 2203 1282 2264 Ili.
1306 2201 1345 2264 ad
1367 2204 1463 2274 tinem.

247 2385 385 2456 interprete
403 2387 423 2441 J
430 2399 540 2440 osane
556 2385 722 2468 Keplero,
741 2404 831 2457 aquo
849 2388 931 2443 etiam
949 2389 1002 2444 tria
1018 2389 1116 2446 ultima
1134 2391 1224 2462 capite
1241 2389 1312 2458 libri,
1332 2402 1446 2462 quornm
1465 2391 1592 2447 lemmata

413 2473 473 2529 sole
491 2472 665 2528 Ptolemaeus
683 2474 801 2544 reliquit,
820 2475 895 2530 relut
914 2491 949 2530 ex
968 2485 1059 2533 mente
1078 2474 1226 2532 Ptolemaei
1244 2477 1415 2548 supplentur.

246 2611 299 2666 Gom
315 2613 390 2668 uotis
408 2628 458 2667 seu
476 2613 675 2668 commentariis
693 2613 816 2682 ejusdem
834 2584 1006 2684 interspersis
1025 2623 1074 2671 ant
1096 2623 1160 2686 post
1178 2605 1259 2672 tinem
1278 2617 1375 2688 capitis
1395 2617 1528 2686 cujusque
1546 2617 1592 2672 ad-

243 2698 322 2766 jectis,
340 2698 445 2768 quobus
463 2707 559 2754 auctor
583 2697 626 2753 rel
649 2698 805 2769 explicatur
822 2701 866 2754 rel
888 2700 1038 2772 refutatur,
1066 2703 1108 2758 rel
1135 2701 1194 2770 ejus
1212 2703 1321 2759 inventu
1340 2719 1401 2758 cum
1419 2705 1594 2772 praecedeuti

382 2780 386 2792 “
583 2828 587 2836 .
609 2801 691 2857 opere
708 2788 884 2844 Harmonices
902 2788 999 2844 Mundi
1017 2794 1218 2859 comparantur.
1406 2785 1409 2790 ’

870 2924 874 2936 ’
918 2933 1013 2982 Seneca
1028 2931 1087 2982 Nat.
1106 2935 1200 2998 quaest.
1218 2931 1264 2985 llb.
1283 2933 1338 2982 v11.
1357 2947 1414 3010 esp.¹
1431 2929 1544 2986 25-31.

403 3051 1426 3140 retu,uspn,po....qu0aqoamlonnamansaeerree

515 3234 602 3305 Cum
629 3205 665 3305 S.
693 3233 729 3305 C.
757 3232 799 3305 ll.
826 3234 1013 3324 Privilegio
1031 3236 1088 3321 ‚ad
1115 3255 1224 3308 anuos
1250 3236 1317 3309 XV.

583 3484 586 3490 ¹
633 3417 918 3471 iamentationis.
955 3421 1030 3470 Auno
1048 3417 1191 3502 tritonii.

808 3665 1017 3676 ..ο-

806 3865 948 3951 caper
974 3864 1026 3958 ru.

307 4009 374 4062 Sub
395 4008 487 4078 quod
504 4023 613 4063 rerum
631 3997 738 4078 genus
755 4007 939 4063 referenda
956 4006 1002 4062 sit
1020 4011 1146 4062 natura
1164 4022 1223 4063 seu
1242 4007 1294 4063 ris
1312 4007 1515 4065 harmonica

721 4096 870 4172 ejusque
894 4094 1051 4150 scientia.
1071 4087 1091 4146 i)
1510 4105 1512 4114 ¹

320 4238 411 4316 Quod
440 4242 530 4316 igitur
557 4249 664 4300 natura
685 4239 871 4300 harmonicae
902 4240 1180 4316 contemperationis
1202 4235 1253 4314 Π),
1285 4257 1374 4317 quam
1402 4240 1461 4300 late
1492 4247 1593 4319 patent

247 4323 299 4395 jura
319 4339 426 4387 cautus
449 4329 581 4387 concinni
603 4330 646 4388 sle
670 4326 750 4406 dicti,
772 4330 833 4387 suis
857 4329 979 4404 propriis
1003 4327 1239 4404 proportionibus
1263 4334 1292 4386 et
1307 4329 1415 4404 quibus
1433 4331 1468 4386 iis
1485 4345 1592 4386 unum·

250 4412 373 4491 quodque
399 4417 597 4474 coritiaeatur:
627 4415 825 4474 existimoad
853 4414 974 4491 longum
998 4422 1027 4472 et
1048 4412 1227 4474 sufficienter
1251 4433 1269 4474 a
1290 4433 1338 4474 me
1361 4415 1591 4475 demonstratum

249 4494 338 4576 lubae,
362 4511 397 4560 ut
419 4505 444 4560 si
460 4504 526 4579 quis
548 4518 637 4578 super
652 4504 873 4579 suppositorum
892 4501 1129 4580 probabilitatem
1146 4502 1234 4560 etiam
1249 4498 1415 4578 regularum
1434 4499 1494 4576 ¹¹¹²,
1518 4519 1592 4579 quas

250 4585 334 4647 ordine
358 4606 414 4647 suo
438 4588 631 4664 tradidimus,
651 4607 737 4648 usum
761 4587 912 4666 explorare
937 4600 966 4649 et
989 4605 1076 4666 opero
1100 4590 1165 4666 ipso
1190 4591 1315 4666 experiri
1337 4589 1490 4663 studuerit,
1513 4589 1591 4667 apud

250 4668 312 4734 hunc
332 4675 417 4736 nulla
438 4691 592 4752 superesse
614 4679 709 4752 possit
731 4675 898 4749 haesitatio,
923 4678 992 4752 quin
1017 4693 1068 4752 per
1083 4692 1184 4736 omues
1201 4677 1265 4752 ejus
1287 4679 1402 4752 species
1416 4677 1593 4738 sufficienter

250 4764 340 4823 notula
363 4763 603 4832 conclusionibus
626 4772 797 4855 attestatum
819 4780 939 4822 sensum
963 4762 1081 4822 auditus
1105 4761 1337 4840 deprehenderit.

320 4866 391 4918 Nota
406 4863 428 4918 1.
465 4863 534 4918 Cum
556 4863 699 4931 ambiguae
721 4863 777 4917 siut
801 4877 882 4916 voces
904 4877 1013 4929 gensis
1036 4877 1144 4916 rerum
1169 4867 1196 4915 et
1213 4861 1254 4916 vis
1272 4875 1322 4916 sen
1340 4861 1494 4919 facultas
1512 4864 1592 4919 har·

250 4940 369 4996 monica
393 4948 422 4996 et
447 4947 571 4996 natura
598 4939 941 5009 contemperationis
967 4940 1200 5008 harmonicae,
1226 4944 1367 5008 quaroae
1394 4957 1445 5012 ego
1470 4943 1593 5012 expressi

250 5029 359 5079 naam
382 5041 431 5074 roo
447 5020 626 5090 boemanos,
653 5020 716 5074 biae
744 5018 914 5074 occasionem
942 5034 994 5089 ego
1021 5019 1106 5074 sumsi
1133 5017 1338 5075 redibendorum
1364 5022 1484 5090 pn'omm
1511 5021 1592 5078 trium

252 5089 495 5166 ialvcapitsm.
529 5099 600 5154 Nam
617 5113 679 5153 cum
697 5099 805 5173 quaerit
821 5097 1013 5168 Ptolemaeus,
1039 5097 1072 5152 in
1101 5114 1166 5167 quo
1193 5115 1319 5167 genere
1336 5100 1592 5170 ponendabar·

252 5176 381 5247 sorice,
407 5175 452 5232 rel
468 5177 504 5232 de
520 5173 678 5234 definiaone
695 5177 803 5247 quaerit
828 5175 1011 5242 harmonicas,
1038 5177 1104 5246 suia
1127 5192 1213 5246 genus
1232 5176 1415 5232 definitionem
1432 5176 1593 5248 ingreditur,

253 5249 286 5303 rol
300 5253 331 5310 de
347 5254 497 5325 subjectis,
525 5255 553 5311 in
571 5256 670 5325 quibus
688 5255 846 5349 barmoniae
872 5255 1078 5312 accidentaliter
1099 5255 1212 5322 insunt,
1239 5256 1279 5312 sic
1295 5261 1327 5312 ut
1343 5255 1594 5324 aequeslrarmouia
