4242 6384
512 777 576 838 334
877 773 1022 844 Appendix
1040 774 1076 832 ad
1093 773 1191 833 numu
1209 773 1241 831 V.
1259 773 1492 832 Harmonitornm.

440 1013 444 1022 ,
510 951 705 1021 rias.(xx11.)
747 950 803 1012 iiie
820 955 1023 1030 mmsoperptt
1041 953 1122 1014 obid
1136 954 1342 1015 tutationem
1360 962 1390 1014 et
1403 970 1512 1030 aquam
1528 953 1843 1028 smtnersdiatesaaren,
1895 955 1896 960 ’

511 1041 568 1097 trio
593 1053 663 1097 vero
686 1036 750 1113 ejus
772 1039 936 1111 intervalia,
960 1049 1211 1116 mormannum,
1235 1044 1438 1115 semitonium,
1461 1041 1557 1106 trihus
1577 1041 1724 1118 applicare
1744 1045 1847 1118 spatiis,
1895 1051 1896 1122 3

511 1141 635 1196 summm
659 1123 765 1198 medio,
789 1129 864 1202 irn03
885 1143 951 1186 euru
966 1127 1010 1186 iiii
1033 1137 1128 1189 sertas
1151 1147 1187 1190 ex
1211 1131 1307 1188 nausis
1329 1131 1391 1191 sois
1415 1122 1603 1204 quantitates.
1631 1131 1688 1188 ista
1709 1147 1743 1188 ne
1765 1137 1848 1188 metas

511 1212 630 1288 quidem
652 1230 672 1272 a
693 1223 807 1284 natura,
830 1230 983 1274 mensuras
1006 1231 1076 1276 rere
1100 1215 1260 1277 seeundum
1282 1215 1356 1276 haee
1377 1215 1599 1290 generalissima
1613 1219 1753 1294 principia
1773 1215 1850 1293 plana

512 1299 750 1360 indetemrinatas
772 1299 917 1374 habeant,
946 1308 977 1361 et
998 1303 1042 1362 sio
1070 1301 1107 1363 de
1129 1307 1243 1365 esteris.
1288 1303 1329 1362 At
1350 1303 1421 1362 mibi
1454 1305 1582 1363 unitates
1605 1304 1769 1376 naturales,
1798 1305 1853 1362 bini

512 1403 551 1445 ao.
578 1395 676 1446 motus
699 1387 883 1463 planetarum
906 1393 1027 1450 extremi
1050 1385 1121 1472 (seu
1145 1389 1239 1450 diurni
1263 1407 1317 1450 seu
1331 1389 1450 1460 horarii,
1473 1389 1545 1448 nihii
1566 1386 1714 1471 interest),
1736 1391 1853 1466 expressi
1895 1437 1896 1476 ,

511 1492 530 1532 a
553 1485 659 1534 natura
682 1477 709 1532 in
734 1482 828 1536 certas
850 1492 920 1536 suas
943 1479 1132 1554 quantitates,
1156 1487 1225 1538 sunt
1239 1471 1391 1556 propositi,
1414 1477 1567 1553 inquibus
1587 1477 1753 1538 harmonias
1770 1493 1854 1553 quae-
1895 1479 1896 1482 ’

510 1581 583 1621 ram.
603 1567 724 1630 (xxm.)
763 1560 820 1622 Ilis
842 1563 872 1620 in
895 1563 1080 1624 tenebrarum
1112 1573 1142 1624 et
1164 1565 1239 1625 lueis
1261 1563 1400 1641 gradibus
1429 1565 1543 1640 quaerit
1569 1567 1773 1642 proportiones
1795 1564 1856 1623 irar-

516 1653 658 1724 muniens,
690 1650 773 1710 nuiio
794 1661 929 1726 respectu
955 1650 1082 1727 alienius
1112 1661 1224 1726 motus,
1257 1668 1314 1727 ego
1343 1651 1511 1710 harmonias
1540 1654 1655 1710 nonnisi
1682 1655 1711 1710 in
1738 1652 1857 1711 metibor

511 1753 631 1814 quaero.
650 1744 771 1804 (xxiv.)
811 1735 867 1796 ilie
888 1737 1033 1813 pauculas
1055 1737 1171 1815 aliquas
1194 1738 1417 1800 concordantias
1432 1737 1543 1798 delibat
1564 1757 1674 1814 sasque
1696 1757 1732 1800 ex
1745 1755 1855 1798 suarum

510 1823 697 1904 pyramidum
720 1823 862 1897 mixtum·
879 1841 939 1900 qua
960 1823 1101 1885 muudum
1124 1829 1187 1902 ipse
1210 1827 1346 1903 privatim
1369 1827 1398 1884 in
1414 1843 1469 1885 suo
1485 1827 1583 1886 animo
1605 1829 1716 1902 pictum
1739 1829 1855 1886 uirenru-

428 1984 432 1993 .
511 1921 621 1989 pestes,
644 1910 725 1971 elicit
745 1927 799 1972 seu
820 1911 860 1971 ab
882 1911 934 1970 iiia
956 1915 1168 1988 repraesentari
1192 1913 1314 1990 proban
1346 1929 1402 1990 ego
1425 1919 1519 1972 toturn
1542 1930 1647 1992 eorpus
1677 1914 1857 1974 harmonicas

517 1999 798 2074 contemperationis·
815 2013 882 2058 eum
904 2001 1041 2058 omnibns
1063 2001 1196 2076 partibus
1219 2003 1247 2058 in
1272 2003 1409 2062 extremis
1432 2001 1616 2078 pianetamm
1643 2001 1776 2060 motibus
1797 2018 1858 2078 pro·

511 2089 582 2162 priis
604 2083 765 2146 seeundum
787 2091 882 2146 oertas
905 2093 936 2145 et
956 2086 996 2146 ab
1014 2089 1198 2161 astronomia
1220 2087 1434 2148 demonstratas
1457 2103 1608 2148 mensuras
1624 2090 1721 2148 inesse
1736 2087 1859 2148 demon·

511 2176 611 2233 stravi.
658 2173 718 2248 lpsi
741 2174 841 2248 itaque
862 2179 1023 2250 uorrseptus
1044 2191 1116 2234 suus
1139 2173 1257 2252 mundi,
1280 2175 1351 2232 roihi
1375 2173 1501 2234 mundus
1524 2177 1585 2253 ipre
1608 2177 1778 2236 audineo
1800 2194 1859 2236 rea·

510 2261 554 2322 ies
577 2260 760 2340 planetarum
782 2267 880 2318 motus
901 2260 1158 2338 surrr‘snbjeetum
1183 2259 1353 2322 harmoniae
1376 2259 1550 2324 mundanae.
1570 2267 1679 2334 (xxv.)
1752 2331 1758 2340 ι

496 2397 499 2403 .
598 2347 710 2408 Euhie
737 2349 840 2422 pausis
867 2355 1001 2408 eorrstars
1030 2349 1169 2420 arbitror,
1202 2351 1257 2406 etei
1286 2347 1322 2408 ad
1347 2347 1537 2424 intelligenda
1564 2351 1704 2430 mysteria
1733 2351 1861 2410 conforta
1895 2388 1896 2402 r

511 2434 716 2512 philosophiae
739 2433 996 2509 profundissimae,
1029 2452 1119 2511 quam
1141 2434 1230 2494 tradit
1252 2434 1413 2507 Robsnas,
1443 2437 1611 2511 cognitione
1639 2441 1858 2514 proportionum

420 2516 424 2525 ’
511 2523 743 2583 irarmooioarum
774 2522 894 2581 omnine
921 2538 996 2597 opus
1026 2531 1089 2596 est,
1122 2529 1220 2580 tamon
1252 2521 1351 2596 iilum,
1384 2524 1434 2598 qui
1466 2522 1514 2582 rei
1543 2531 1638 2582 toturn
1668 2541 1742 2600 opus
1769 2541 1859 2585 menn

513 2609 641 2682 edidicit,
665 2608 762 2670 adhue
784 2627 803 2668 a
824 2611 971 2685 mysteriis
993 2609 1054 2668 iliis
1075 2608 1306 2686 perplexissimis
1329 2609 1496 2669 abiutnrrrm
1521 2609 1601 2668 haud
1624 2611 1714 2688 panio
1736 2611 1859 2689 longina,

513 2713 551 2756 ao
582 2699 665 2776 ipsae
687 2697 726 2756 ab
749 2697 970 2755 aooumtissirna
991 2696 1166 2756 certitudine
1182 2696 1461 2756 demonstrationum
1476 2695 1748 2758 matiremetioerurn
1774 2717 1862 2760 reoes·

510 2793 618 2846 domiti.
637 2791 751 2858 (xxvi)
790 2799 891 2852 (onan.
903 2809 956 2850 m.
970 2799 1005 2848 ts,
1018 2800 1055 2840 atsi
1070 2791 1175 2848 diuturnis,
1190 2809 1231 2840 sur
1244 2799 1285 2838 iroa
1299 2809 1404 2840 numeros
1419 2799 1544 2852 ΗΧΠ,
1559 2799 1670 2842 aaauiita
1682 2800 1807 2850 rorum.
1822 2811 1859 2842 rer-

426 2895 433 2904 ,
510 2886 652 2938 arr-mm
665 2884 825 2937 moranno.)
852 2873 952 2949 atquo
974 2872 1104 2948 iniciam
1126 2873 1215 2933 etiarn
1237 2871 1407 2949 appendicia
1430 2871 1496 2932 tinia
1519 2881 1593 2932 esto.
