4242 6384
677 770 762 829 hiber
778 771 827 829 111
844 768 1123 843 Diversis-politica
1294 794 1298 803 ·
1512 776 1577 837 200

236 949 415 1027 syllogismus
429 959 502 1011 =usse
523 949 697 1025 didnndsus,
720 952 740 1011 Β
762 950 932 1025 irascibd'ri,
956 952 976 1008 1
999 948 1239 1029 concupiscimus
1259 948 1431 1025 laenitates,
1454 956 1578 1027 querum

236 1040 313 1098 mem
333 1036 422 1097 sedes
445 1041 479 1119 iq
497 1039 633 1112 cerebro,
665 1040 695 1095 in
717 1044 850 1115 pectore,
883 1040 912 1095 iu
935 1045 1036 1098 renue
1065 1038 1152 1097 Plato
1176 1038 1352 1097 harmonicis
1375 1040 1465 1099 etlam
1486 1042 1578 1098 inter·

236 1125 311 1183 rellir
331 1124 494 1185 dileestse
517 1126 696 1187 demonstret
723 1141 890 1200 carumque
903 1126 1015 1201 primae
1043 1128 1212 1203 imperium,
1246 1124 1391 1184 secundae
1414 1124 1579 1201 consilium,

236 1214 326 1271 tertia
348 1212 487 1273 militaria
508 1213 597 1282 orde,
620 1221 742 1289 quartae
764 1212 848 1289 plebs
870 1213 1069 1273 assimilantur
1094 1214 1216 1289 eiusque
1238 1210 1396 1287 plurimum
1418 1213 1577 1289 possident.

236 1298 301 1359 llinc
322 1308 453 1376 quatuor
473 1318 601 1376 rerump.
623 1299 793 1372 columnae,
821 1300 953 1375 justitie,
983 1299 1153 1376 prudentie,
1185 1298 1342 1373 tortitudo,
1374 1303 1578 1377 temperantis,

236 1404 293 1445 sere
312 1386 451 1447 cardines
471 1387 553 1460 dicti,
574 1389 681 1463 cuique
703 1386 798 1447 ordini
820 1404 876 1447 sua
895 1389 1080 1463 potissimum
1096 1385 1308 1449 comoriendata.
1354 1388 1498 1463 adaeque
1511 1406 1579 1448 mu·

236 1477 303 1533 deus
323 1483 372 1534 est
393 1474 491 1535 lacem
513 1474 654 1547 Bodiuus,
677 1474 799 1536 dirmm
820 1478 983 1550 geometris
1005 1484 1037 1535 et
1056 1474 1249 1549 arithmetica,
1273 1482 1305 1533 ut
1326 1490 1364 1534 ne
1380 1474 1578 1535 dissonantia·-

236 1578 286 1619 mm
306 1562 428 1639 quidem
450 1564 538 1623 inerit
560 1562 686 1636 oblitun;
710 1562 795 1637 cujus
816 1563 858 1623 rel
879 1562 936 1621 sub
958 1564 1086 1639 imagine
1107 1562 1222 1631 suadet,
1244 1560 1388 1621 interdurn
1411 1564 1499 1645 eliens
1522 1566 1579 1623 im·

236 1650 324 1708 nerito
354 1649 449 1709 alicui
476 1652 677 1727 magimrnus,
713 1649 841 1711 honores
870 1658 1027 1725 ceteraque
1056 1652 1198 1713 virtutum
1229 1651 1359 1725 praemia
1388 1667 1448 1709 non
1478 1654 1578 1727 inique

236 1738 320 1795 mimo
341 1740 530 1813 permittere,
562 1739 633 1813 quia
654 1746 689 1797 ut
708 1753 745 1800 cx
768 1730 954 1813 oppositione
985 1738 1072 1799 unius
1100 1736 1299 1797 dissonantiae
1327 1746 1486 1797 concentus
1507 1738 1579 1797 reli·

236 1840 300 1898 quus
318 1832 406 1883 tento
427 1824 535 1884 nulius
558 1824 738 1901 dignoscitur
760 1830 902 1899 mumque
916 1822 1040 1885 avidius
1061 1824 1204 1899 hauritur,
1227 1824 1270 1883 sie
1293 1826 1458 1901 quicunque
1481 1826 1578 1887 lucu·

237 1910 392 1978 hujusmodi
415 1911 635 1971 commodorum
657 1914 728 1987 reip.
760 1914 908 1970 intuentur
930 1920 1186 1988 exsecrenturque,
1214 1913 1343 1973 uniuersi
1367 1914 1388 1971 ii
1411 1914 1484 1971 vitia
1506 1929 1579 1973 oon·

237 1996 330 2057 nmilia
351 1998 467 2078 lugere,
488 2002 611 2059 vututm
633 2000 739 2059 sectari
760 2000 854 2075 magis
876 2006 968 2075 atquc
987 2002 1082 2076 magis
1105 2006 1306 2059 consuescant.

308 2084 440 2145 xxiv,
458 2076 591 2146 ‘l'andein
607 2085 739 2145 Bodincus
759 2103 882 2162 regnum
905 2104 925 2144 a
946 2104 977 2144 se
1001 2089 1196 2163 couscriptum
1218 2085 1327 2145 mundo
1342 2088 1399 2162 ipsi
1422 2096 1579 2163 comparat,

239 2170 401 2248 utendens,
432 2174 581 2249 quomodo
605 2174 686 2233 Deus
708 2179 837 2249 creator,
863 2173 973 2249 iunctis
1002 2174 1169 2251 aequalium
1202 2182 1230 2233 et
1253 2172 1390 2232 similium
1420 2174 1582 2234 rationibus

241 2260 371 2319 inunum
394 2270 569 2321 concentum
591 2252 807 2330 harmonicum,
835 2277 909 2336 opus
931 2258 1004 2319 illud
1026 2278 1112 2321 suum
1136 2262 1329 2321 exomaverit.
1374 2261 1408 2319 ln
1432 2263 1582 2340 proposito

240 2346 273 2402 illi
296 2351 442 2407 meentior
469 2358 503 2408 ut
531 2349 581 2426 qui
610 2351 752 2422 maximc3
779 2364 915 2424 quaeque
943 2349 1008 2424 ipse
1038 2358 1091 2408 aut
1117 2347 1325 2425 praecedentes
1347 2348 1516 2425 philosophi
1546 2366 1583 2409 ne
1668 2388 1673 2401 .

241 2434 386 2509 attigemnt
409 2435 545 2511 quidem,
575 2434 612 2495 de
634 2436 804 2495 harmonica
826 2438 1093 2512 contemperatione
1116 2437 1336 2495 accuratissima
1363 2444 1495 2495 motuum
1520 2453 1583 2496 cer-

243 2528 338 2595 temus,
372 2540 410 2582 ea
433 2522 516 2582 libris
538 2523 729 2599 sequentibus
754 2540 810 2598 ego
832 2522 957 2599 suppleo
980 2522 1336 2599 demonstrationibusque
1362 2522 1530 2582 clarissimis
1552 2526 1582 2580 iu

243 2606 323 2667 lucem
343 2610 473 2685 profero.
518 2610 584 2670 Non
607 2611 709 2671 desino
732 2619 839 2684 mmen,
862 2628 899 2670 uc
922 2610 951 2668 iu
975 2610 1054 2671 calce
1078 2611 1205 2688 quidem,
1233 2610 1353 2685 obloqui
1377 2610 1494 2670 Bodiuo
1516 2611 1583 2669 hal-

244 2692 385 2771 lucinanti3
414 2714 474 2756 non
497 2699 626 2758 eristum
653 2700 730 2757 enim
753 2714 841 2758 verae
863 2697 1034 2757 barmoniae
1066 2716 1101 2758 ex
1124 2701 1223 2757 nsirtis
1250 2696 1418 2773 aequalium
1448 2708 1477 2757 et
1499 2700 1583 2757 eimi-

245 2780 303 2841 lium
322 2784 504 2864 rationibus,
535 2795 568 2843 ut
588 2786 708 2861 saepius
730 2785 849 2844 dictum.
895 2784 973 2862 Ergo
995 2786 1144 2858 Bodinue,
1177 2786 1345 2845 harmonias
1367 2788 1395 2842 iu
1420 2784 1527 2845 mundo
1550 2802 1582 2845 se

248 2867 430 2932 demonstrare
451 2880 573 2949 puteus,
597 2871 771 2932 medietates
792 2874 893 2948 potius
915 2874 1108 2949 geometricas
1132 2873 1310 2932 demonstrat
1337 2880 1367 2932 at
1388 2873 1583 2948 aequalitates
1613 2909 1615 2915 ·

249 2963 269 3011 et
285 2958 498 3018 similitudines.
544 2954 579 3041 1)
601 2958 795 3019 Harmonicas
819 2958 936 3035 quidem
958 2962 989 3018 in
1003 2960 1194 3021 facultatibus
1209 2963 1339 3035 animam
1363 2966 1393 3017 ut
1411 2958 1478 3018 illas
1501 2976 1583 3037 sym-

250 3042 342 3104 bolicas
364 3054 495 3121 tantum,
517 3047 600 3107 nulla
623 3046 903 3107 demonstrationum
926 3046 1074 3108 euidentia
1098 3050 1126 3107 in
1148 3047 1272 3109 solidam
1294 3046 1423 3123 aliquant
1447 3046 1582 3123 effigiem,

250 3138 273 3185 ut
288 3133 492 3195 mathematice
514 3142 628 3208 amant,
651 3152 818 3213 expressas,
848 3136 958 3212 quippe
982 3152 1048 3195 cum
1071 3133 1194 3212 intelligi
1217 3152 1274 3195 non
1299 3136 1410 3211 possit,
1435 3134 1582 3211 quomodo

250 3217 321 3277 iusim
340 3222 370 3277 in
393 3224 493 3281 anima
514 3224 701 3297 quantitates,
724 3224 888 3301 proximum
911 3230 941 3283 et
964 3223 1163 3283 immediatum
1178 3224 1393 3285 harmoniarum
1409 3222 1582 3297 subjectum.

251 3304 283 3371 tlr
297 3312 387 3377 quavis
399 3328 441 3368 sc.
454 3312 513 3381 ejus
524 3312 656 3368 facultate
669 3327 797 3367 uumerus
811 3311 858 3366 illa
870 3313 938 3382 ipse,
957 3329 1037 3383 quem
1050 3313 1076 3368 ei
1089 3312 1211 3369 Bodiuus
1223 3314 1368 3383 assignat.)
1408 3312 1438 3389 2)
1463 3311 1583 3387 Aequu-

251 3388 342 3455 litatem
371 3400 448 3457 inter
477 3396 577 3457 mnndi
608 3414 713 3475 corpus
746 3404 776 3455 et
803 3398 968 3455 uniuersam
999 3400 1059 3455 vim
1089 3398 1237 3457 materiae.
1290 3398 1325 3475 3)
1356 3396 1583 3457 similitudinem

253 3478 453 3551 {potueram
477 3488 575 3563 potius
598 3503 634 3544 ex
656 3483 767 3560 figuris,
790 3500 880 3560 quam
907 3482 1061 3545 relativam
1087 3478 1269 3561 quantorum
1285 3486 1487 3559 terminorum)
1510 3488 1585 3545 inter

255 3567 424 3648 uchctypnm
451 3580 603 3633 aeteruum
635 3582 665 3631 et
691 3570 792 3631 murrdi
821 3571 959 3645 munuum,
988 3588 1047 3648 quo
1071 3571 1136 3632 loco
1160 3571 1292 3630 Bodiuus
1320 3572 1491 3649 praecordia
1513 3571 1583 3631 mihi

255 3658 337 3730 ungit,
352 3662 478 3720 materia
491 3659 626 3737 mysterii
640 3660 699 3717 mei
714 3658 962 3735 cosmographici,
986 3676 1154 3735 quanquam
1172 3676 1223 3736 per
1239 3660 1441 3735 ignorantiam,
1466 3666 1585 3719 attacta.

323 3743 440 3821 Quanto
464 3765 535 3807 vero
548 3746 735 3825 plausibilius
758 3748 787 3805 iu
802 3763 886 3805 meae
902 3746 1053 3825 Epitomes
1070 3748 1187 3807 Astron.
1204 3745 1422 3825 coperuicanae
1443 3747 1517 3805 libro
1533 3746 1586 3805 1v.

259 3822 315 3888 laec
334 3832 501 3911 aequalium
525 3843 559 3896 et
575 3832 715 3893 similium
731 3834 904 3913 ,commixtio
936 3833 971 3892 dc
994 3832 1094 3892 mundi
1117 3833 1249 3913 partibus
1279 3835 1444 3912 praecipuis
1468 3844 1512 3893 est
1534 3832 1588 3892 de·

259 3928 414 3996 nominata,
446 3921 482 3983 de
510 3929 622 3982 motare
645 3920 738 3994 Sole,
760 3920 875 3981 locante
902 3920 1026 3999 sphaere
1056 3920 1195 3993 lixarum,
1228 3929 1256 3979 et
1287 3920 1476 3993 intermedio,
1508 3919 1587 3995 quod

260 4004 393 4067 nobilibus
423 4025 603 4070 concessum.
649 4008 822 4085 Aequaliter
845 4009 921 4067 euim
952 4016 997 4068 est
1017 4009 1046 4065 in
1071 4008 1203 4087 partibus
1232 4008 1372 4069 materiae
1394 4015 1523 4080 statuta,
1556 4014 1589 4065 ut
1672 4006 1674 4013 ⁴

261 4094 406 4155 muntem
433 4099 472 4156 eit
493 4097 558 4173 ejus
588 4098 618 4154 in
640 4095 725 4165 Sole,
756 4101 896 4172 quantum
931 4095 976 4154 vel
1006 4097 1035 4152 in
1058 4096 1183 4154 extimeo
1212 4094 1354 4171 sphaerae
1380 4096 1449 4153 orbe
1480 4094 1525 4153 vel
1558 4094 1589 4151 in

262 4181 335 4251 patio
354 4183 535 4245 intermedio.
581 4184 722 4243 Materiae
746 4199 830 4256 vero,
854 4190 886 4240 ut
908 4182 1038 4259 populo,
1063 4182 1184 4243 debetur
1206 4182 1390 4241 arithmetica
1413 4180 1589 4256 aequalitas,

262 4263 366 4328 vicissim
393 4274 575 4349 geometrica
601 4272 796 4348 proportionis
827 4269 988 4330 similitudo
1019 4272 1050 4327 in
1074 4270 1218 4331 densitate
1248 4272 1334 4328 trium
1357 4270 1461 4328 horum
1484 4284 1589 4345 corpo·

264 4361 317 4425 flii,
335 4364 363 4417 et
375 4376 491 4419 rursum
505 4359 566 4419 elia
579 4360 654 4419 iuter
669 4357 826 4417 diametros
841 4356 919 4417 Solis
935 4360 1066 4431 motoris,
1087 4360 1214 4434 regionis
1229 4358 1382 4417 mobilium
1403 4366 1432 4416 st
1449 4356 1590 4432 sphaerae

265 4432 358 4503 bilmas
378 4444 504 4506 locuntls
526 4444 694 4505 immobilis.
740 4447 775 4519 4)
798 4444 972 4504 Medietates
993 4462 1079 4521 porro
1095 4447 1288 4522 geometricas
1305 4443 1534 4521 quodammodo,
1560 4450 1593 4501 ut

269 4520 323 4584 intes
341 4530 396 4593 dno
418 4549 527 4609 genera
549 4542 691 4607 motuum,
715 4532 840 4592 alterum
861 4534 1011 4607 inertum,
1035 4532 1159 4593 alterum
1177 4536 1207 4591 in
1224 4550 1369 4605 occasum,
1394 4536 1509 4592 tertium
1532 4540 1593 4589 tre·

268 4609 396 4681 illationis
418 4630 545 4694 motum,
568 4620 679 4681 seder
702 4611 809 4696 quibus
832 4619 891 4679 duo
914 4621 1091 4696 posteriores
1114 4620 1179 4680 sola
1207 4622 1288 4680 uisus
1310 4621 1519 4695 imaginatione
1542 4635 1591 4676 sc-

271 4700 366 4764 mium
393 4708 547 4785 copemici
580 4708 690 4785 placita
718 4714 862 4767 constant.
909 4705 944 4788 h)
974 4706 1053 4767 luter
1083 4716 1188 4767 terram
1220 4716 1249 4768 et
1280 4708 1418 4784 tophum,
1451 4704 1592 4782 argillam.

272 4776 296 4860 ⁵)
311 4786 379 4853 luter
399 4795 520 4856 metalla
542 4804 573 4855 et
595 4794 718 4872 lapidee,
741 4810 861 4855 aurosus
883 4793 995 4870 glebas.
1043 4789 1079 4875 7)
1102 4796 1183 4855 lnter
1204 4797 1309 4871 stirpes
1331 4804 1361 4853 et
1383 4792 1515 4877 lapides,
1543 4808 1594 4851 co·

273 4868 339 4935 tullia
372 4878 407 4963 8)
431 4883 510 4942 Inter
525 4882 665 4943 animalia
681 4887 711 4942 ei
724 4884 839 4960 stirpes,
862 4882 1021 4959 neophyta.
1061 4883 1096 4955 9)
1120 4882 1198 4941 luter
1216 4880 1422 4957 quadrupedes
1445 4887 1475 4940 et
1490 4880 1594 4958 pisces,

275 4962 399 5037 aliinhibiti.
447 4970 501 5046 10)
525 4970 607 5049 luter
628 4986 700 5031 ares
722 4977 753 5028 et
773 4970 886 5046 pisces,
919 4968 1054 5029 volantes
1077 4971 1180 5044 pisces.
1231 4968 1386 5043 11)1nter
1412 4968 1544 5027 homines
1567 4972 1596 5025 et

273 5038 341 5124 bruta,
359 5058 465 5131 simias,
488 5065 540 5117 aut
561 5056 698 5117 mulieres
721 5072 757 5115 er
780 5056 913 5115 Platone.
962 5049 1017 5133 12)
1041 5054 1120 5115 Inter
1143 5057 1253 5115 bestiae
1277 5062 1306 5115 el
1329 5056 1466 5131 angelos,
1497 5054 1596 5114 honri·

276 5140 328 5207 un,
344 5143 488 5204 mortalem
511 5162 632 5221 corpore
648 5153 682 5203 ut
696 5142 772 5216 illas,
795 5142 989 5203 immortalem
1004 5144 1102 5205 auimo
1119 5150 1151 5202 ut
1165 5142 1228 5202 hos.
1277 5138 1332 5224 13)
1357 5143 1436 5202 Inter
1455 5141 1595 5202 coelestia

277 5209 395 5290 lenm
415 5232 586 5293 habitacula
608 5240 639 5292 et
661 5231 867 5292 elementarem
889 5217 1046 5307 regionem,
1072 5231 1185 5291 eoelum
1201 5228 1358 5291 stellatum.
1408 5224 1462 5312 14)
1484 5228 1598 5306 Quibus

313 5328 514 5393 hunone-v.
1403 5338 1442 5395 11
