4242 6384
505 785 569 846 460
973 785 1140 854 appendicis
1157 785 1381 841 llarmouicorum

505 959 635 1020 tionibus
664 959 803 1038 legitimis
835 961 981 1039 explicare
1011 981 1070 1024 non
1099 965 1172 1028 vult.
1214 965 1276 1025 Nec
1299 983 1428 1041 uuquam
1458 966 1570 1024 erimim
1602 963 1684 1036 dedi,
1713 963 1829 1040 mysteria

387 1053 392 1060 “
506 1047 634 1122 tradere3
666 1067 754 1124 quare
778 1067 835 1108 uon
859 1059 917 1120 cst,
949 1067 1000 1109 cur
1023 1051 1140 1111 doleam
1161 1055 1328 1130 exprobrari
1352 1053 1423 1112 mihi
1446 1053 1579 1112 libellum
1602 1069 1698 1110 meum
1728 1053 1830 1128 primm

506 1135 563 1194 hoc
593 1135 678 1195 titulo
702 1140 850 1214 scriptum.
898 1137 1088 1198 thilitctem
1116 1140 1195 1199 illius
1218 1141 1311 1200 libelli
1340 1148 1409 1199 tune
1431 1157 1609 1214 agnoscam,
1640 1141 1691 1197 ubi
1718 1149 1749 1195 tu
1767 1138 1832 1196 illan

506 1221 659 1282 daimatis.
707 1224 797 1284 Lucis
820 1233 846 1283 et
869 1227 1064 1284 tenebrarum
1087 1227 1384 1304 effectusvnonnullos
1405 1229 1539 1302 ignorare
1554 1243 1686 1304 possum,
1709 1226 1834 1300 abnegari

505 1327 656 1386 nunquam
680 1327 730 1369 ore
752 1311 832 1374 duro.
879 1311 1025 1371 Mathesin
1049 1317 1075 1372 si
1102 1324 1135 1374 tu
1157 1315 1246 1374 sliam
1268 1318 1345 1374 nosti
1369 1315 1679 1390 (praeteryulgarem
1708 1312 1796 1384 illam,
1822 1329 1837 1368 a

505 1415 564 1474 qna
588 1397 767 1458 denominati
799 1401 927 1472 inerunt,
958 1408 1105 1476 quotquot
1135 1401 1277 1462 hactenus
1299 1403 1497 1462 mathematici
1529 1397 1746 1480 celebrantur),
1775 1417 1838 1474 qnae

506 1481 619 1551 scillcet
642 1489 680 1542 sit
702 1489 858 1546 naturalis
878 1495 906 1546 et
925 1489 1086 1564 immudis,
1117 1507 1182 1549 eam
1206 1507 1262 1566 ego
1293 1491 1387 1550 iatenr
1415 1507 1580 1566 umqrsam
1611 1489 1765 1558 delibasse,
1795 1489 1839 1543 nisi

503 1571 542 1634 ad
572 1573 820 1648 generalissimam
852 1577 933 1634 vocis
965 1577 1107 1650 originem
1137 1575 1334 1652 confugimus,
1365 1578 1494 1635 dimissis
1526 1575 1755 1651 quantitatibus.
1803 1573 1839 1630 lle

504 1659 556 1718 illa
579 1661 667 1733 igitur
695 1665 768 1720 scito
799 1679 845 1722 me
876 1661 924 1722 hie
955 1677 1013 1720 nnn
1042 1681 1107 1722 esse
1130 1665 1278 1739 locutum3
1308 1665 1425 1723 lrabeas'
1451 1665 1504 1721 tibi
1529 1663 1658 1721 Roherte
1689 1660 1800 1720 laudern
1818 1672 1841 1717 et

506 1745 584 1804 illius
608 1756 637 1806 et
660 1747 941 1808 demonstrationum
965 1751 993 1806 ln
1010 1749 1071 1823 illa,
1095 1769 1274 1827 quaequam
1298 1755 1356 1810 sint
1370 1759 1535 1821 accuratae,
1558 1767 1649 1825 quam
1664 1757 1772 1819 certae,
1793 1757 1841 1804 tute

505 1843 600 1892 tecum
621 1835 769 1910 judicabis
799 1839 862 1896 aine
884 1853 930 1895 me
954 1838 1073 1896 arbitro.
1119 1837 1219 1898 Motus
1247 1857 1303 1916 ego
1332 1840 1432 1915 cogito
1455 1837 1590 1898 risibiles
1620 1853 1772 1911 sensuque
1792 1837 1842 1910 ipse

506 1921 751 1992 determinabiles,
775 1931 805 1980 tu
831 1931 916 1982 nctus
938 1926 1073 1985 internos
1094 1927 1284 1986 considerato
1307 1927 1403 2002 deque
1423 1927 1460 1982 iis
1481 1927 1511 1982 in
1535 1923 1646 2000 gradus
1673 1923 1843 1997 distinguen-

505 2009 550 2066 dis
573 2009 726 2084 laborato3
749 2011 880 2070 caudam
903 2027 955 2086 epo
971 2019 1054 2070 teneo
1076 2012 1128 2072 sed
1144 2031 1241 2092 mauu,
1265 2023 1297 2072 tu
1312 2021 1406 2088 ceput
1427 2013 1621 2088 amplectaris
1638 2019 1750 2076 mente,
1773 2007 1844 2066 modo

504 2113 541 2152 un
565 2099 733 2172 sorrrniaus3
767 2115 822 2172 ego
850 2107 1004 2158 contentus
1026 2116 1090 2158 sum
1114 2100 1222 2176 effectis
1250 2119 1304 2160 seu
1327 2101 1510 2179 planetarum
1539 2099 1690 2170 motibus,
1724 2107 1756 2155 tu
1782 2099 1805 2153 si
1824 2099 1845 2150 in

505 2185 578 2260 ipsis
603 2187 699 2243 musis
723 2188 858 2244 invenisti
881 2185 1048 2246 harmonias
1077 2187 1152 2246 adeo
1175 2187 1318 2264 liquidas,
1349 2206 1438 2264 quam
1460 2195 1529 2244 suut
1556 2203 1641 2244 meae
1664 2187 1697 2241 in
1721 2186 1844 2247 motibus

505 2287 633 2346 aequum
656 2275 727 2344 erit,
756 2283 787 2330 ut
810 2290 865 2347 ego
889 2281 918 2332 et
940 2274 994 2330 tibi
1025 2273 1061 2332 de
1084 2276 1253 2334 inventione
1283 2276 1405 2334 etmihi
1435 2273 1471 2333 de
1497 2276 1690 2351 perceptione
1719 2271 1846 2348 gratuler,

505 2359 555 2416 irbi
578 2361 703 2434 primum
726 2363 874 2436 percipere
898 2367 1009 2438 potero.
1351 2419 1355 2424 ,

593 2445 752 2506 lahbersre
773 2467 832 2518 ars,
856 2448 945 2520 dieis,
976 2463 1066 2508 metro
1088 2456 1116 2507 at
1137 2449 1202 2509 luto
1223 2450 1471 2524 impossibilitatis
1492 2465 1578 2506 meae
1600 2447 1778 2522 decuriarum
1802 2461 1846 2502 non

503 2549 568 2590 surn
591 2532 678 2610 hujus
701 2535 903 2610 perplexitatis
925 2536 996 2594 mihi
1020 2538 1165 2608 conscius,
1188 2553 1254 2612 age,
1278 2554 1324 2595 ma
1347 2536 1454 2595 doceto
1471 2534 1506 2594 de
1522 2535 1568 2594 his
1582 2537 1745 2610 augustiis,
1768 2533 1848 2590 tidelis

503 2622 644 2694 nrouitor,
676 2621 723 2680 dic
746 2623 810 2682 uhi.
844 2621 933 2702 quid,
965 2621 1114 2698 quomodo
1138 2623 1368 2699 inexplicabile?
1416 2623 1543 2698 Oblipor
1566 2623 1703 2680 sinordis
1728 2622 1848 2681 chenru-

503 2711 573 2765 tntia
592 2709 853 2783 perplexissima?
897 2710 1005 2768 Verum
1029 2713 1137 2770 crimen
1160 2714 1276 2785 arguis,
1305 2714 1330 2770 ai
1352 2712 1494 2770 materiae
1517 2709 1710 2768 insolentiam
1743 2711 1848 2766 noritu-

503 2803 631 2873 temque‚
654 2798 678 2852 si
702 2813 796 2855 mores
820 2797 909 2872 hujus
932 2797 1038 2866 seculi,
1073 2801 1099 2855 si
1127 2798 1295 2873 neglectum
1317 2799 1545 2866 mathematum,
1576 2800 1602 2854 si
1634 2805 1791 2872 stuporem
1810 2799 1849 2851 in·

443 2903 446 2910 ¹
503 2884 656 2956 geniorum
680 2886 859 2960 respicimus.
906 2885 970 2943 Non
995 2885 1022 2942 id
1049 2895 1146 2944 tamen
1161 2888 1309 2962 privatum
1324 2903 1420 2944 meum
1444 2888 1551 2944 crimen
1568 2891 1622 2955 est,
1646 2887 1751 2942 socios
1767 2883 1849 2940 babeo

507 2969 661 3048 Pappum,
678 2970 843 3042 Serenrrm,
869 2971 1058 3048 Apollonium
1083 2982 1112 3031 et
1135 2969 1204 3053 (pro
1227 2984 1256 3031 ts
1279 2971 1412 3048 quidem,
1445 2973 1632 3031 obscuritatis
1652 2963 1849 3044 aestimatore]

504 3057 598 3132 ipsum
621 3056 695 3116 adeo
720 3057 880 3120 Euclidem.
925 3059 971 3117 'l'u
994 3077 1064 3118 vero
1087 3061 1160 3118 cedo
1183 3061 1253 3118 mihi
1277 3059 1462 3132 cathedram,
1496 3057 1569 3118 cedo
1593 3057 1779 3116 auditorium
1801 3058 1847 3114 lre-

504 3161 610 3218 quous,
642 3145 792 3204 assiduum
815 3153 843 3204 et
866 3153 1024 3218 attentum,
1056 3147 1128 3206 cedo
1148 3149 1334 3226 inventutem
1358 3147 1564 3224 philosophiae
1594 3154 1787 3221 operantem:
1815 3143 1850 3202 el·

503 3231 598 3288 froiam
629 3248 694 3290 eum
719 3233 783 3292 Deo
813 3235 888 3291 iutra
918 3242 1074 3306 semestre,
1108 3243 1141 3293 ut
1171 3235 1216 3293 illi
1238 3233 1341 3313 (tuque
1372 3225 1447 3293 a‘dco
1477 3237 1541 3310 ipse
1570 3235 1646 3291 inter
1667 3241 1803 3302 ceteros,
1830 3231 1850 3286 si

504 3315 648 3396 volrreris)
677 3335 713 3378 se
735 3321 851 3396 laqueis
873 3321 936 3380 istis
961 3321 1241 3398 difficultatibusque
1265 3322 1446 3390 liberemini,
1477 3337 1537 3380 non
1559 3323 1657 3378 minus
1680 3327 1777 3395 atque
1798 3321 1851 3392 ipse
1899 3351 1901 3386 ;

505 3409 706 3464 corredmmato
734 3406 809 3465 libro
840 3424 922 3466 meae
945 3407 1138 3468 Harmoniccs
1169 3409 1287 3467 tandem
1311 3412 1425 3469 emersi.
1472 3408 1590 3467 lnterim
1617 3405 1687 3464 dum
1721 3409 1753 3464 in
1775 3409 1851 3478 igno·
1899 3439 1901 3484 ,

508 3493 620 3552 rantiac
644 3495 759 3569 gurgite
792 3501 873 3552 natat
896 3495 1092 3574 pulcherrima
1122 3496 1271 3569 doctrina,
1304 3496 1376 3553 nibil
1399 3512 1455 3570 ego
1478 3496 1514 3553 de
1532 3495 1630 3552 solute
1652 3494 1782 3552 bacris
1800 3493 1850 3548 ruci
1899 3487 1901 3554 i

507 3597 571 3638 sum
595 3581 749 3658 sollicitus,
773 3585 822 3657 qui
846 3599 892 3638 me
915 3585 976 3641 scio
1002 3583 1057 3642 Dei
1080 3586 1219 3642 creatoris
1242 3583 1345 3643 honori
1370 3581 1553 3659 propalando
1576 3580 1761 3638 destinatum
1785 3596 1850 3637 esse.
1899 3591 1901 3658 t

586 3667 643 3726 ¹dd
668 3667 803 3727 XXVII.
834 3686 896 3728 seu
921 3670 1223 3746 complementum
1253 3673 1387 3729 hermeri
1418 3669 1631 3744 analyseon.
1678 3667 1740 3726 Per
1765 3667 1851 3725 lleum
1899 3677 1901 3738 ς

505 3755 697 3813 immortalem
721 3764 749 3815 te
772 3773 852 3832 rogo,
877 3757 1027 3816 abstineas
1049 3776 1168 3817 manum
1191 3761 1382 3816 asummario
1399 3759 1495 3834 operis
1511 3759 1567 3816 mei
1587 3755 1756 3826 scribendo,
1780 3753 1850 3828 quod
1899 3759 1901 3810 ἱ

506 3844 605 3900 mitius
634 3842 735 3902 dixero
758 3853 787 3902 te
816 3861 874 3902 rron
899 3845 1075 3920 intelligere,
1106 3847 1240 3920 quamsi
1266 3845 1363 3904 dicam
1384 3835 1423 3903 te¹
1436 3843 1533 3902 studio
1556 3849 1738 3920 pervertere.
1786 3841 1850 3897 hlihi

507 3945 564 3987 uon
590 3939 633 3988 est
656 3930 736 3990 aliud
759 3931 940 3991 harmonice
960 3933 1144 4005 sardicorum,
1174 3949 1262 4007 quam
1287 3933 1348 3990 bini
1371 3932 1513 4006 cuiusque
1537 3931 1709 3988 barmoniae
1733 3928 1849 3987 termini.

504 4017 584 4075 Situs
607 4035 677 4076 vero
699 4017 883 4094 planetarum
905 4021 934 4076 in
959 4020 1041 4078 coelo
1065 4036 1123 4078 nos
1146 4028 1214 4077 sarit
1236 4020 1453 4078 harmoniarum
1475 4035 1606 4077 mearum
1629 4017 1764 4085 termini,
1797 4031 1848 4070 narr

505 4107 592 4174 igitur
622 4105 756 4180 subjecta
783 4095 1008 4166 harmoniarum.
1060 4107 1092 4198 8ιὶ
1121 4124 1191 4166 reru
1228 4106 1265 4166 de
1297 4107 1363 4165 libri
1395 4108 1453 4164 mei
1483 4108 1577 4181 quinti
1610 4104 1848 4162 Harmonieomm

413 4261 416 4266 ¹
504 4192 647 4268 subjecto,
672 4192 701 4249 id
725 4197 913 4252 crematoris
936 4211 988 4252 seu
1011 4195 1158 4272 capitibus
1181 4193 1304 4268 intelligi
1329 4197 1382 4263 ris,
1408 4193 1530 4268 loquere.
1546 4195 1635 4266 igitur
1650 4191 1799 4253 distincte.
1822 4197 1849 4244 ut

505 4295 540 4337 nc
565 4282 593 4336 in
618 4280 748 4338 fraudem
771 4299 866 4339 meam
890 4281 1064 4356 intelligaris
1086 4299 1105 4340 a
1126 4281 1295 4340 lectoribus.
1340 4280 1458 4338 Partem
1479 4284 1556 4340 euim
1580 4278 1711 4354 aliquam
1737 4279 1803 4335 libri
1818 4275 1848 4330 V.

506 4368 576 4425 lacit
599 4366 650 4424 illa
673 4367 839 4426 distributio
863 4370 950 4443 spatii
965 4369 1074 4426 ‘mnndi
1097 4369 1214 4428 mobilis
1237 4370 1312 4428 inter
1333 4367 1477 4443 planetas,
1500 4368 1580 4425 lrreta
1602 4365 1764 4424 secundam
1785 4380 1849 4440 prc-

503 4456 667 4529 portiouem
700 4455 813 4512 orbium
841 4455 1005 4529 figuralium
1035 4457 1288 4531 geometricorum.
1334 4455 1437 4530 Neque
1464 4454 1535 4512 milri
1562 4455 1717 4513 collocatio
1744 4451 1848 4508 Terrae

504 4545 583 4600 inter
611 4541 710 4598 sidero
741 4543 1002 4616 complasmatum*
1024 4552 1067 4602 est
1087 4544 1268 4601 hermoniae
1293 4544 1399 4614 ipsius,
1433 4541 1484 4600 sed
1506 4543 1582 4600 berre
1613 4542 1735 4598 extremi
1757 4547 1847 4595 motus

504 4627 630 4686 Telluris
653 4637 722 4686 sum
744 4627 986 4706 complementum
1015 4633 1128 4688 numeri
1152 4632 1352 4701 terminorum,
1384 4631 1492 4705 quibos
1523 4629 1710 4686 eontinentur
1732 4641 1847 4703 propor-

504 4717 600 4775 tiones
624 4715 811 4775 harmonicae
832 4716 984 4776 coelestes.
1031 4717 1065 4774 ln
1096 4718 1202 4775 sitibus
1223 4717 1408 4792 planetarum
1430 4718 1501 4792 ipsis
1532 4716 1628 4774 nullas
1657 4723 1757 4772 statuo
1780 4729 1846 4770 eou-

504 4805 664 4874 souantiss,
689 4803 794 4861 trustra
814 4805 894 4863 enim
917 4805 973 4873 lui,
1006 4821 1071 4862 cnm
1093 4805 1123 4861 in
1147 4803 1206 4862 illis
1229 4805 1283 4863 hes
1306 4821 1485 4879 quaererem.
1532 4804 1635 4878 Neque
1657 4799 1844 4878 philosopho·

503 4907 565 4948 rum
597 4889 676 4950 diota
705 4898 844 4965 torqueo,
880 4907 945 4951 cum
978 4891 1091 4950 reculis
1121 4898 1187 4950 utar
1217 4891 1390 4950 dubitatis-is
1421 4893 1513 4967 form,
1546 4891 1654 4966 quibus
1687 4890 1779 4948 omnis
1805 4888 1844 4940 ris

504 4985 711 5040 tormentorum
735 4987 892 5037 enervatur
914 4987 944 5038 et
965 4981 1130 5038 remittitur.
1178 4979 1246 5038 'libi
1268 4995 1395 5054 namque
1418 4984 1582 5053 ceterisque
1598 4976 1755 5036 lectoribus
1774 4974 1843 5030 libe-

503 5083 566 5124 rum
589 5063 730 5140 relinquo,
755 5065 950 5140 quideredss
973 5066 1188 5142 Pythagoricos
1210 5068 1358 5124 insinuare
1381 5065 1520 5123 voluisse.
1566 5064 1628 5122 Nec
1651 5081 1699 5123 me
1721 5071 1843 5122 contem·

505 5153 651 5229 plutiones
673 5153 868 5213 harmonicae
885 5153 1000 5213 demum
1023 5153 1213 5225 induxerunt,
1245 5161 1279 5211 ut
1301 5153 1421 5211 Terram
1443 5149 1639 5210 intercidere
1660 5163 1840 5214 numerarem,

502 5240 565 5316 J'am
596 5239 705 5299 dudum
734 5239 790 5302 hoo
819 5239 926 5316 dogma
957 5243 1072 5318 magnis
1105 5241 1253 5318 magistris
1286 5248 1441 5317 acceptum
1471 5238 1551 5314 iero,
1592 5239 1768 5298 macconis
1792 5239 1838 5302 ert,
