4242 6384
421 832 425 844 .
526 782 587 841 100
965 773 1006 829 De
1023 776 1185 846 Figuratum
1202 774 1423 831 Harmonicarum

525 950 660 1020 hexagoni
684 956 713 1007 et
727 948 775 1005 uo
793 949 928 1019 decagoni,
947 950 1000 1005 hoc
1017 956 1060 1005 est
1078 948 1302 1005 semidiametrnm
1321 946 1370 1004 AG
1392 956 1420 1005 et
1437 952 1528 1004 εεειεε
1551 947 1679 1018 majorem
1696 950 1793 1016 partem
1808 945 1844 999 Ao

526 1030 614 1083 sImul.
650 1030 725 1085 Haec
746 1028 939 1085 demonstratio
962 1031 990 1085 in
1008 1030 1122 1085 Euclide
1149 1028 1335 1085 difficultatem
1352 1027 1436 1083 habet
1454 1034 1562 1099 captus3
1586 1026 1696 1082 tcntaho
1720 1024 1796 1093 ig'tur
1814 1022 1846 1077 hic

527 1108 680 1163 faciliorem.
1453 1106 1456 1115 '

607 1190 630 1243 A
649 1188 768 1244 terminis
785 1188 880 1245 lateris
897 1188 1069 1259 pentagonici
1087 1188 1121 1251 B,
1144 1186 1168 1241 D
1188 1186 1323 1241 ducantur
1344 1202 1394 1255 per
1411 1184 1435 1239 A
1454 1190 1575 1241 centrum
1596 1186 1685 1238 rectae
1703 1180 1751 1235 Be
1767 1186 1792 1235 et
1805 1178 1846 1232 Dl:

908 1272 937 1322 et
953 1272 984 1321 ut
1005 1264 1055 1319 DB
1073 1265 1211 1321 subtendit
1233 1262 1273 1333 uh,
1303 1264 1341 1321 sic
1358 1266 1480 1337 proxima
1497 1264 1545 1321 DL
1565 1270 1622 1319 tres
1640 1268 1667 1316 et
1683 1260 1734 1314 DII
1753 1266 1848 1329 quatuor

661 1330 711 1381 ΠΙ·
727 1330 759 1373 ¹⁴¹
908 1343 1055 1407 subtendit,
1080 1352 1203 1399 secantes
1220 1340 1268 1397 BG
1287 1346 1314 1403 iu
1327 1346 1353 1417 s,
1372 1345 1397 1399 R
1413 1344 1529 1414 punctis.
1565 1342 1649 1412 Igitur
1661 1340 1724 1395 LDI
1745 1336 1848 1404 nugulli

705 1424 725 1463 Β
910 1421 938 1477 id
956 1429 998 1477 εει
1015 1422 1092 1490 SDA,
1111 1424 1194 1480 habet
1211 1426 1226 1499 ζ
1247 1428 1326 1485 unius
1343 1426 1423 1493 recti,
1445 1422 1508 1495 quia
1525 1420 1563 1474 LI
1580 1429 1623 1476 εει
1640 1422 1657 1493 l
1675 1416 1777 1482 circuD,
1794 1414 1850 1467 sicut

644 1471 826 1589 W
910 1502 1006 1584 etFH,
1024 1508 1053 1555 ει
1070 1518 1133 1556 vcro
1151 1508 1308 1575 aequalibus
1327 1505 1443 1561 arcubus
1462 1499 1553 1571 anguli
1571 1498 1606 1553 ad
1627 1492 1849 1553 circumferentiam

599 1617 618 1647 s
659 1616 662 1620 ²
760 1569 869 1674 ἔδει(
909 1579 1039 1632 insistunt
1056 1582 1183 1649 aequales
1201 1584 1348 1653 (Duellll.
1368 1582 1411 1639 21.
1430 1580 1491 1649 27.).
1527 1578 1579 1633 Εει
1598 1594 1662 1635 vero
1681 1576 1760 1644 DAB,
1778 1574 1850 1627 idest

677 1659 679 1662 '
779 1645 848 1732 7·
910 1658 979 1713 DAS
997 1660 1014 1733 ᾗ
1032 1660 1113 1715 uuiue
1131 1662 1212 1733 recti,
1232 1664 1296 1733 qnia
1313 1662 1361 1718 DB
1379 1676 1442 1731 pars
1461 1658 1556 1729 quinta
1574 1664 1617 1713 est
1634 1654 1739 1724 circuII,
1760 1664 1850 1706 mensu·

783 1742 793 1801 ζ
847 1721 850 1748 ’
909 1736 996 1791 rantis
1014 1726 1130 1805 quatuor
1147 1750 1235 1797 rectos
1254 1742 1326 1797 ciuca
1342 1742 1382 1807 A,
1407 1738 1494 1809 iuncti
1512 1736 1594 1807 igitur
1612 1736 1696 1802 SAD,
1714 1732 1782 1787 ADS
1799 1738 1852 1784 suut

826 1821 860 1865 *1
910 1816 1025 1887 ,iunius
1042 1818 1118 1873 recti.
1155 1821 1301 1881 Atomnes
1326 1827 1382 1875 tres
1401 1825 1465 1875 suut
1486 1818 1523 1891 ¹3⁰,
1543 1816 1614 1883 'ergo
1634 1813 1715 1869 etiam
1743 1810 1849 1865 residuus

613 1893 649 1975 Q!
786 1935 790 1956 ,
909 1894 980 1949 DSA
999 1902 1041 1951 est
1058 1898 1082 1967 g.
1118 1898 1170 1953 Est
1187 1898 1269 1967 igitur
1286 1898 1356 1955 DSA
1374 1898 1496 1967 aequalis
1513 1896 1566 1967 ipsi
1585 1894 1668 1962 DAS,
1696 1892 1768 1946 latus
1784 1890 1851 1957 igitur

617 1978 633 2020 F
654 1970 775 2022 'ula-²
791 1979 811 2017 ¹¹
910 1974 957 2031 DS
977 1975 1092 2041 aequale
1110 1984 1152 2031 est
1169 1977 1245 2033 lateri
1259 1980 1309 2034 DA
1328 1974 1533 2035 semidiametro.
1564 1972 1637 2043 Ergo
1656 1969 1849 2040 perprimo,

909 2051 1069 2105 midlemetri
1081 2054 1131 2107 DA
1149 2054 1386 2123 proportionaliter
1403 2059 1494 2109 sectae
1511 2068 1575 2123 pars
1593 2051 1679 2121 major
1697 2054 1794 2119 aequm
1808 2042 1850 2113 SA

519 2136 562 2186 est
578 2130 661 2197 igitur
677 2130 721 2185 SA
740 2130 860 2201 aequalis
880 2130 959 2187 lateri
978 2132 1121 2201 decagoni,
1139 2150 1189 2203 per
1208 2134 1285 2193 dieta.
1322 2136 1368 2189 Et'
1377 2134 1425 2189 DA
1445 2138 1488 2188 est
1506 2130 1713 2195 semidirutam,
1737 2126 1806 2180 latus
1822 2136 1851 2176 ac.

518 2208 662 2277 hexagoni.
683 2259 687 2272 ,
1558 2236 1561 2243 ·

604 2287 682 2356 Dieo,
701 2285 772 2343 latus
784 2288 931 2357 pentagoni
943 2288 992 2342 DB
1005 2294 1239 2359 pusseutrnmqne
1253 2298 1278 2345 et
1291 2290 1333 2345 SA
1354 2298 1381 2347 et
1393 2290 1450 2345 AD.
1489 2288 1617 2343 connexo
1635 2284 1708 2339 enim
1726 2287 1747 2335 li
1767 2279 1850 2335 cumS

518 2372 547 2421 et
565 2382 626 2422 cum
644 2366 759 2437 A„quia
775 2366 838 2435 DA,
857 2366 908 2421 ΑΚ
926 2374 990 2421 sunt
1007 2368 1150 2439 aequales,
1170 2377 1197 2424 et
1213 2370 1273 2425 DS.
1293 2370 1338 2425 ΒΚ
1357 2368 1450 2424 iisdem
1470 2366 1612 2443 aequales,
1632 2370 1712 2421 eruut
1730 2369 1757 2417 et
1773 2366 1850 2431 partes

518 2446 571 2515 SB,
589 2446 639 2501 BA
657 2445 800 2514 aequales,
819 2452 847 2499 et
864 2446 938 2501 DBB
961 2454 1051 2501 rectus
1071 2454 1121 2503 est.
1157 2449 1231 2518 Ergo
1250 2448 1297 2503 DB
1316 2454 1408 2518 potest
1425 2446 1488 2515 Dli,
1515 2446 1572 2499 RB.
1608 2443 1692 2513 Atqui
1709 2442 1760 2497 Dli
1776 2442 1850 2495 miuus

517 2533 610 2597 potest
625 2520 707 2595 quam
725 2527 775 2580 DA
795 2526 947 2593 quantitate
964 2526 1103 2597 potentiae
1120 2528 1184 2593 BA,
1212 2534 1239 2582 ct
1257 2528 1306 2583 lili
1324 2528 1411 2583 miuus
1434 2532 1526 2595 potest
1544 2540 1624 2592 qnam
1643 2524 1691 2577 BA
1715 2522 1851 2591 quantitate

518 2612 546 2659 et
563 2604 711 2674 rectanguli
728 2604 780 2659 sub
797 2605 855 2672 BD,
874 2604 924 2658 RA
941 2605 997 2673 his,
1017 2612 1046 2659 et
1063 2606 1201 2675 potentiae
1219 2605 1304 2674 ipsius
1322 2606 1370 2659 BA
1385 2602 1548 2672 junctorum.
1582 2602 1700 2657 Juucuc
1717 2600 1798 2669 igitur
1813 2614 1850 2667 po

516 2682 617 2748 tentiae
631 2682 697 2750 DR,
729 2682 778 2737 RB
794 2682 912 2736 minoren
931 2689 994 2737 suut
1008 2684 1111 2751 junctis
1129 2685 1257 2753 potentiis
1275 2684 1337 2754 DA,
1356 2678 1404 2738 AB
1426 2680 1583 2750 metangulo
1601 2682 1652 2736 sub
1670 2680 1730 2751 RA,
1748 2680 1793 2734 AB
1810 2676 1850 2740 bis

516 2760 570 2815 hoc
589 2768 631 2817 cst
647 2761 804 2830 rectangnlo
824 2764 875 2818 suh
888 2762 940 2830 SA,
959 2762 1007 2817 AB
1027 2761 1118 2817 semel.
1154 2763 1237 2833 Atqui
1255 2758 1309 2817 duo
1328 2762 1486 2833 rectangula
1503 2766 1552 2816 sub
1572 2760 1624 2829 SA,
1635 2760 1684 2814 AB
1702 2766 1732 2815 et
1749 2757 1796 2814 suh
1808 2754 1849 2819 SB,

515 2840 565 2894 BA
584 2841 753 2895 constituunt
770 2848 858 2908 totum
877 2842 1038 2909 quadratum
1051 2844 1106 2897 BA.
1144 2842 1243 2897 Ablato
1261 2856 1325 2913 ergo
1343 2841 1498 2911 rectangulo
1517 2840 1567 2895 sub
1585 2840 1640 2909 SA,
1659 2839 1718 2908 AB,
1736 2832 1849 2902 relhrqui·

515 2924 561 2973 tur
588 2918 748 2987 quadratum
770 2920 857 2989 Ipsius
874 2921 926 2975 DA
952 2928 980 2974 et
1002 2920 1187 2989 rectaugulnm
1213 2921 1265 2975 suh
1284 2920 1341 2991 SB,
1366 2920 1425 2986 BA,
1448 2922 1598 2990 junctaque
1625 2924 1777 2988 aequantur
1793 2926 1849 2982 qut·

517 2998 594 3053 drato
612 3000 668 3053 DB.
705 3000 772 3054 Cum
789 2984 853 3053 νεεδ
872 3000 920 3053 BA
937 2998 1135 3053 semidiameter
1161 2999 1197 3053 sit
1213 2999 1449 3069 proportionaliter
1466 3006 1542 3055 secta
1567 2999 1594 3054 lu
1613 2998 1632 3053 S
1650 3006 1678 3052 et
1694 3012 1759 3067 pars
1776 2994 1849 3061 maior

517 3076 573 3132 AS:
591 3076 779 3146 rectaugulum
797 3077 880 3145 igitur
897 3077 949 3146 SA,
968 3078 1016 3132 BA
1034 3084 1077 3132 est
1094 3078 1206 3147 aequale
1225 3078 1357 3147 quadrato
1377 3078 1428 3133 SA.
1464 3078 1538 3147 Ergo
1556 3077 1627 3133 latus
1650 3074 1795 3147 pentagoni
1810 3086 1849 3145 po-

516 3160 572 3209 test
590 3156 643 3210 duo
662 3154 794 3223 quadrata
811 3155 861 3209 DA
880 3160 908 3208 ct
924 3154 976 3219 AS.
993 3155 1108 3211 laterum
1127 3154 1231 3215 scilicet
1248 3154 1383 3228 hexagoni
1401 3164 1429 3213 et
1447 3158 1612 3229 decagoniil

603 3234 682 3302 Quod
708 3234 805 3289 attinet
822 3233 918 3289 stellae
942 3236 1137 3304 pentagonicae
1162 3235 1234 3291 latus
1251 3236 1311 3305 BF,
1338 3237 1405 3293 illud
1432 3244 1474 3293 εει
1492 3238 1671 3307 compositum
1698 3251 1732 3291 er
1751 3234 1798 3290 BD
1814 3226 1848 3283 uel

516 3314 572 3383 Π,
590 3312 675 3368 latere
692 3314 848 3384 pentagoni,
866 3320 894 3367 et
912 3329 946 3368 ex
963 3312 1018 3381 BT,
1038 3314 1096 3382 ejus
1116 3316 1182 3370 secti
1199 3316 1437 3385 proportionaliter
1457 3323 1534 3386 parte
1551 3316 1659 3385 majori,
1684 3330 1736 3385 per
1751 3309 1849 3375 XIII&

516 3392 589 3461 quod
607 3390 679 3446 idem
697 3392 777 3447 etiam
795 3391 904 3461 probari
921 3399 1066 3459 potenter
1084 3392 1218 3462 triangulo
1238 3394 1462 3465 quinquangulari
1480 3392 1565 3463 ΕΒΗ,
1584 3402 1723 3465 utsupra.

603 3472 670 3527 cum
687 3472 770 3542 igitur
786 3472 859 3527 latus
877 3472 1023 3541 pentagoni
1041 3472 1128 3539 possit
1146 3472 1384 3539 semidIamctrum,
1403 3488 1473 3543 qnae
1491 3481 1533 3529 εει
1553 3472 1666 3529 effabilis
1684 3470 1849 3543 longitudine

514 3556 543 3605 et
560 3549 619 3619 eJns
638 3558 728 3605 sectae
746 3550 983 3620 proportionaliter
1001 3557 1106 3620 partem
1124 3552 1269 3623 majorem,
1294 3558 1325 3609 ut
1341 3552 1368 3606 in
1387 3551 1523 3607 schemate
1541 3551 1690 3621 praemisso
1708 3549 1850 3605 semicircu-

515 3620 566 3683 lari
580 3629 619 3698 (Sl
631 3628 678 3683 PG
694 3634 785 3697 potest
796 3628 843 3682 ΡΑ
861 3635 889 3683 ει
900 3630 957 3699 AG,
977 3635 1004 3683 et
1021 3635 1052 3684 ut
1064 3628 1110 3684 PA
1129 3631 1222 3686 estad
1240 3630 1296 3695 AG,
1315 3633 1354 3687 sit
1371 3632 1407 3686 sit
1423 3630 1470 3685 PG
1487 3630 1559 3685 latus
1576 3630 1722 3699 pentagoni
1739 3630 1773 3685 ad
1789 3628 1851 3681 latus

515 3722 582 3763 suae
600 3706 706 3775 stellae,
733 3707 769 3761 sit
785 3722 849 3760 vero
869 3714 902 3777 ut
916 3708 962 3762 ΡΑ
979 3706 1014 3761 ad
1032 3708 1095 3777 AG,
1117 3709 1156 3763 sio
1172 3708 1220 3765 PG
1238 3710 1272 3765 ad
1290 3708 1352 3765 GX:
1377 3720 1445 3777 ergo·
1460 3710 1509 3764 (ill
1526 3714 1570 3763 εει
1588 3707 1655 3762 illud
1674 3704 1747 3763 latus
1764 3704 1850 3763 stellae

514 3792 659 3857 potestque
677 3794 705 3842 et
724 3786 772 3841 GA
791 3786 1023 3850 semidiametrum,
1037 3786 1131 3841 circuli
1150 3788 1221 3843 circa
1238 3788 1351 3857 figuram
1369 3786 1551 3855 decangulam,
1570 3793 1598 3841 et
1613 3786 1665 3841 Ax
1684 3784 1850 3857 compositam

516 3881 551 3921 ex
568 3866 616 3922 ΡΑ
634 3873 662 3922 ει
679 3866 755 3923 Διὶ,
774 3866 864 3933 Quare
881 3882 931 3937 per
948 3864 985 3919 ibi
1003 3866 1188 3922 demonstrata
1206 3866 1256 3922 ΟΧ
1274 3874 1316 3923 εει
1333 3868 1427 3937 mizon,
1450 3866 1495 3921 GP
1514 3866 1630 3921 elassou.
1668 3866 1794 3936 Singulae
1810 3861 1850 3931 igi·

514 3950 560 3999 tur
578 3944 686 3999 suntin
704 3950 799 3999 octavo
818 3945 904 4013 gradu
922 3944 1051 4000 solentino
1070 3944 1182 4013 ejusque
1201 3947 1318 4002 secundo
1338 3944 1438 4001 ordine.
1476 3946 1546 4013 Quin
1563 3960 1626 4000 vero
1644 3946 1756 4014 junctae
1771 3946 1850 4000 liuere

513 4020 570 4088 PG,
588 4022 638 4077 GX
655 4022 758 4077 iaciunt
775 4022 966 4091 quadratorum
984 4038 1114 4078 summam
1134 4022 1276 4091 affabilem,
1294 4021 1331 4081 so.
1351 4022 1491 4093 aequalem
1507 4022 1638 4091 quadrato
1651 4024 1707 4091 PX,
1726 4024 1798 4095 quod
1815 4026 1851 4075 εει

513 4102 597 4171 ἱρεῖαι
611 4102 658 4156 GA
678 4101 792 4156 effabilis
810 4102 935 4170 quadrati
952 4101 1133 4171 quintuplum,
1153 4102 1317 4171 eaedemque
1330 4104 1385 4173 PG,
1405 4104 1455 4159 GX
1472 4103 1658 4173 rectaugulum
1676 4103 1793 4159 lornant
1804 4114 1850 4154 me

512 4192 577 4233 son:
595 4179 648 4235 hoc
665 4181 773 4234 nomino
786 4180 900 4248 junctae
916 4181 972 4246 PG,
990 4181 1041 4236 ΘΧ
1058 4181 1167 4236 suntin
1185 4183 1270 4251 gradu
1288 4182 1417 4239 scientiae
1435 4189 1523 4253 sexto,
1542 4180 1575 4237 de
1594 4199 1647 4251 quo
1660 4188 1702 4237 est
1722 4184 1763 4239 18.
1782 4192 1849 4251 prae

511 4257 602 4311 missa
636 4258 761 4326 Denique
783 4259 847 4327 quin
863 4259 935 4315 latus
953 4260 1101 4327 pentagoni
1128 4266 1155 4313 et
1173 4259 1245 4315 latus
1273 4260 1368 4317 stellae
1391 4270 1455 4319 sunt
1475 4267 1505 4319 ut
1521 4262 1651 4316 sectionis
1669 4260 1776 4318 divinae
1792 4269 1848 4329 pars

512 4336 600 4404 major
616 4340 645 4389 et
661 4342 734 4400 tota,
758 4335 820 4390 ideo
837 4344 901 4391 sunt
919 4337 1000 4391 etiam
1024 4338 1052 4391 in
1070 4337 1156 4405 gradu
1174 4338 1303 4393 scientiae
1321 4346 1432 4411 quarto,
1456 4342 1569 4412 junctae
1594 4342 1706 4399 invicem
1724 4340 1797 4412 (ride
1813 4338 1849 4391 ii.

510 4414 616 4483 hujus).
654 4414 833 4481 Consequitur
859 4421 950 4469 auum
967 4416 1017 4470 has
1035 4416 1229 4485 proprietates,
1256 4424 1287 4471 ut
1313 4420 1383 4473 sicut
1404 4419 1551 4490 pentagoni
1577 4418 1647 4475 latus
1674 4427 1717 4476 est
1743 4420 1849 4476 Aaron

512 4492 609 4548 stellae
625 4490 723 4559 miron,
741 4492 780 4547 sic
798 4492 880 4547 etiam
897 4495 1047 4563 composita
1065 4510 1099 4549 ex
1118 4502 1233 4564 utroque
1252 4496 1288 4551 sit
1304 4496 1400 4553 iterum
1415 4499 1512 4567 mizon,
1530 4504 1558 4553 et
1574 4497 1646 4553 latur
1658 4496 1803 4567 pentagoni
1818 4490 1849 4547 sii

511 4570 594 4640 hujus
605 4564 780 4640 composilae,
798 4578 829 4626 ut
845 4572 966 4643 mironis,
985 4573 1147 4631 elementum
1164 4576 1261 4641 miuus,
1277 4576 1350 4633 latus
1368 4593 1431 4633 roro
1444 4577 1540 4633 stellae
1558 4577 1594 4631 sit
1610 4574 1684 4631 illius
1697 4573 1847 4629 elementum

512 4650 614 4719 maJus3
632 4654 660 4703 et
676 4656 708 4704 ut
725 4649 806 4705 etiam
824 4650 976 4708 differentia
992 4654 1065 4709 inter
1087 4660 1230 4723 utrumque
1248 4655 1320 4713 latus
1338 4658 1374 4718 sit
1392 4656 1484 4726 ahqua
1496 4656 1612 4723 olassou,
1630 4655 1734 4711 sollicet
1745 4654 1794 4721 DQ
1811 4644 1847 4703 vel

512 4728 573 4797 QF,
591 4743 642 4797 per
659 4726 773 4783 eandem
790 4728 833 4784 29.
852 4730 943 4799 hunius.

596 4818 711 4879 XLIII.
735 4818 971 4897 Propositio.
1016 4823 1111 4883 Plana
1144 4810 1284 4902 decagoni
1315 4831 1345 4885 et
1370 4826 1528 4902 pentagoni
1556 4822 1665 4885 cadunt
1693 4824 1722 4882 iu
1750 4819 1847 4901 'gradm

512 4906 652 4967 scientiae
674 4909 861 4982 remotiores,
890 4916 922 4967 ut
952 4917 982 4969 ει
1003 4910 1081 4971 latus
1104 4913 1246 4987 icosigoni
1269 4918 1298 4971 ει
1320 4912 1434 4988 reliqua
1456 4912 1543 4989 hujus
1566 4912 1668 4972 classis
1689 4912 1845 4989 figurarum.

596 4989 667 5043 Nam
683 4989 755 5045 latus
772 4992 919 5059 pentagoni
930 4992 981 5046 ΕΗ
998 4993 1056 5063 (fig.
1075 4994 1123 5062 13)
1142 4994 1251 5049 ductum
1269 4994 1297 5049 ln
1307 4994 1352 5049 All
1370 4994 1556 5063 iacitduplum
1567 4994 1651 5064 ΕΔΗ,
1670 4994 1779 5063 quintae
1791 5003 1843 5059 par·

511 5065 546 5121 tis
564 5081 643 5121 meae
660 5068 862 5135 pentagonicae.
897 5070 950 5123 Bet
968 5086 1031 5125 rero
1048 5072 1099 5125 ΕΗ
1119 5071 1238 5139 elassou,
1267 5078 1295 5127 et
1313 5072 1363 5127 AN
1389 5078 1431 5127 est
1449 5072 1525 5141 tolia,
1553 5088 1622 5141 quae
1640 5080 1731 5143 potest
1747 5062 1845 5126 effabile

511 5144 568 5215 AF,
587 5144 745 5200 dIminutum
762 5147 884 5215 potentia
901 5144 1032 5205 elassonis
1049 5150 1107 5206 FN.
1144 5151 1173 5205 Si
1190 5158 1288 5217 autem,
1307 5150 1379 5220 quod
1399 5152 1493 5206 catab
1512 5150 1643 5217 classone,
1665 5149 1801 5205 auferatur
1816 5140 1845 5195 ab

511 5238 557 5293 eo,
585 5224 658 5293 quod
676 5232 719 5279 est
735 5223 769 5277 ab
787 5222 896 5294 etiabffi,
922 5223 1084 5296 relinquitur
1102 5242 1172 5284 nora
1190 5228 1294 5299 species
1314 5230 1415 5299 lineae,
1444 5242 1514 5297 quae
1531 5234 1623 5300 potest
1638 5227 1694 5283 tale
1708 5227 1842 5283 residuum.
