4242 6384
462 721 503 782 ἰο
838 711 983 784 Epistolas
1000 712 1113 788 Kspleri
1128 713 1295 783 aliorumque
1311 718 1422 770 ιιιιιιι

459 897 600 958 terminos
623 893 774 973 explicem.
803 894 850 956 'Pu
873 895 1010 970 vicissim,
1033 891 1086 953 ubl
1107 907 1159 954 eos
1180 908 1248 953 mea
1269 907 1358 969 opera
1378 891 1523 966 didicerh,
1545 907 1672 952 meeum
1695 891 1827 950 incon·

460 982 680 1062 templationem
702 982 853 1043 incumbes
875 978 1120 1060 metaphysloam,
1151 980 1198 1040 cui
1218 981 1393 1054 geometrica
1414 982 1471 1040 ista
1492 979 1673 1040 famuletur.
1720 975 1828 1038 Nodos
1899 988 1900 1061 ἐ

460 1072 574 1132 solutus
597 1077 642 1131 eet
663 1067 854 1130 Harmonices
881 1067 955 1129 libro
977 1067 1015 1128 V.
1039 1069 1070 1126 in
1091 1083 1182 1144 marg.
1211 1065 1275 1126 iolii
1297 1065 1369 1126 tle.
1386 1077 1449 1136 (cap.
1467 1072 1511 1124 lx.
1529 1087 1616 1136 propr.
1642 1067 1702 1138 12).
1749 1063 1828 1124 Nam
1899 1064 1901 1145 ζ

460 1160 535 1220 inter
558 1174 748 1236 quascunque
772 1157 844 1218 duas
867 1157 1046 1233 quantitates
1069 1162 1114 1216 est
1135 1155 1293 1234 proportio,
1317 1155 1379 1213 sive
1401 1151 1523 1213 sensiles
1545 1151 1594 1216 rol
1620 1151 1738 1230 quasi,
1761 1153 1828 1211 aive

460 1245 618 1322 mentales,
642 1244 707 1306 dico
730 1243 779 1306 vel
801 1245 894 1320 quasi,
917 1251 950 1304 ut
972 1241 1046 1304 duas
1068 1242 1170 1315 lineas,
1194 1239 1465 1319 duaaenperboies,
1489 1237 1547 1300 duo
1570 1255 1726 1318 corpora,
1751 1235 1828 1300 duos

461 1335 549 1394 etiam
572 1349 721 1407 numeros,
754 1333 825 1409 quia
847 1333 876 1389 in
899 1338 1040 1410 qnantum
1061 1332 1084 1390 ii
1105 1330 1474 1406 comparantur-invicem,
1503 1328 1636 1388 unitates
1667 1333 1829 1405 ponuntur
1899 1382 1900 1407 ,

459 1421 566 1482 habere
588 1423 662 1479 inter
684 1435 716 1479 ιι
731 1419 880 1497 aequales,
903 1425 937 1480 ut
957 1419 1059 1478 lineas.
1089 1416 1148 1477 Hic
1162 1417 1258 1494 igitur,
1282 1432 1347 1491 cum
1364 1412 1430 1476 dico
1445 1416 1670 1494 proportionem
1688 1411 1827 1494 duplam,

458 1508 585 1588 triplam,
607 1505 801 1586 sesquiplam,
828 1523 886 1568 vox
908 1508 1056 1586 proportio
1084 1503 1175 1566 babet
1195 1518 1313 1564 sensnm
1334 1501 1500 1565 absolutum
1528 1509 1558 1564 et
1578 1501 1612 1564 st
1632 1501 1709 1579 jam
1733 1503 1829 1562 etiam

459 1597 525 1675 ipsa
547 1597 696 1674 quantitas
719 1595 820 1671 aliqua
838 1589 871 1653 'in
895 1593 1038 1654 inlinitum
1060 1591 1193 1667 dividua,
1216 1590 1268 1652 sed
1289 1591 1364 1653 haec
1386 1590 1534 1668 quantitas
1556 1596 1601 1652 est
1622 1587 1702 1652 sola
1720 1594 1828 1650 mente
1899 1604 1900 1615 ¹

460 1680 737 1762 comprehensibilis,
769 1697 919 1758 nunquam
941 1699 1045 1756 sensu,
1074 1698 1112 1740 ue
1142 1682 1170 1738 in
1193 1679 1315 1740 materia
1335 1673 1464 1754 quidem.
1509 1676 1585 1738 Cum
1605 1679 1708 1756 igitur
1732 1677 1826 1736 etiam

459 1769 692 1840 haccabsoluta
722 1772 871 1848 proportio
899 1771 937 1828 sit
965 1769 1066 1845 aliqua
1096 1769 1261 1844 quantitas,
1289 1767 1436 1844 accipiens
1458 1760 1554 1842 majus
1577 1771 1607 1826 ιι
1628 1765 1758 1823 miuus:
1783 1762 1826 1832 lit,
1899 1766 1900 1789 ³

459 1865 492 1918 ut
514 1858 603 1918 etiam
625 1853 702 1916 duae
724 1855 797 1918 tales
820 1858 1022 1941 proportiones
1044 1857 1118 1916 inter
1139 1872 1172 1914 ee
1193 1855 1305 1934 possint
1327 1853 1504 1932 comparari,
1525 1851 1594 1912 hinc
1615 1852 1729 1912 existit
1751 1867 1826 1928 pro·
1899 1848 1900 1851 ’

459 1945 554 2024 portio
577 1945 799 2022 proportionum
821 1951 850 2006 et
872 1943 908 2006 de
928 1943 984 2004 hee
1004 1943 1111 2022 loquor
1133 1959 1188 2020 ego
1209 1941 1276 2002 loco
1299 1939 1437 2018 allegato.
1471 1942 1553 2009 (Quas
1577 1950 1732 2012 sequuntur
1756 1946 1825 1994 reta·
1899 1940 1900 1969 l

449 2039 537 2090 ·reuda
554 2042 614 2088 eunt
631 2038 664 2086 ad
682 2037 830 2100 Epltcmen.)
1410 2022 1423 2050 ⁶

547 2113 583 2200 3)
607 2117 722 2177 Musica
737 2115 871 2178 coelestis
887 2134 945 2176 non
960 2135 996 2178 er
1011 2117 1092 2196 praxi
1107 2115 1229 2176 cauendi
1243 2115 1363 2194 ιςιιοιιί
1378 2113 1472 2190 debet,
1495 2111 1548 2174 sed
1563 2129 1598 2173 ex
1612 2111 1750 2188 theoria,
1775 2114 1823 2174 cui

459 2205 562 2266 musici
584 2206 650 2264 soni
679 2209 708 2264 et
736 2203 882 2264 distinctio
904 2221 1042 2282 generum
1065 2212 1170 2264 cantus
1198 2203 1262 2263 duri
1290 2210 1320 2264 et
1341 2201 1438 2262 mollis
1460 2203 1621 2262 innituntur
1643 2207 1678 2263 et
1701 2199 1821 2264 sufficit
1898 2236 1901 2253 ι

459 2283 688 2352 monochordum
709 2293 753 2350 sic
775 2289 917 2370 divisum,
948 2298 981 2350 ιιι
1001 2291 1077 2350 libro
1099 2289 1154 2352 III.
1178 2289 1316 2352 dividitur
1336 2289 1428 2352 semel
1448 2291 1479 2350 iu
1503 2292 1539 2360 i,
1568 2287 1707 2349 secundo
1732 2290 1765 2346 in
1791 2289 1821 2366 3,

459 2382 545 2440 tertio
568 2375 598 2462 in
621 2381 650 2454 4,
675 2386 778 2456 quarto
801 2381 830 2436 in
855 2381 883 2454 5,
907 2379 1008 2455 quinto
1030 2379 1060 2436 iu
1085 2379 1113 2452 6,
1137 2375 1167 2436 id
1189 2385 1235 2438 ιιι
1256 2395 1308 2457 pro
1331 2372 1500 2438 omnibusb
1523 2374 1637 2436 viribus
1660 2374 1767 2437 semel
1790 2376 1821 2432 in
1899 2374 1901 2419 ἱ

462 2467 517 2527 6οι
542 2473 574 2526 ιι
596 2465 707 2526 scilicet
730 2483 766 2525 ex
788 2465 953 2545 pulsatione
976 2467 1067 2526 totins
1090 2473 1119 2526 et
1134 2465 1260 2543 partiunt
1280 2459 1459 2544 singuluum
1480 2463 1649 2526 harmonica
1675 2471 1821 2527 ιοιιιιιι-

460 2557 572 2634 peratlo
595 2555 709 2614 aurium
728 2551 841 2630 judicio
865 2553 1046 2634 comprobari
1067 2554 1170 2633 possit

550 2642 711 2720 Apotomas
726 2648 756 2702 et
768 2641 908 2716 binomia,
932 2658 949 2701 o
972 2641 1057 2717 bone,
1079 2641 1187 2702 frustm
1207 2642 1238 2700 in
1259 2639 1347 2701 rebus
1368 2639 1522 2701 senadihns
1536 2655 1701 2715 agnoscere
1724 2637 1819 2700 labo-

460 2745 523 2806 ras3
545 2728 603 2789 boc
628 2730 704 2787 enim
726 2728 845 2808 perinde
868 2735 920 2802 est,
944 2745 980 2788 ac
1002 2730 1027 2788 ei
1050 2741 1217 2797 enumerare
1231 2729 1373 2802 nitereris,
1396 2744 1471 2804 quae
1486 2732 1555 2786 eunt
1568 2726 1817 2803 innumerabilia

460 2815 538 2878 Sane
561 2817 667 2876 sentire
691 2813 766 2886 elice
787 2818 973 2894 quantitatis,
1002 2822 1048 2876 est
1069 2817 1133 2893 ejus
1155 2818 1281 2876 unitates
1303 2812 1517 2892 quodmodo
1540 2831 1731 2890 enumerem,
1763 2819 1818 2874 aut

459 2921 519 2963 non
543 2905 684 2966 sentietur
706 2925 739 2964 τι
763 2901 852 2978 eldea,
883 2902 936 2964 ssd
965 2902 1060 2963 solum
1089 2903 1240 2964 materiale
1270 2903 1449 2980 quantitatis.
1493 2901 1659 2990 Apotpmae
1683 2909 1718 2964 et
1740 2901 1817 2962 talia

461 2997 530 3050 snut
551 2989 721 3064 ineffabilia,
744 2987 854 3070 ἀλογα,
883 2999 966 3050 muta
987 3007 1081 3067 eoque
1103 2999 1133 3051 et
1155 2987 1304 3054 insensilia
1326 2989 1447 3066 solaque
1468 2998 1565 3051 mente
1587 2989 1815 3070 comprehensi·

460 3075 533 3136 bilia
555 3083 583 3136 et
605 3075 662 3136 hoc
683 3079 799 3136 nomine
823 3079 940 3137 omnino
964 3079 1078 3156 lopiac,
1102 3085 1202 3137 eontra
1224 3093 1313 3154 quam
1334 3075 1412 3136 latus
1435 3077 1601 3157 septanguli
1623 3083 1700 3154 ete,
1727 3073 1815 3154 quod

460 3179 519 3223 nou
543 3169 656 3222 tantum
678 3179 737 3222 non
759 3165 921 3236 enunciari,
952 3161 1003 3223 sed
1026 3181 1063 3225 ne
1085 3171 1181 3226 mente
1202 3162 1320 3243 quidem
1342 3163 1546 3244 comprehendi
1569 3171 1685 3246 potest,
1717 3181 1813 3243 quam
1896 3166 1900 3247 f

459 3247 582 3327 longum
603 3252 642 3310 sit
664 3267 741 3311 nexu
762 3249 863 3329 aliquo
887 3269 923 3312 ex
945 3251 1087 3312 diametro
1111 3252 1210 3314 circuli
1231 3249 1370 3330 pendens.
1414 3251 1534 3314 Rectius
1557 3251 1698 3328 dixisses,
1729 3253 1812 3314 latus
1899 3296 1900 3301 ι

460 3329 626 3416 septanguli
648 3355 713 3398 esse
735 3355 794 3398 uon
816 3345 929 3400 tautum
951 3337 1240 3400 incommensurabile
1262 3339 1419 3416 diametro,
1450 3339 1502 3399 sed
1525 3341 1552 3399 ei
1580 3337 1667 3418 plane
1690 3341 1813 3401 iucom-
1899 3383 1901 3413 ,

459 3423 652 3494 municahile,
681 3441 777 3502 neque
808 3426 896 3486 effatu
925 3443 1020 3504 neque
1049 3425 1216 3491 delinitione
1244 3425 1373 3488 mentali.
1417 3425 1480 3486 Etsi
1502 3443 1618 3506 propos.
1643 3427 1696 3489 45.
1721 3425 1811 3506 primi

460 3509 654 3572 Harmonices
677 3513 816 3592 probavi,
846 3530 884 3574 ne
911 3511 992 3574 illam
1015 3512 1133 3592 quidem
1156 3515 1460 3584 communicationem,
1490 3531 1566 3591 quae
1595 3520 1640 3575 est
1660 3513 1811 3576 linearum

459 3600 697 3677 septangularum
719 3601 840 3661 seorsim
862 3602 937 3662 inter
959 3619 1008 3670 se,
1031 3601 1163 3662 sulficere
1185 3600 1223 3660 ad
1246 3599 1470 3662 conshuendum
1493 3601 1700 3680 septangulnm
1724 3608 1811 3664 extra

460 3687 613 3746 circulum:
644 3693 687 3775 ιι1
703 3689 745 3748 eic
774 3687 856 3748 nulla
884 3687 936 3750 fiat
957 3689 1064 3766 injuria
1085 3687 1275 3767 septangulo,
1306 3690 1332 3748 si
1360 3704 1419 3748 non
1446 3696 1560 3752 annm
1587 3688 1736 3750 adimatur
1765 3686 1810 3747 illi

460 3775 684 3834 communicatio
708 3791 773 3834 cum
797 3775 948 3850 diametro,
971 3774 1024 3836 sed
1046 3777 1135 3837 etiam
1156 3777 1249 3837 omnis
1272 3775 1390 3836 omniuo
1406 3777 1500 3854 loyaaq
1522 3794 1575 3836 sen
1596 3777 1735 3838 mentalis
1758 3791 1809 3836 es·

459 3863 564 3932 sentia,
588 3869 670 3924 extra
684 3863 821 3922 circulum
837 3863 1028 3940 considerata,
1052 3871 1085 3924 ut
1099 3865 1191 3944 ipsius
1212 3882 1271 3926 esee
1285 3861 1486 3942 qualecunque
1507 3871 1621 3924 ιιιιιιιι
1642 3865 1682 3924 eit
1702 3867 1808 3936 inme,

458 3949 547 4027 idque
569 3950 757 4024 materialiter
779 3958 903 4026 tantum,
925 3968 982 4012 non
995 3951 1163 4013 formaliter.
1192 3951 1311 4012 Infinita
1332 3958 1377 4013 est
1398 3947 1601 4030 symbolisatio
1624 3953 1715 4012 totius
1737 3949 1807 4029 phi·
1899 3944 1901 4028 p

411 4114 418 4126 .
457 4035 610 4118 losophiae
632 4039 664 4098 in
685 4037 731 4098 his
753 4038 981 4116 mathematicis,
1013 4058 1089 4118 quae
1117 4041 1171 4101 tihi
1193 4045 1324 4101 occurret
1345 4055 1453 4116 magua
1475 4039 1574 4118 copia,
1606 4037 1658 4102 ubi
1679 4040 1808 4118 primum
1898 4110 1900 4122 Α

459 4123 571 4196 aditum
599 4127 776 4204 perruperis,
805 4125 845 4206 ad
874 4125 1046 4206 capiendum
1072 4127 1122 4188 lib.
1146 4127 1171 4188 Ι.
1193 4124 1395 4188 Harmonices.
1440 4123 1594 4208 Quomodo
1623 4143 1693 4187 vero
1715 4133 1807 4186 notae

458 4213 544 4272 uobis
575 4213 686 4288 species
714 4211 867 4290 planorum
895 4215 1092 4276 ordinatorum
1122 4215 1152 4273 in
1182 4213 1290 4274 circulo
1320 4211 1502 4293 (quaesunt
1528 4211 1674 4292 quaedam
1696 4211 1806 4277 ιίιιιλα

459 4299 567 4360 mentis
588 4297 673 4356 oculo
695 4297 825 4380 sensilia)
847 4301 1005 4362 exhibeant
1026 4303 1109 4362 varia
1131 4299 1264 4380 exempla
1284 4300 1387 4362 horum
1408 4299 1613 4376 ineffabilium,
1637 4317 1731 4378 eaque
1754 4312 1807 4380 per
1899 4344 1900 4379 ι

458 4387 539 4464 ipsas
562 4401 666 4444 causas
689 4401 831 4462 geneseos
854 4404 940 4464 suae,
964 4387 994 4446 id
1016 4395 1088 4466 puto
1110 4389 1152 4451 sic
1167 4405 1232 4450 esse
1247 4387 1423 4468 explicatum
1444 4387 1496 4449 lib.
1512 4389 1536 4450 1.
1551 4385 1805 4460 Hemonicomm,

460 4479 494 4532 ut
517 4489 552 4532 cx
576 4470 635 4532 alio
659 4473 865 4545 commentario
888 4477 1019 4552 conquiri
1042 4493 1096 4536 nec
1119 4475 1244 4538 debeant
1265 4494 1320 4538 nec
1341 4477 1462 4555 possint
1496 4475 1534 4537 Et
1556 4477 1626 4554 quia
1646 4475 1695 4538 bic
1714 4468 1805 4536 limen
1899 4492 1900 4501 ¹

457 4560 600 4636 iocosque
623 4557 905 4621 characterisationis
927 4565 1031 4622 mentis
1053 4563 1199 4624 humanae
1227 4566 1375 4640 totiusque
1402 4569 1524 4627 autumo
1551 4565 1666 4626 animae
1693 4562 1805 4625 formae

458 4661 581 4723 rumque
608 4664 627 4707 a
657 4653 754 4708 mente
784 4645 898 4708 diviua:
931 4647 1069 4710 adhortor
1095 4659 1137 4727 te,
1168 4657 1202 4711 ut
1232 4653 1349 4712 enitaris
1377 4646 1417 4712 ad
1444 4650 1495 4726 illa
1524 4650 1802 4730 comprehendenda

420 4791 427 4812 ,
457 4731 649 4796 Numerorum
672 4739 782 4796 attactu
805 4733 853 4797 vel
875 4737 1046 4814 parcissimo
1069 4737 1117 4800 vel
1138 4737 1225 4819 plane
1246 4738 1327 4803 nullo
1344 4745 1396 4800 ἰιι
1423 4756 1514 4818 opus,
1543 4739 1711 4819 praesertim
1739 4737 1801 4809 illo,

458 4835 517 4897 quo
541 4823 680 4883 consistas
703 4827 831 4883 ιιιιιιι.
875 4821 991 4900 Precor,
1016 4827 1098 4887 Dens
1120 4833 1192 4888 vota
1212 4845 1279 4890 mea
1300 4833 1413 4887 tantum
1435 4825 1585 4903 secundet,
1607 4833 1640 4887 ιιι
1661 4833 1802 4906 quantum

457 4911 596 4986 temporis
619 4911 648 4968 ln
672 4912 792 4972 coeslois
815 4917 861 4972 est
881 4911 1025 4990 perditum
1047 4931 1067 4974 a
1087 4912 1229 4994 plurimis,
1251 4921 1365 4976 ιιιιιιιιιι
1387 4915 1416 4973 in
1430 4915 1646 4996 perceptionem
1667 4913 1802 4976 mentalis
1899 4946 1900 4949 ι

456 4993 572 5056 illarum
593 4993 689 5056 rerbnt'
710 4999 855 5060 essentiae
876 5001 1068 5078 impendatur.
1105 5001 1155 5064 Sic
1176 5005 1254 5064 anim
1266 5001 1469 5084 philosophiae
1489 5003 1634 5079 colomam
1654 5001 1799 5086 publicam
1828 5009 1833 5016 “
1898 5040 1901 5075 ι

458 5090 575 5156 anctum
597 5083 631 5144 iri
654 5101 801 5174 sperarem
822 5089 989 5152 accessione
1010 5105 1070 5152 noa
1092 5090 1310 5156 contemnende.
1332 5125 1375 5138 -
1460 5163 1464 5169 ,
