4242 6384
761 774 845 833 Liber
857 773 905 834 IV.
923 777 1012 848 Caput
1019 776 1079 834 vn.
1533 778 1595 839 25?

261 956 312 1013 sine
330 960 462 1029 respectu
484 952 724 1029 configurationis
747 972 813 1014 cnm
833 956 920 1029 aliis,
941 956 1022 1015 solus
1044 956 1116 1015 iacit
1137 954 1258 1014 omnia?
1291 971 1385 1031 eaque
1408 968 1466 1013 non
1489 959 1524 1011 nt
1546 968 1597 1013 eus

260 1043 380 1113 radonis,
402 1041 455 1100 sed
479 1051 625 1123 ut‘cansa
645 1042 805 1117 naturalis,
828 1052 1036 1119 quatennssc.
1058 1042 1184 1101 intendit
1205 1044 1241 1101 iis
1264 1042 1395 1119 partibus
1417 1040 1546 1101 calorem
1568 1046 1599 1099 et

259 1136 365 1199 mium,
385 1136 423 1187 ut
442 1129 482 1187 ad
503 1136 602 1204 partes
623 1131 666 1187 sic
687 1137 780 1187 tostas
795 1144 832 1189 er
846 1138 940 1189 terrae
963 1131 1126 1189 visceribus
1140 1131 1267 1206 exspiret
1281 1136 1449 1188 attenuatus
1473 1124 1599 1187 humor?

259 1214 429 1289 Respondes,
452 1219 598 1275 actionem
620 1216 696 1275 banc
717 1217 881 1275 naturalem
903 1216 966 1299 Soli
987 1233 1047 1275 non
1069 1234 1134 1277 esse
1156 1216 1336 1293 negandam
1359 1224 1391 1275 at
1413 1232 1450 1275 ea
1471 1232 1531 1273 non
1554 1219 1598 1273 est

258 1300 334 1359 seim
355 1318 449 1363 conas
470 1302 595 1362 torridae
617 1304 742 1380 propria,
764 1304 817 1363 sed
839 1306 929 1375 etiam
949 1320 1117 1380 penes-uos
1138 1305 1264 1381 spectari
1285 1310 1393 1379 polest.
1429 1302 1505 1361 Nam
1528 1299 1598 1359 Sele

258 1392 397 1447 mnostro
419 1390 634 1466 hemisphaerio
656 1407 708 1469 per
729 1400 872 1450 aestatem
887 1394 1073 1465 obversante,
1096 1391 1265 1469 plerumque
1288 1392 1468 1467 copiosiores
1490 1389 1598 1446 imbres

258 1476 397 1548 decidunt,
422 1493 511 1553 quam
532 1495 584 1555 per
604 1477 746 1551 hiemem,
769 1480 891 1539 absente
914 1478 993 1551 Sole,
1014 1478 1092 1538 solet
1106 1474 1179 1537 'esse
1195 1478 1368 1553 nllanin·
1390 1475 1478 1551 Quod
1501 1484 1599 1535 autem

257 1566 329 1622 uobis
352 1564 497 1639 augentnr'
517 1565 638 1623 flumina
653 1564 881 1639 liquescentibus
895 1567 1024 1639 nivibus,
1047 1582 1124 1642 quae
1148 1566 1289 1624 imbribus
1313 1562 1518 1631 decidentibus
1540 1578 1598 1621 non

258 1650 319 1709 adeo
341 1651 479 1710 videatur
500 1654 611 1727 angeri,
635 1662 712 1711 certe
733 1668 794 1711 non
813 1652 888 1712 adeo
903 1652 1047 1713 diuturnis
1068 1654 1262 1726 incrementis,
1286 1652 1315 1710 id
1339 1648 1444 1727 partim
1467 1649 1535 1707 inde
1556 1648 1599 1722 fit,

258 1741 315 1813 quia
335 1741 450 1798 nivium
471 1739 638 1797 minutatim
660 1738 856 1799 decidentium
877 1740 1013 1817 singulae
1035 1742 1153 1799 tunicae
1183 1740 1369 1799 cumulantur
1396 1745 1426 1796 et
1448 1740 1477 1797 in
1500 1751 1600 1814 pronr-

260 1828 340 1884 uario
362 1826 543 1902 permultos
565 1842 681 1885 meuses
705 1828 735 1885 ei
755 1826 872 1903 trigoris
894 1836 1101 1901 manantur,
1125 1844 1191 1886 cum
1215 1828 1321 1885 imbres
1345 1826 1485 1897 aestivos,
1509 1824 1599 1883 etiam

259 1914 441 1988 largissimos,
471 1923 548 1971 terra
568 1912 682 1973 solibus
714 1930 801 1973 arem
821 1917 976 1990 potissima
999 1922 1083 1991 parte
1114 1915 1234 1973 hauriat
1252 1916 1367 1987 statim3
1401 1914 1508 1987 partim
1530 1924 1600 1969 vero

259 2001 313 2058 inde
335 2001 377 2073 lit,
400 2002 472 2077 quia
492 2002 544 2057 uix
566 2001 595 2057 in
618 1999 754 2075 Alpibus,
778 2003 834 2059 nisi
858 2005 979 2061 acsdvis
993 2002 1136 2061 imbribus
1153 2002 1364 2077 copiosissimis
1388 1997 1600 2077 decidentibus,

258 2089 370 2147 dissolui
391 2104 450 2146 uon
473 2095 579 2162 potest,
603 2095 636 2145 ut
658 2089 701 2145 sic
724 2090 864 2147 continua
879 2090 930 2149 illa
945 2090 1103 2165 fluminum
1126 2092 1304 2148 incrementa
1318 2104 1376 2145 non
1392 2088 1451 2145 sint
1473 2084 1601 2143 solarum

256 2180 365 2249 nirinm,
387 2175 442 2234 sed
464 2176 553 2233 etiam
571 2174 741 2249 junctorum
762 2175 908 2235 imbrium.
952 2175 1051 2251 Quare
1074 2178 1099 2233 si
1123 2178 1222 2234 ornuia
1245 2173 1404 2251 expendar,
1428 2170 1522 2247 maJor
1544 2169 1602 2228 hu·

255 2267 331 2321 moris
355 2265 442 2339 copia
463 2260 635 2339 plerumque
657 2277 710 2336 per
731 2269 876 2322 aestatem
898 2260 1023 2323 exsudat
1038 2265 1127 2322 etiam
1150 2280 1239 2340 penes
1261 2278 1325 2335 nos,
1350 2276 1438 2336 qnam
1460 2276 1512 2335 per
1535 2256 1601 2316 hie·

255 2370 328 2409 nem.
374 2349 442 2409 Hoc
467 2349 556 2424 igitur
585 2350 721 2423 impetrat
752 2350 899 2425 objectio,
928 2353 1027 2409 nteit
1056 2364 1215 2409 concursus
1244 2366 1399 2408 causarum
1422 2344 1610 2423 coelestium,

255 2455 368 2513 quarum
389 2440 428 2496 sit
446 2435 512 2496 alia
533 2434 684 2507 naturalis,
708 2435 788 2495 calor
802 2436 891 2511 Solis,
913 2436 977 2498 ulia
995 2436 1159 2509 rationalis,
1182 2444 1334 2511 aspectum
1357 2438 1396 2495 sit
1419 2435 1508 2495 etiam
1531 2446 1604 2491 eon-

255 2543 347 2584 cmsus
371 2540 531 2584 causarum
547 2521 764 2594 sublucentem,
795 2531 829 2583 nt
849 2541 908 2584 uon
932 2534 1047 2583 tantum
1069 2540 1129 2587 una
1151 2540 1227 2582 aona
1251 2522 1317 2601 plus
1339 2522 1450 2581 babeat
1472 2518 1604 2579 humoris

255 2632 334 2688 quern
356 2611 432 2683 alia,
464 2609 517 2669 sed
538 2612 632 2669 etiam
658 2611 688 2667 in
710 2610 815 2669 eodem
842 2612 959 2671 elimate
982 2630 1042 2671 una
1068 2614 1150 2685 regio
1173 2610 1241 2686 plus
1264 2628 1352 2685 quam
1375 2609 1451 2681 alia,
1481 2608 1543 2665 suis
1567 2604 1603 2666 de

255 2703 352 2759 musis.
397 2698 517 2757 Interim
547 2699 636 2756 etiem
662 2696 693 2753 in
723 2697 833 2757 torrida
860 2699 928 2776 plus
955 2698 1057 2775 pluere
1085 2706 1184 2773 potest
1205 2691 1260 2755 sub
1283 2706 1399 2773 tempos
1423 2701 1603 2773 aspectuum,

256 2806 335 2862 quam
358 2785 464 2845 diebus
486 2786 525 2845 ab
547 2784 717 2859 aspectibus
740 2786 853 2843 vacuis.
1141 2826 1148 2839 ,

329 2872 419 2931 Hanc
441 2888 521 2943 sero,
544 2888 633 2946 quam
649 2870 779 2931 secundo
800 2871 868 2931 loco
886 2871 961 2945 dixi,
984 2870 1291 2931 cbmeetsrisationem
1314 2870 1430 2929 animae
1447 2866 1602 2936 Teneone,

259 2961 354 3019 iactam
376 2978 396 3018 a
417 2958 540 3019 zodiaco
562 2957 666 3017 sensili
688 2966 812 3033 totaque
833 2958 910 3018 adeo
932 2958 1059 3035 sphaera
1080 2958 1212 3032 lixarum,
1234 2956 1309 3017 illud
1331 2958 1421 3017 stiam
1444 2953 1603 3023 condrensi,

258 3048 324 3121 qnod
348 3062 456 3121 magno
479 3055 643 3120 temporum
666 3047 795 3103 omnium
818 3062 963 3105 consensu
985 3053 1116 3119 constet,
1150 3048 1175 3104 si
1205 3047 1276 3123 novi
1300 3042 1368 3121 quid
1392 3045 1421 3101 in
1445 3042 1528 3101 coelo
1551 3056 1605 3099 ex-

258 3136 330 3205 istet,
364 3150 419 3194 sen
446 3131 608 3193 secundum
637 3132 814 3191 ordinarium
844 3132 920 3192 cosli
947 3132 1087 3205 cursum,
1110 3140 1143 3191 ut
1176 3140 1245 3192 suut
1276 3133 1415 3215 rariores·
1430 3142 1605 3205 congressus

258 3220 373 3296 plurium
396 3218 533 3292 siderum,
557 3228 589 3277 nt
611 3219 736 3295 eclipses
750 3218 936 3279 luminarium
950 3222 1135 3296 insigniores,
1159 3223 1222 3279 sive
1237 3228 1352 3296 macter
1367 3226 1502 3286 naturum
1525 3230 1607 3277 com-

258 3325 373 3381 munem,
395 3316 431 3365 ut
453 3310 584 3365 cometae
607 3315 660 3364 aut
681 3305 787 3365 stellae
809 3306 886 3367 fixas
907 3325 1021 3367 nosses
1045 3308 1133 3367 simul
1149 3310 1394 3371 etiamnaturam
1417 3298 1611 3365 sublunarem'

259 3397 358 3454 turbari
379 3410 440 3453 non
455 3394 572 3453 usitatis
586 3392 750 3466 affectibus,
774 3402 807 3453 ut
829 3401 898 3453 stunt
910 3396 1014 3470 ingens
1036 3403 1066 3454 et
1083 3396 1221 3454 continua
1244 3396 1290 3453 vis
1313 3394 1479 3470 pluviarum
1495 3396 1609 3467 praeter

258 3482 401 3541 nudulum
421 3489 612 3557 aspectuum,
635 3488 687 3539 ant
709 3483 854 3540 contraria
875 3483 994 3542 siccitas
1016 3492 1047 3543 et
1068 3482 1220 3557 squalores
1244 3480 1410 3556 Tenaeque
1435 3487 1533 3539 motus
1556 3492 1608 3535 co-

260 3572 345 3643 nites;
375 3568 503 3643 denique
524 3566 758 3628 madoresa'eris
780 3570 903 3643 insueti,
931 3572 983 3646 qui
1011 3570 1160 3629 catanbos
1194 3568 1366 3646 pestilentes
1389 3565 1523 3641 aliasque
1544 3561 1609 3621 lues
1678 3608 1680 3617 .

261 3657 427 3731 epidemicas
443 3659 479 3715 iis
503 3656 687 3733 potissimum
701 3654 774 3714 loeis
797 3656 933 3731 inierunt,
958 3656 1037 3717 uude
1058 3658 1208 3733 exspirant
1230 3654 1335 3729 majori
1350 3655 1380 3713 vi
1394 3662 1447 3713 aut
1469 3666 1608 3727 quorsum

262 3745 444 3803 crebrioribus
468 3744 564 3801 ventis
586 3740 761 3803 deferuntur.
1322 3784 1325 3792 .

233 3881 234 3914 ἒ
338 3830 486 3905 Adeoque
507 3831 596 3889 edam
624 3827 737 3903 aliquid
766 3829 875 3889 simile.
889 3832 1048 3896 memoriae
1075 3828 1245 3901 animalium
1276 3827 1344 3887 huic
1367 3828 1481 3886 animae
1504 3824 1610 3894 inesse,

233 3931 234 3944 ¹
264 3922 352 3977 nonni
376 3921 408 3975 in
430 3916 505 3975 libro
528 3914 680 3990 de‘Stella
700 3915 787 3977 Nova
812 3932 882 3995 cap.
905 3916 948 3979 X.
971 3917 1021 3976 iol.
1045 3919 1099 3977 44.
1127 3922 1168 3987 (ιι.
1183 3920 1254 3989 ult.)
1294 3913 1368 3976 Num
1391 3913 1465 3973 baec
1488 3917 1537 3969 est
1551 3926 1611 3979 ‚na-

233 4077 234 4080 ,
265 4018 318 4065 tura
338 4022 438 4065 rerum
460 4005 604 4076 omnium,
634 4019 711 4077 quae
739 4004 798 4063 luci
830 4011 899 4064 snut
927 4011 1086 4079 cognatae,
1117 4012 1149 4063 nt
1180 4004 1293 4065 excitae
1323 4018 1342 4060 a
1368 3999 1434 4059 luce
1457 3996 1536 4057 Solis
1560 4000 1611 4053 ant

233 4095 234 4166 l
265 4094 357 4152 saltem
380 4092 449 4162 diei,
471 4090 655 4149 affectionem
676 4090 806 4165 aliquem
829 4092 1004 4173 concipiant,
1027 4090 1066 4150 ad
1088 4100 1199 4150 certum
1222 4097 1336 4165 tempus
1359 4080 1530 4149 durabilem.
1561 4081 1612 4142 Sic

266 4182 288 4237 iu
307 4180 401 4241 oculis
423 4178 543 4254 spiritus
565 4178 684 4255 visorii,
707 4176 782 4237 lueis
804 4178 937 4251 soboles,
960 4180 1065 4237 imbuti
1087 4179 1126 4238 ab
1149 4176 1317 4256 improvido
1337 4180 1501 4250 conspeetu
1521 4168 1609 4241 Solis,

267 4282 431 4343 quocunque
453 4264 566 4325 armsis
586 4264 693 4343 oeulis,
714 4274 820 4341 gerunt
841 4266 1103 4341 circumieruntque
1118 4265 1195 4326 bane
1214 4265 1378 4347 imaginem,
1403 4261 1492 4321 etiarn
1515 4255 1611 4315 inviti.

267 4352 304 4412 Sic
324 4359 401 4415 inter
424 4353 632 4430 chymisternm
656 4368 765 4411 areana
798 4361 844 4413 est
876 4353 1010 4414 mirabile
1041 4354 1098 4413 boc
1127 4361 1157 4414 et
1179 4352 1328 4429 ¹imprimis
1357 4341 1613 4409 commemorabile

268 4446 500 4519 experimentum,
524 4432 604 4517 qnod
626 4455 775 4514 gemmas,
799 4449 832 4499 ut
854 4458 947 4517 nuper
969 4439 1128 4500 admodum
1144 4442 1255 4500 resciri
1278 4436 1447 4513 aquodam
1470 4429 1611 4509 «adsensu.

268 4538 415 4604 separant,
438 4544 516 4604 quse
538 4544 605 4585 cum
628 4525 740 4587 lateant
761 4529 959 4606 intenebris,
985 4536 1017 4587 nt
1041 4526 1103 4587 alia
1125 4526 1234 4590 lumine
1257 4542 1351 4591 cesse,
1375 4526 1401 4583 si
1424 4523 1490 4599 quis
1513 4528 1611 4593 tamen

269 4614 321 4675 illus
342 4618 402 4677 leci
423 4616 515 4675 solius
538 4613 596 4672 diei
619 4621 764 4688 exponet,
797 4614 992 4677 incenduntur
1014 4632 1050 4674 sa
1074 4623 1107 4673 ut
1129 4613 1273 4675 candelae
1293 4612 1538 4689 splendoremque
1561 4619 1611 4663 se·

269 4718 322 4761 eum
343 4709 373 4763 iu
395 4704 534 4765 tenebras
557 4702 647 4761 etiam
667 4700 810 4774 Meceni,
841 4701 973 4763 lucentes
997 4709 1029 4760 ut
1052 4702 1130 4763 oculi
1153 4701 1273 4778 lelium,
1290 4700 1353 4775 ¹qui
1377 4698 1459 4757 brevi
1482 4702 1614 4768 tempore

271 4790 359 4850 iterum
381 4789 587 4866 exstinguitur.
632 4786 707 4850 Tale
734 4787 807 4863 quid
828 4788 936 4848 accidit
957 4788 1026 4847 lruic
1047 4791 1181 4862 animae,
1213 4804 1301 4865 quam
1324 4785 1383 4845 luci
1407 4792 1436 4844 et
1458 4782 1519 4857 igni
1542 4795 1615 4853 cog·

270 4887 356 4937 natam
377 4878 458 4951 dixi,
488 4874 595 4945 nuilla
616 4875 646 4931 in
669 4872 759 4950 plaga
785 4876 940 4951 (puuctum
962 4878 1040 4934 enim
1063 4886 1110 4935 est
1131 4876 1196 4945 illa,
1227 4874 1323 4951 plagis
1347 4872 1531 4939 distinctum,
1562 4882 1616 4953 seu

271 4964 381 5027 circulus
404 4964 544 5025 zodiacus
564 4960 761 5039 potentialis),
785 4964 815 5021 in
836 4979 898 5039 qus
919 4964 1070 5038 congressi
1091 4963 1208 5023 sumunt
1222 4962 1386 5039 superiores
1401 4957 1539 5033 planetae
1562 4960 1615 5011 aut

272 5053 373 5131 eclipsis
395 5054 546 5133 apparuit,
579 5049 726 5124 concipiat
756 5049 952 5111 characterem
985 5050 1216 5125 conjunctionis,
1249 5045 1409 5107 durabilem
1441 5047 1470 5102 in
1493 5036 1617 5117 aliquod

273 5144 389 5217 empus,
417 5145 519 5219 saque
546 5137 662 5212 quoties
683 5136 867 5216 planetarum
896 5137 1020 5214 aliquis,
1049 5128 1209 5215 praecipue
1232 5134 1284 5197 Sol
1314 5133 1362 5195 vel
1386 5132 1485 5202 Luna,
1519 5128 1617 5187 locum

274 5230 374 5309 nensis,
406 5232 472 5306 ipss
496 5229 555 5285 sim
576 5240 661 5285 suam
682 5223 773 5285 talem
796 5236 929 5304 exserat,
957 5224 1075 5301 qualem
1099 5225 1138 5295 ad
1166 5228 1261 5305 ipsam
1285 5218 1499 5298 conjunctionis
1523 5214 1616 5275 exsti-

316 5342 533 5397 nqueopmu.
1422 5331 1460 5387 17
