4242 6384
728 811 735 830 ι
843 790 985 863 apologis.
1076 803 1079 807 ’
1524 799 1586 860 ιιι

238 974 295 1034 sed·
310 975 364 1037 iiie
386 941 514 1050 teritum,
545 974 653 1050 quiin
682 969 843 1050 geometria
872 970 1018 1030 invenitur
1040 967 1235 1030 barmouicm.
1282 971 1323 1030 rit
1343 973 1505 1048 geometria
1537 987 1589 1034 eos

238 1066 363 1124 rationis
386 1073 441 1141 est,
464 1061 543 1138 quod
565 1075 618 1138 per
640 1075 672 1119 ιι
692 1059 805 1120 nuliam
827 1058 918 1116 babet
940 1056 1108 1118 efficaciam.
1154 1055 1278 1133 Oportet
1300 1076 1383 1135 ergo,
1411 1068 1446 1118 ut
1464 1077 1589 1138 geome-
1652 1074 1656 1081 ’
1702 1072 1705 1076 ’

238 1153 292 1208 tria
314 1151 407 1231 baec,
431 1151 526 1210 latens
549 1150 578 1206 in
601 1148 785 1224 aspectibus,
808 1152 879 1221 agat
902 1145 1056 1220 objectiva
1098 1144 1142 1201 ιιι
1164 1145 1311 1220 obiective
1340 1151 1369 1205 in
1392 1147 1505 1206 unllam
1528 1165 1590 1208 rem

237 1254 324 1312 agere
358 1238 519 1314 quidquam
546 1241 659 1312 potest,
690 1235 748 1292 uisi
779 1236 809 1290 ln
838 1228 993 1292 facultates
1015 1229 1173 1307 animales,
1203 1239 1237 1292 ut
1263 1234 1375 1298 musice
1403 1236 1433 1292 in
1455 1234 1589 1294 auditum
1673 1259 1676 1268 ·

238 1324 387 1400 agricolae
409 1324 554 1387 saltantis.
600 1319 687 1396 Quod
710 1322 799 1400 igitur
821 1327 958 1385 causetur
980 1325 1077 1380 motus
1098 1320 1174 1376 aeris
1197 1319 1234 1380 ad
1250 1324 1462 1398 praescriptum
1484 1339 1589 1400 aspec-

238 1421 319 1470 tuum
353 1414 383 1472 in
406 1411 498 1472 'l’erm
519 1411 724 1481 formatorum,
755 1406 784 1466 id
812 1413 856 1466 ιιι
879 1405 1016 1464 animslis
1042 1404 1191 1464 facultatis
1213 1411 1360 1484 particeps
1389 1416 1419 1468 et
1447 1411 1477 1467 in
1498 1408 1590 1470 uem

238 1513 398 1574 praesens;
431 1505 461 1559 ιι
491 1501 561 1574 quis
589 1495 619 1554 id
654 1503 784 1556 meteora
815 1501 912 1554 vemat
926 1509 1014 1569 pene
1037 1492 1180 1552 arbitratu
1202 1509 1256 1552 suo
1277 1493 1345 1574 (nec
1367 1498 1444 1555 euim
1474 1495 1505 1554 id
1529 1498 1589 1556 bini

239 1585 376 1661 planetae
399 1586 518 1658 iaciunt,
541 1591 685 1661 utnpenes
708 1597 782 1658 quus
805 1584 835 1638 iu
859 1578 942 1639 coelo
965 1587 1113 1638 currentes
1137 1579 1211 1639 nibil
1232 1589 1278 1640 est
1298 1582 1334 1642 de
1357 1591 1479 1660 aspectu
1501 1601 1589 1659 prae-

240 1675 313 1732 senti
338 1675 482 1746 terrestri,
511 1687 567 1731 nco
595 1669 625 1728 id
647 1669 718 1729 iacit
745 1675 881 1746 aspectus
903 1669 982 1743 ipse,
1015 1673 1048 1724 ut
1076 1668 1128 1742 qul
1157 1667 1294 1728 accidens
1316 1678 1362 1730 est
1390 1670 1537 1729 radiorum
1560 1682 1590 1731 ot
1714 1740 1717 1751 1

238 1767 358 1836 propter
380 1757 463 1818 suam
486 1759 694 1833 geometricam
717 1755 947 1832 conformitatem
969 1769 1021 1812 ecs
1043 1754 1191 1833 radonis),
1223 1753 1269 1814 bis
1291 1757 1381 1832 igitur
1401 1765 1446 1816 tot
1466 1760 1590 1817 rationi·

239 1849 291 1905 bus
327 1847 495 1920 coniicitur,
526 1845 556 1911 id
578 1861 645 1908 esse
667 1843 815 1920 quoddam
836 1837 929 1917 genus
951 1841 1076 1899 animae.
1120 1839 1167 1900 Tc
1189 1841 1260 1917 bas,
1289 1842 1432 1918 ιιοιιιιιι,
1462 1847 1590 1905 rationes

242 1935 403 2009 pensitato,
426 1941 488 1992 tum
505 1933 629 1992 demam
651 1929 722 2007 quid
745 1931 797 1990 tibi
820 1927 963 2001 videatur,
987 1928 1148 1988 rescriblto.
1191 1927 1268 1989 Nam
1282 1946 1360 1992 nuuc
1374 1931 1500 2008 quidem
1521 1932 1590 1992 uui·

242 2021 297 2080 lius
318 2023 463 2080 momenti
486 2027 530 2079 est
553 2019 627 2078 iliud
648 2027 730 2076 tuum
752 2016 862 2088 ιιιιιιι,
887 2014 956 2074 dum
977 2013 1159 2074 influentiam
1180 2014 1299 2092 quidem
1321 2021 1472 2093 nominas,
1497 2036 1590 2080 voca·

241 2108 306 2166 bulo
327 2107 500 2184 'accidentis
528 2105 565 2165 de
592 2105 831 2184 praedicamento
860 2104 984 2162 dodonis
1015 2101 1063 2162 rel
1094 2104 1240 2178 passionis
1269 2103 1311 2184 (in
1334 2099 1441 2183 genere
1470 2104 1588 2187 motus),
1642 2101 1650 2110 ”
1698 2161 1703 2174 ,

240 2197 353 2254 inierim
378 2205 476 2255 ιιιιιιιι
499 2193 567 2252 buit
589 2193 767 2260 influentiae,
791 2203 849 2248 nou
873 2197 1006 2248 naturam
1029 2197 1158 2262 tantum,
1180 2189 1233 2249 sed
1254 2195 1343 2252 etiam
1357 2197 1535 2270 'appetitum
1558 2203 1591 2254 ut
1673 2235 1676 2240 -

242 2283 426 2342 substautias
448 2281 563 2340 cuidam
585 2283 698 2354 tribuis,
722 2277 760 2336 ad
783 2293 869 2354 quem
892 2277 941 2336 ille
957 2281 1054 2335 uitem
1076 2276 1134 2335 bue
1156 2284 1245 2353 atque
1266 2279 1338 2339 illuc
1358 2280 1466 2341 flectat
1506 2279 1590 2356 Quo·

243 2368 327 2428 modo
352 2373 433 2429 enim
455 2385 491 2428 ex
514 2368 571 2428 boc
593 2375 644 2428 tuo
667 2367 764 2426 videri
785 2359 910 2439 liqueat,
932 2362 1039 2422 salsam
1061 2379 1125 2442 esse
1150 2381 1246 2424 mearn
1268 2370 1458 2441 sententiam,
1490 2373 1588 2446 potius

242 2473 325 2531 quam
356 2473 394 2516 ex
422 2447 585 2526 rationibus
617 2471 667 2540 pro
695 2469 761 2512 mea
782 2453 929 2510 seruientia
955 2449 1104 2528 productis
1127 2449 1254 2528 liqueat,
1285 2455 1392 2513 laisum
1413 2473 1479 2517 ease
1506 2467 1590 2516 tuum

243 2545 397 2602 obscurum
420 2541 519 2601 uideri
539 2544 601 2601 sins
624 2541 815 2610 rationibus,
832 2537 896 2596 solu
919 2539 1060 2615 sapientis
1082 2539 1182 2596 neseio
1209 2540 1294 2614 cujus
1317 2545 1504 2617 auctoritate,
1535 2559 1590 2603 nec

245 2647 276 2688 ea
296 2629 405 2706 liquidi
427 2645 541 2703 sunaus,
563 2625 728 2688 munitum?
772 2625 912 2702 Spiritum
926 2624 1051 2684 solarem
1074 2625 1100 2683 si
1121 2632 1153 2684 tu
1176 2610 1224 2686 bie
1238 2627 1401 2702 substituis,
1424 2629 1471 2689 dic
1492 2633 1589 2706 igitur,

245 2735 288 2774 eur
310 2720 442 2793 spiritus»
455 2717 511 2776 iste
533 2716 638 2775 solaris
659 2731 718 2774 uon
740 2713 807 2774 aliis
829 2713 885 2769 nisi
909 2711 967 2770 iliis
990 2721 1153 2787 temporum
1175 2717 1330 2774 momentis
1348 2726 1468 2776 moveat
1482 2722 1589 2792 adrem,

245 2821 302 2860 cum
327 2805 464 2862 binorum
487 2817 726 2879 quorumeunque
756 2799 939 2878 planetarum
967 2797 1042 2857 radii
1065 2795 1281 2874 conligurdntur
1311 2801 1478 2874 in·Tenai
1502 2803 1589 2879 ·Quo

244 2890 332 2950 nediu
356 2893 477 2967 spiritus
499 2893 555 2950 iste
571 2889 648 2948 Sulis
672 2889 860 2972 pervestigat,
884 2884 954 2961 quid
978 2885 1014 2944 de
1040 2885 1223 2961 planetarum
1244 2889 1334 2948 radiis
1355 2889 1408 2949 iiat
1429 2890 1458 2949 in
1478 2891 1590 2953 Terra?

246 2975 355 3049 Quanto
381 2977 496 3036 lucilius
516 2985 580 3048 est,
604 2983 637 3036 ut
651 2977 699 3035 'ibi
722 2975 821 3051 potius
843 2973 944 3034 sedern
966 2973 1090 3047 ligamus
1112 2975 1243 3050 spiritui,
1273 2977 1331 3040 ubi,
1346 2980 1512 3053 cognoscit,
1536 2980 1588 3038 ubl

245 3073 268 3121 ιι
299 3072 439 3141 operatur
469 3062 627 3123 secuudum
657 3062 736 3139 quod
770 3063 928 3135 cognoscit.
975 3058 1053 3118 iliad
1084 3068 1116 3118 tu
1147 3063 1228 3137 agis,
1261 3063 1318 3123 boe
1340 3081 1405 3144 ego.
1456 3066 1589 3126 Virtutes

246 3153 567 3226 agnosco-sapientius
581 3151 693 3226 ubique
714 3151 839 3224 aperitis,
861 3141 963 3206 omnes
986 3148 1105 3206 omniuo
1126 3147 1281 3210 facultates
1302 3152 1461 3225 animales,
1484 3169 1537 3212 sen
1559 3155 1590 3211 in

248 3234 330 3296 'lerna
353 3247 409 3298 seu
430 3241 459 3296 in
481 3238 591 3314 plantis
613 3239 676 3296 sice
700 3239 727 3294 in
751 3235 898 3296 homina-
923 3233 1142 3310 Depositum
1165 3253 1233 3318 vero
1258 3240 1287 3296 ia
1310 3239 1394 3298 coelo
1428 3239 1475 3299 vel
1496 3241 1590 3317 piri-

249 3330 290 3382 tas
310 3323 424 3384 ιοιιιιιι
454 3325 501 3384 ιιι
528 3327 696 3400 supientiae
722 3323 836 3398 ubique
858 3324 973 3398 aestuis
1004 3337 1060 3397 ego
1088 3321 1186 3382 nullas
1210 3327 1295 3398 novi,
1326 3327 1487 3389 seeundum
1507 3334 1590 3404 'quse

249 3421 345 3472 natura
368 3411 537 3471 sublunaris
561 3413 729 3476 concitetur.
775 3409 944 3468 concitatur
971 3411 1048 3466 enim
1078 3409 1238 3469 secundom
1266 3420 1360 3478 cartas
1384 3404 1605 3490 dispositiones·

249 3495 390 3558 radiorum
414 3501 443 3556 in
466 3498 574 3572 Terra,
588 3499 645 3558 boc
666 3499 846 3574 experientia
867 3502 1010 3573 perpetua
1022 3505 1159 3570 constat3
1180 3504 1213 3556 at
1233 3501 1265 3558 iu
1279 3499 1362 3560 coelo
1383 3500 1591 3582 dispositiones

251 3587 314 3645 istae
336 3601 525 3662 nequaquam
558 3587 665 3659 insunt,
696 3585 734 3644 ob
756 3581 787 3642 id
808 3585 922 3660 ipsum,
946 3585 1017 3658 quia
1039 3585 1069 3641 iu
1091 3582 1182 3642 Terra
1202 3587 1309 3646 insunt.
1353 3587 1480 3664 Spiritus
1502 3588 1590 3663 solis,

252 3674 299 3744 ιιι,
322 3673 374 3732 dat
397 3673 524 3750 planetis
547 3675 638 3732 vitam
660 3661 690 3730 ol
712 3673 848 3730 animam.
894 3667 971 3744 Quid
995 3664 1138 3729 commodi
1162 3671 1254 3732 babet
1280 3682 1333 3732 tua
1354 3677 1500 3742 sententis
1521 3691 1591 3752 prae

254 3759 333 3818 nea?
379 3759 426 3818 Τιι
449 3758 489 3818 ad
510 3759 636 3836 quodvis
657 3766 966 3818 momentumuosam
989 3755 1090 3816 educis
1110 3756 1294 3832 planetarum
1320 3763 1448 3820 animam
1470 3779 1507 3822 ex
1528 3766 1592 3841 spi·

255 3847 302 3904 ritu
325 3845 422 3921 Solis,
452 3863 502 3924 per
525 3863 613 3922 quum
636 3847 696 3905 bini
718 3843 854 3922 pinnatae
877 3841 944 3902 inde
972 3860 1008 3903 ιι
1031 3838 1150 3903 sedibus
1172 3849 1235 3904 sais
1257 3847 1434 3908 coelestibus
1462 3859 1592 3908 meteora

253 3934 339 3992 oleant
353 3936 384 3991 in
407 3933 556 3993 sublunari
572 3933 691 4008 mundo,
706 3933 795 4010 idque
810 3931 848 3992 ad
864 3932 1074 4007 praescriptum
1090 3940 1260 4009 aspectuum
1275 3936 1304 3992 in
1321 3935 1420 3995 Terra.
1455 3934 1590 4010 Quantae

251 4015 298 4078 bae
320 4016 483 4096 ambages?
528 4019 722 4096 Quantoego
744 4018 927 4098 probabilius
949 4017 990 4076 ibi
1013 4017 1106 4091 bunc,
1139 4020 1165 4077 si
1195 4023 1238 4078 ita
1260 4023 1321 4094 vis,
1354 4025 1487 4099 spiritum
1508 4035 1588 4099 pono

251 4115 427 4187 perpetuum,
446 4106 500 4168 ubl
522 4125 661 4186 praeseus
683 4107 736 4186 iili¹
749 4108 797 4164 lex
816 4103 940 4189 agendi,
963 4104 1014 4164 ubi
1037 4113 1066 4163 et
1089 4121 1163 4182 opus
1184 4106 1266 4182 ejus,
1286 4111 1328 4166 in
1351 4117 1455 4168 ustura
1476 4110 1590 4170 seilicet

253 4193 418 4254 sublunari?
463 4195 568 4254 aerem
590 4193 664 4254 dicis
687 4197 802 4254 animae
823 4191 924 4252 muudi
954 4194 1087 4269 spiritum
1109 4193 1280 4255 interiorem.
1325 4195 1391 4256 Nou
1414 4195 1589 4256 contendum

254 4280 299 4338 bae
320 4281 356 4342 de
377 4299 410 4341 re
432 4289 541 4356 tecum,
566 4299 611 4356 ea,
634 4299 723 4358 quam
746 4298 800 4357 ego
825 4279 884 4338 dix-i
907 4279 1014 4338 Terrae
1035 4281 1180 4354 unimam,
1203 4283 1279 4342 sitne
1301 4299 1334 4342 ae
1355 4285 1420 4360 lpse
1443 4283 1588 4358 quaedam

255 4377 378 4440 separata
401 4371 508 4442 anima,
531 4370 727 4446 anne·potius
750 4369 870 4428 alterius
893 4368 1008 4426 ιιιιιιιι
1030 4366 1174 4442 majorum
1195 4373 1326 4445 gentium
1349 4373 1483 4448 spiritus,
1508 4380 1541 4429 ιιι
1562 4373 1589 4430 ιι

257 4456 311 4524 quis
333 4459 361 4514 iu
385 4457 472 4516 corde
496 4456 630 4515 animalis
653 4458 768 4515 animae
790 4455 890 4514 sedem
905 4462 1003 4531 ponat,
1027 4456 1057 4511 in
1073 4453 1160 4514 oculo
1174 4473 1233 4516 nou
1248 4460 1376 4518 animam
1395 4457 1588 4533 nequeillatn

260 4536 449 4618 decumanam,
473 4559 569 4619 neque
591 4553 756 4619 separatam
780 4545 923 4602 minorum
945 4535 1089 4617 genitum,
1114 4542 1166 4601 sed
1189 4543 1294 4604 saltem
1315 4547 1450 4620 spiritum
1471 4544 1590 4621 plenum

257 4631 340 4698 specie
362 4630 441 4689 illiue
464 4627 582 4706 reginae
604 4633 636 4688 in
656 4630 742 4690 eorda
765 4628 893 4690 sedeatis
920 4629 949 4686 in
972 4645 1004 4686 se
1028 4645 1156 4705 egressa
1200 4630 1259 4705 Sit,-
1288 4633 1424 4707 inquam,
1457 4631 1514 4691 boo
1535 4634 1588 4706 ita,

258 4713 288 4768 sit
306 4731 368 4777 msa
389 4717 463 4778 baec
484 4720 601 4791 anima,
631 4735 720 4794 quam
742 4716 849 4776 'Penas
871 4713 983 4789 tribuo,
1016 4715 1090 4786 pibii
1111 4715 1193 4790 allud
1219 4735 1308 4794 ιιιιιι
1329 4721 1450 4796 spiritus
1470 4720 1588 4780 animae

259 4801 343 4860 mundi
364 4803 435 4878 abbi
457 4803 594 4864 sedentis:
616 4839 619 4848 ·
642 4807 680 4864 Αι
700 4804 760 4863 buc
782 4802 888 4862 adduci
911 4819 969 4862 non
992 4795 1122 4891 possum,
1144 4813 1178 4863 ut
1192 4804 1301 4882 largiar
1321 4806 1384 4880 tibi,
1406 4806 1587 4866 materialem

260 4880 324 4946 buuc
344 4895 440 4950 adrem
463 4890 545 4950 ilium
567 4894 662 4968 ipsum
686 4907 749 4953 ease
772 4893 925 4967 spirltum,¹
938 4892 987 4965 qui
1012 4896 1043 4949 et
1064 4893 1188 4968 percipit
1200 4895 1390 4968 geometriam
1404 4901 1587 4969 aspectuum,

261 4970 283 5026 ln
301 4973 385 5036 Terra
407 4979 610 5051 formatorum,
634 4987 664 5039 ιι
684 4977 843 5039 seeundum
867 4995 931 5036 eam
954 4985 1083 5037 ιιιιιιοιι
1104 4981 1163 5038 olet
1184 4981 1301 5039 actibus
1321 4980 1587 5055 intermittentibus,

262 5058 328 5119 ιιιιιι
354 5063 391 5124 ad
421 5063 550 5127 edietum
578 5069 721 5142 praetoris
749 5080 929 5142 comparans.
975 5063 1050 5123 Nam
1078 5083 1133 5125 nec
1149 5065 1206 5126 illa
1227 5067 1413 5142 'geometriae
1433 5068 1587 5144 impressio

263 5140 287 5200 it
309 5149 335 5206 iu
354 5154 520 5224 materiam,
552 5153 658 5228 obtuse
685 5155 771 5212 nimis
800 5159 844 5212 est
866 5152 933 5224 illa,
964 5149 1069 5212 sedin
1091 5151 1185 5212 solam
1216 5154 1305 5216 talem
1326 5161 1476 5227 naturam,
1510 5171 1587 5230 quae

264 5235 369 5298 udonis.
394 5247 440 5300 est
470 5238 687 5316 quodammodo
708 5241 885 5317 particeps,
901 5255 968 5299 cum
997 5241 1159 5314 gdouretris
1187 5241 1227 5300 sit
1247 5243 1370 5302 rationis
1391 5241 1526 5316 babitus,
1558 5249 1588 5302 et
