4242 6384
495 747 557 812 1⁶8
1028 743 1072 799 De
1091 688 1314 813 Propertionibus

491 922 660 987 Aristotelis
670 930 802 1001 tempore
815 923 859 985 sic
872 930 1061 998 unmuaruut
1082 921 1223 983 chordas:
1247 922 1368 1001 hypata,
1392 924 1564 1003 parhypate,
1587 926 1740 997 liehanos,
1764 940 1846 996 mese,

489 1028 657 1091 paramese,
686 1013 768 1085 trite,
800 1016 955 1089 paraneto,
978 1017 1056 1072 nete.
1100 1010 1237 1089 Hypatos
1260 1030 1318 1072 vox
1340 1018 1402 1075 erat
1423 1015 1610 1089 gravissima,
1640 1013 1788 1088 utcmque
1809 1013 1847 1069 sic

423 1105 427 1115 ’
493 1117 558 1162 esse
581 1098 696 1159 videtur
724 1101 824 1159 asiiu
846 1116 900 1159 sno
928 1100 961 1156 iu
983 1100 1174 1160 instrumento
1196 1105 1296 1173 tense,
1327 1116 1393 1161 cum
1422 1098 1460 1159 ad
1482 1100 1642 1163 ludendum
1665 1100 1849 1179 applicatum

492 1186 616 1248 eundem
637 1189 715 1247 euim
735 1188 825 1247 situm
846 1185 1006 1248 hodiedum
1029 1187 1143 1247 obtinet
1165 1189 1194 1244 in
1218 1186 1313 1265 chely,
1336 1184 1470 1264 pandura
1492 1197 1522 1247 et
1536 1189 1666 1267 cythara.
1720 1186 1850 1262 Cumque

491 1274 613 1337 affirmes
644 1274 836 1348 Aristoteles,
864 1274 939 1335 inter
965 1273 1096 1351 hypaten
1127 1280 1157 1335 et
1186 1274 1370 1353 parhypaten
1402 1275 1566 1337 interfuisse
1594 1265 1692 1336 thesin
1718 1274 1790 1355 (hee
1812 1284 1852 1331 est

425 1402 431 1411 ι
488 1360 675 1426 Platonicum
706 1362 906 1435 semitonium,
938 1363 1004 1437 qni,
1036 1360 1152 1421 duehus
1184 1364 1262 1421 tonis
1290 1362 1451 1439 maioribus
1473 1362 1581 1424 ablatis
1611 1364 1853 1431 adiateasaron,

489 1442 673 1526 relinquebat
695 1443 810 1530 wlff,
843 1447 922 1524 quod
943 1448 1107 1525 appellarit
1135 1446 1253 1523 diesin),
1286 1466 1355 1527 ergo
1383 1448 1492 1526 hypate
1520 1448 1623 1511 eadem
1645 1458 1732 1523 erat,
1769 1466 1854 1524 quarn

490 1538 641 1613 signamus
662 1536 749 1597 lltara
770 1536 808 1609 Α,
831 1536 1003 1613 parhypate,
1027 1553 1116 1611 quarn
1138 1536 1263 1597 literah
1293 1538 1399 1613 signat.
1446 1536 1523 1613 Ergo
1540 1537 1679 1599 lichanos
1706 1536 1740 1616 (a
1765 1535 1855 1611 digito

490 1624 585 1685 iudice
607 1626 651 1684 sic
672 1620 763 1703 dicta)
785 1630 830 1683 est
851 1641 877 1696 e,
899 1639 978 1683 mese
1000 1640 1072 1683 uero
1094 1630 1140 1685 est
1161 1623 1190 1697 d,
1214 1622 1351 1700 dictaque
1374 1630 1419 1684 cst
1441 1624 1497 1684 hoc
1518 1628 1645 1700 nomine,
1669 1624 1761 1701 quod
1785 1626 1856 1682 inter

490 1719 604 1789 septem
626 1718 689 1771 erat
710 1708 822 1784 media,
851 1726 911 1786 qno
933 1717 1064 1787 ternpore
1093 1717 1206 1787 septem
1229 1710 1311 1771 solae
1334 1719 1417 1773 erant
1439 1711 1564 1773 chordae
1594 1714 1624 1771 in
1646 1712 1800 1789 psalterio
1830 1720 1857 1769 ei

489 1816 543 1876 pro
565 1805 674 1871 octava
694 1798 868 1875 pulsabatur
889 1798 991 1875 prima
1034 1798 1193 1859 Paramese
1215 1798 1306 1859 hehet
1332 1799 1446 1859 literam
1468 1798 1507 1877 dp
1530 1799 1578 1861 rel
1600 1818 1630 1875 ις
1659 1800 1747 1861 hauc
1771 1803 1856 1859 retu-

490 1888 597 1947 stiores
618 1886 810 1961 omittehaut3
838 1886 905 1945 trite
926 1884 1042 1947 literam
1061 1886 1093 1963 [ς
1124 1884 1204 1947 dicta
1225 1886 1269 1945 sio
1291 1893 1350 1961 esi,
1380 1884 1460 1961 quod
1482 1894 1560 1947 esset
1582 1889 1669 1947 tertia
1694 1890 1730 1947 in
1756 1885 1857 1947 ordine

490 1974 529 2033 ab
552 1980 653 2048 aonio,
681 1974 757 2033 sicut
777 1989 832 2033 nos
854 1978 969 2033 sestam
997 1972 1122 2034 dicimus
1153 1974 1279 2049 agrari
1301 1976 1339 2033 Δ.
1384 1972 1529 2035 Paranete
1551 1978 1683 2053 signatur
1714 1975 1809 2035 litera
1829 1993 1855 2050 p.

490 2061 530 2121 Et
551 2068 634 2135 nete,
657 2062 744 2136 quasi
765 2076 842 2136 quae
862 2058 967 2119 ultima
988 2066 1126 2137 tangatru
1148 2077 1167 2121 a
1189 2058 1300 2138 plectro
1324 2060 1460 2121 deorsum
1488 2068 1595 2137 hacto,
1618 2062 1696 2123 redit
1723 2062 1766 2123 ad
1789 2062 1857 2122 lite·

490 2164 554 2208 ram
575 2166 605 2207 a.
649 2147 810 2207 Confirmat
836 2146 913 2208 hauc
939 2147 1174 2209 distributionem
1205 2154 1234 2209 et
1263 2147 1334 2225 hoc,
1365 2148 1445 2225 quod
1477 2151 1552 2211 inter
1572 2158 1660 2211 neten
1691 2156 1726 2211 et
1756 2165 1856 2209 mesen

493 2234 631 2312 diapente
653 2236 817 2295 interfuisse
839 2233 954 2295 dicitnr.

578 2321 654 2383 'lale
682 2330 781 2383 autem
806 2328 938 2399 systema
963 2320 1138 2385 chordarum
1165 2328 1232 2383 ecto
1260 2338 1320 2381 uon
1347 2328 1463 2399 poterat
1488 2321 1578 2383 aliter¹
1605 2324 1726 2399 uirique
1754 2322 1856 2399 generi

386 2414 392 2423 ‘
493 2414 597 2473 cautim
618 2411 769 2484 inservire,
790 2410 847 2469 uisi
869 2408 919 2469 rel
942 2416 1023 2471 iaetu
1044 2408 1129 2487 digiti
1152 2410 1392 2470 abbrerisrentnr
1413 2409 1576 2487 parhypate
1598 2410 1616 2473 b
1642 2417 1672 2470 et
1693 2426 1856 2487 paramese

492 2497 541 2573 dp,
563 2503 597 2556 ut
618 2496 720 2557 tierent
741 2495 776 2578 b,
801 2515 837 2569 c,
860 2496 909 2559 vel
932 2496 1083 2558 verticillis
1106 2496 1323 2559 intenderentur
1345 2499 1375 2555 in
1399 2495 1486 2570 duro,
1516 2506 1566 2557 aut
1582 2500 1807 2558 remitterentur
1830 2498 1855 2553 in

491 2583 573 2643 molli
595 2592 693 2643 cautu.
738 2585 776 2645 Et
796 2584 854 2645 hac
876 2587 1032 2645 occasione
1053 2590 1125 2645 uate
1147 2591 1192 2645 est
1215 2582 1362 2645 distinctio
1385 2584 1601 2661 phthongorum
1624 2584 1809 2645 instabiles
1831 2592 1857 2642 et

491 2670 624 2747 mobiles,
648 2675 771 2749 ipsaque
792 2671 953 2749 appellatio
976 2678 1092 2741 densare
1114 2691 1133 2732 a
1154 2673 1328 2749 remissione
1352 2671 1524 2731 chordarum
1547 2674 1710 2733 mobilium.

577 2758 617 2819 Iu
634 2761 845 2837 compositione
865 2758 993 2836 plurium
1014 2765 1209 2837 systematum
1231 2757 1374 2836 diapason
1396 2762 1470 2819 ratio
1494 2768 1623 2819 veterum
1648 2761 1707 2821 init
1732 2761 1856 2819 intrica-

491 2847 564 2921 tior3
594 2845 669 2907 illud
690 2854 788 2911 umen
808 2845 1043 2920 observandum,
1071 2846 1151 2923 quod
1174 2854 1374 2908 assumserunt
1395 2864 1486 2907 uuam
1509 2851 1673 2921 graviorem
1703 2850 1777 2925 ipsa
1800 2847 1856 2922 hy-

492 2939 581 3009 pata,
611 2951 688 3010 quae
719 2936 757 2995 ab
788 2933 846 2993 hoc
866 2936 932 3011 ipso
961 2934 1272 3011 proslambanomenos
1301 2940 1347 2995 est
1374 2934 1462 2995 dieta.
1506 2934 1605 3011 Hujus
1626 2937 1669 2995 rei
1691 2936 1855 3009 vestigium

492 3028 626 3096 superest
646 3024 677 3086 in
699 3021 781 3082 scala
801 3022 923 3096 musica,
947 3038 1036 3097 qnam
1058 3020 1191 3081 ediscunt
1213 3022 1305 3081 nostri
1325 3024 1417 3098 pueri,
1442 3038 1518 3099 qnae
1536 3024 1661 3082 assumit
1683 3024 1765 3083 inira
1788 3022 1855 3081 lite-

491 3124 556 3167 ram
576 3107 699 3167 latinam
720 3110 749 3167 Α
771 3106 916 3183 aliquam,
950 3126 1026 3183 quas
1056 3107 1202 3184 siguificat
1229 3126 1335 3169 sonum
1356 3110 1534 3183 graviorem,
1567 3128 1634 3169 eum
1656 3112 1738 3171 enim
1774 3117 1854 3170 extra

495 3193 626 3254 ordinem
648 3197 747 3271 signat
767 3210 875 3270 graece
895 3195 983 3256 litera
1004 3198 1043 3269 Γ;
1066 3197 1109 3257 sie
1131 3198 1207 3255 euim
1230 3196 1332 3273 incipit
1353 3196 1450 3259 scalae
1477 3196 1640 3271 Gemmut,
1664 3200 1727 3258 Are
1753 3206 1812 3258 etc

580 3280 665 3342 Haec
687 3282 724 3343 de
746 3282 912 3344 nominibus
935 3281 1107 3342 chordarum
1130 3283 1279 3343 veteribus
1301 3282 1428 3343 sufficiat
1441 3286 1573 3361 tetigisse
1588 3284 1646 3345 hoe
1660 3284 1739 3346 loco.
1778 3284 1852 3343 Nam

494 3368 570 3428 inira
591 3371 689 3446 capita
714 3372 762 3427 11.
787 3382 888 3429 omnes
911 3368 1038 3431 chordae
1064 3370 1102 3429 15
1126 3372 1294 3448 systematis
1317 3373 1470 3449 compositi
1487 3372 1712 3448 explicabuntur
1727 3372 1853 3435 vocibus

494 3456 640 3533 antiquis,
663 3454 717 3517 sed
738 3457 934 3532 posteriorum
954 3459 1140 3518 musicorum.

581 3540 659 3605 Jsm·
685 3542 804 3603 taudem
832 3542 873 3603 ad
898 3551 1030 3603 noenum
1058 3552 1190 3622 systema
1223 3540 1356 3603 naturale
1389 3545 1475 3603 unius
1502 3552 1626 3607 octavae
1662 3546 1851 3617 accedamus,

494 3632 581 3707 eique
601 3628 702 3692 literas
723 3629 906 3707 appheemus
928 3648 965 3691 ex
986 3633 1100 3692 musica
1121 3634 1239 3691 usitata.

579 3716 686 3778 Statue
714 3719 805 3795 igitur
831 3721 1000 3796 systematis
1022 3718 1111 3795 hujus
1132 3718 1274 3779 naturalia
1292 3723 1332 3778 et
1353 3716 1574 3779 demonstrativi
1607 3737 1710 3781 recem
1733 3721 1851 3799 gravis-

493 3807 598 3865 simam
620 3823 686 3866 eam
707 3822 788 3880 asse,
816 3823 904 3882 quem
926 3813 1042 3867 veteres
1070 3805 1397 3883 proslambanomenon,
1421 3806 1502 3867 scala
1529 3806 1676 3867 musicalis
1701 3806 1852 3877 Gammae

493 3892 570 3953 solet
590 3892 756 3971 appellare,
783 3895 812 3953 ei
839 3895 975 3953 uimirmu
1006 3892 1191 3955 tribuendam
1220 3891 1334 3953 literam
1360 3889 1394 3953 G.
1440 3893 1554 3953 Causae
1585 3892 1642 3955 hae
1664 3904 1750 3971 sunt,
1783 3896 1850 3971 quia

494 3998 591 4054 voees,
615 3983 792 4042 constitutae
814 3998 867 4057 per
887 3982 1032 4042 motiones
1044 3980 1237 4056 harmonicas,
1260 3980 1334 4039 inira
1356 3978 1472 4056 quidem
1498 3990 1633 4041 octavam
1655 3981 1729 4043 talia
1754 3983 1850 4041 deter-

493 4070 606 4127 minant
626 4068 784 4129 interrffla
805 4084 872 4129 eum
893 4086 968 4130 roce
990 4068 1117 4131 merdae
1139 4072 1238 4143 totius,
1262 4065 1361 4143 qualia
1383 4069 1487 4135 musici
1509 4067 1653 4133 ordinarie
1669 4074 1849 4131 constituunt

494 4158 570 4217 inter
593 4152 671 4216 Get
690 4157 727 4229 h,
751 4153 784 4238 l),
807 4174 839 4230 c,
861 4156 894 4230 d,
916 4156 972 4233 dp,
994 4176 1018 4217 c.

579 4242 697 4302 Dixerit
718 4242 843 4319 aliquis,
870 4239 975 4308 eadem
996 4242 1154 4311 intervalla
1175 4238 1299 4317 intelligi
1320 4258 1409 4317 posse
1433 4244 1506 4302 inter
1527 4242 1560 4301 D
1582 4250 1613 4303 et
1634 4241 1677 4317 F,
1710 4242 1777 4320 Pp,
1813 4238 1845 4309 G,

494 4330 532 4399 Δ,
554 4327 581 4399 h,
603 4324 633 4410 l),
655 4330 699 4387 sic
720 4331 811 4389 etiam
831 4331 908 4389 inter
928 4348 945 4389 e
964 4336 996 4391 et
1017 4330 1067 4406 dp,
1090 4348 1114 4403 e,
1135 4330 1159 4407 f,
1181 4348 1216 4405 p,
1238 4346 1293 4404 pp,
1316 4348 1345 4387 ra
1390 4329 1452 4389 Nec
1475 4328 1600 4397 diiiiteor
1623 4347 1694 4407 ego,
1719 4332 1847 4389 musicos

495 4415 651 4491 organicos
670 4413 771 4475 literas
792 4415 848 4475 has
869 4432 1009 4493 usurpare
1030 4415 1207 4492 generaliter
1235 4431 1289 4475 nec
1311 4414 1489 4493 distinguere
1516 4420 1546 4475 in
1574 4418 1611 4475 iis
1642 4424 1730 4477 tonos
1754 4417 1846 4492 majo-

494 4519 555 4561 rem
584 4507 614 4561 et
641 4503 793 4562 minorem.
837 4501 914 4561 Nem
943 4502 1015 4579 quid
1042 4502 1110 4565 illos
1140 4500 1281 4579 impediat
1311 4501 1478 4563 alliud
1505 4510 1698 4581 transponere
1719 4512 1844 4573 centnm,

495 4591 546 4665 qui
567 4590 598 4647 in
620 4590 739 4665 organis
760 4590 823 4649 suls
843 4594 931 4649 tonos
953 4590 1037 4663 duos,
1060 4589 1201 4666 majorem
1215 4584 1256 4669 ²³!⁹
1270 4595 1300 4649 ai
1314 4592 1455 4651 minorem
1470 4585 1532 4671 ⁹220,
1547 4592 1690 4651 conflatos
1713 4592 1743 4654 in
1758 4606 1845 4653 unum

362 4741 366 4746 ,
496 4676 684 4737 intervallum
713 4672 771 4756 415,
802 4682 908 4752 postea
935 4679 1068 4754 praeciae
1090 4678 1222 4739 hiseeani
1243 4678 1273 4735 in
1296 4676 1370 4737 dnos
1396 4684 1482 4737 tonos
1510 4678 1647 4753 usuales,
1680 4681 1755 4739 inter
1785 4692 1844 4739 sese

495 4762 661 4841 mqusles‘i
704 4763 770 4823 litei
800 4766 964 4825 aeenmtior
986 4772 1031 4825 est
1059 4768 1090 4824 in
1112 4762 1169 4825 hac
1197 4767 1463 4842 contemperatione
1486 4763 1648 4827 Galilaeae.
1693 4766 1755 4826 Noe
1780 4781 1844 4827 vero

496 4858 663 4927 specimus
685 4850 817 4912 hicnon
838 4847 976 4928 drepana
997 4854 1213 4929 empiricorum,
1243 4851 1296 4911 sed
1318 4859 1439 4913 naturae
1462 4849 1629 4932 depedace,
1658 4870 1748 4929 quare
1782 4854 1843 4913 irni-

495 4933 553 4997 t'sri
581 4936 650 4999 illos
678 4955 738 4998 uon
767 4955 934 5016 possumus.
979 4939 1017 5000 Et
1046 4940 1161 5001 literam
1192 4939 1309 5017 quidem
1332 4958 1361 5014 c,
1393 4940 1548 5014 quominus
1578 4941 1617 5001 ab
1640 4940 1691 5001 iila
1717 4950 1843 5019 systema

497 5031 622 5086 oetam
650 5026 785 5087 natumle
814 5032 989 5104 consurget,
1023 5026 1072 5089 rel
1102 5029 1158 5103 ipsi
1187 5027 1346 5103 abjecerint
1373 5027 1429 5087 hoe
1461 5036 1651 5103 argumentor
1683 5046 1752 5089 nam
1774 5032 1841 5087 inter

497 5113 627 5189 ipsorum
645 5126 740 5191 gypso
761 5120 807 5174 est
828 5114 1024 5188 semitonium,
1048 5122 1078 5175 at
1099 5114 1156 5175 hoc
1177 5114 1364 5175 intervallum
1386 5120 1430 5175 est
1451 5114 1517 5173 loco
1533 5117 1644 5191 quinto,
1669 5117 1740 5192 quia
1762 5136 1782 5174 a
1803 5118 1842 5173 est

498 5208 583 5270 earu
603 5219 622 5262 a
644 5218 669 5268 e,
714 5201 755 5269 tit
776 5203 806 5260 in
827 5208 989 5284 systemate
1012 5202 1140 5271 naturali
1162 5210 1230 5273 ente
1252 5210 1366 5270 texum
1387 5203 1471 5265 nohis
1494 5201 1568 5263 diesi
1592 5218 1666 5283 opus
1681 5210 1734 5265 est.
1774 5203 1839 5265 Die·
