<?xml version="1.0" encoding="UTF-8"?>
<!DOCTYPE html PUBLIC "-//W3C//DTD XHTML 1.0 Transitional//EN"
    "http://www.w3.org/TR/xhtml1/DTD/xhtml1-transitional.dtd">
<html xmlns="http://www.w3.org/1999/xhtml" xml:lang="en" lang="en">
 <head>
  <title>
</title>
<meta http-equiv="Content-Type" content="text/html;charset=utf-8" />
  <meta name='ocr-system' content='tesseract 3.04.00' />
  <meta name='ocr-capabilities' content='ocr_page ocr_carea ocr_par ocr_line ocrx_word'/>
</head>
<body>
  <div class='ocr_page' id='page_1' title='image "./joanniskepleria20frisgoog_0446.png"; bbox 0 0 4242 6384; ppageno 0'>
   <div class='ocr_carea' id='block_1_1' title="bbox 541 749 1523 842">
    <p class='ocr_par' dir='ltr' id='par_1_1' title="bbox 541 749 1523 842">
     <span class='ocr_line' id='line_1_1' title="bbox 541 749 1523 842; baseline 0.001 -27"><span class='ocrx_word' id='word_1_1' title='bbox 541 767 602 826; x_wconf 74' lang='lat'><strong>432</strong></span> <span class='ocrx_word' id='word_1_2' title='bbox 1007 757 1173 830; x_wconf 80' lang='lat' dir='ltr'><strong>Appendicis</strong></span> <span class='ocrx_word' id='word_1_3' title='bbox 1190 760 1415 842; x_wconf 79' lang='lat' dir='ltr'><strong>Hermoaicorum</strong></span> <span class='ocrx_word' id='word_1_4' title='bbox 1518 749 1523 758; x_wconf 86' lang='grc'><em>’</em></span> 
     </span>
    </p>
   </div>
   <div class='ocr_carea' id='block_1_2' title="bbox 537 937 1892 3802">
    <p class='ocr_par' dir='ltr' id='par_1_2' title="bbox 539 937 1853 1104">
     <span class='ocr_line' id='line_1_2' title="bbox 539 937 1853 1016; baseline 0.001 -18"><span class='ocrx_word' id='word_1_5' title='bbox 539 939 613 1000; x_wconf 89' lang='lat' dir='ltr'><strong>irsec</strong></span> <span class='ocrx_word' id='word_1_6' title='bbox 633 937 766 1000; x_wconf 84' lang='lat' dir='ltr'><strong>efficaeis</strong></span> <span class='ocrx_word' id='word_1_7' title='bbox 788 939 817 996; x_wconf 90' lang='lat' dir='ltr'><strong>in</strong></span> <span class='ocrx_word' id='word_1_8' title='bbox 839 943 973 998; x_wconf 84' lang='lat' dir='ltr'><strong>naturam</strong></span> <span class='ocrx_word' id='word_1_9' title='bbox 995 938 1183 999; x_wconf 79' lang='lat' dir='ltr'><strong>sublunarem</strong></span> <span class='ocrx_word' id='word_1_10' title='bbox 1205 939 1323 1014; x_wconf 77' lang='lat' dir='ltr'><strong>maioris</strong></span> <span class='ocrx_word' id='word_1_11' title='bbox 1346 947 1392 1000; x_wconf 91' lang='lat' dir='ltr'><strong>est</strong></span> <span class='ocrx_word' id='word_1_12' title='bbox 1407 955 1532 1016; x_wconf 60' lang='lat' dir='ltr'><strong>operae„</strong></span> <span class='ocrx_word' id='word_1_13' title='bbox 1546 955 1635 1016; x_wconf 77' lang='lat' dir='ltr'><strong>quam</strong></span> <span class='ocrx_word' id='word_1_14' title='bbox 1649 956 1724 1015; x_wconf 82' lang='lat' dir='ltr'><strong>quas</strong></span> <span class='ocrx_word' id='word_1_15' title='bbox 1744 957 1853 999; x_wconf 77' lang='lat' dir='ltr'><strong>suam</strong></span> 
     </span>
     <span class='ocr_line' id='line_1_3' title="bbox 539 1025 1647 1104; baseline 0 -18"><span class='ocrx_word' id='word_1_16' title='bbox 539 1031 615 1100; x_wconf 77' lang='lat' dir='ltr'><strong>edre,</strong></span> <span class='ocrx_word' id='word_1_17' title='bbox 640 1043 725 1101; x_wconf 89' lang='lat' dir='ltr'><strong>quern</strong></span> <span class='ocrx_word' id='word_1_18' title='bbox 749 1035 807 1084; x_wconf 87' lang='lat' dir='ltr'><strong>tem</strong></span> <span class='ocrx_word' id='word_1_19' title='bbox 830 1025 916 1086; x_wconf 84' lang='lat' dir='ltr'><strong>facile</strong></span> <span class='ocrx_word' id='word_1_20' title='bbox 939 1025 1120 1086; x_wconf 76' lang='lat' dir='ltr'>excludimus</span> <span class='ocrx_word' id='word_1_21' title='bbox 1143 1027 1181 1086; x_wconf 80' lang='lat' dir='ltr'><strong>ab</strong></span> <span class='ocrx_word' id='word_1_22' title='bbox 1204 1027 1356 1098; x_wconf 86' lang='lat' dir='ltr'><strong>inanibus,</strong></span> <span class='ocrx_word' id='word_1_23' title='bbox 1379 1029 1522 1104; x_wconf 82' lang='lat' dir='ltr'><strong>praestari</strong></span> <span class='ocrx_word' id='word_1_24' title='bbox 1544 1025 1647 1104; x_wconf 84' lang='lat' dir='ltr'><strong>possit.</strong></span> 
     </span>
    </p>

    <p class='ocr_par' dir='ltr' id='par_1_3' title="bbox 627 1111 1858 1190">
     <span class='ocr_line' id='line_1_4' title="bbox 627 1111 1858 1190; baseline -0.002 -16"><span class='ocrx_word' id='word_1_25' title='bbox 627 1111 718 1186; x_wconf 84' lang='lat' dir='ltr'><strong>Unde,</strong></span> <span class='ocrx_word' id='word_1_26' title='bbox 740 1113 846 1188; x_wconf 78' lang='lat' dir='ltr'><strong>pergis,</strong></span> <span class='ocrx_word' id='word_1_27' title='bbox 880 1113 925 1172; x_wconf 81' lang='lat' dir='ltr'><strong>sis</strong></span> <span class='ocrx_word' id='word_1_28' title='bbox 948 1112 1143 1175; x_wconf 84' lang='lat' dir='ltr'><strong>radiationuru</strong></span> <span class='ocrx_word' id='word_1_29' title='bbox 1165 1123 1210 1172; x_wconf 90' lang='lat' dir='ltr'><strong>est</strong></span> <span class='ocrx_word' id='word_1_30' title='bbox 1232 1115 1262 1170; x_wconf 92' lang='lat' dir='ltr'><strong>in</strong></span> <span class='ocrx_word' id='word_1_31' title='bbox 1285 1115 1377 1174; x_wconf 73' lang='lat' dir='ltr'><strong>sirei</strong></span> <span class='ocrx_word' id='word_1_32' title='bbox 1421 1112 1508 1173; x_wconf 82' lang='lat' dir='ltr'><strong>Unde</strong></span> <span class='ocrx_word' id='word_1_33' title='bbox 1530 1117 1628 1190; x_wconf 79' lang='lat' dir='ltr'><strong>inquis</strong></span> <span class='ocrx_word' id='word_1_34' title='bbox 1650 1113 1763 1173; x_wconf 85' lang='lat' dir='ltr'><strong>inesse‘t</strong></span> <span class='ocrx_word' id='word_1_35' title='bbox 1800 1114 1858 1172; x_wconf 65' lang='lat' dir='ltr'><strong>Num</strong></span> 
     </span>
    </p>

    <p class='ocr_par' dir='ltr' id='par_1_4' title="bbox 537 1199 1892 3018">
     <span class='ocr_line' id='line_1_5' title="bbox 542 1199 1859 1276; baseline 0 -17"><span class='ocrx_word' id='word_1_36' title='bbox 542 1217 577 1260; x_wconf 88' lang='lat' dir='ltr'><strong>sx</strong></span> <span class='ocrx_word' id='word_1_37' title='bbox 600 1217 645 1274; x_wconf 89' lang='lat' dir='ltr'><strong>eo,</strong></span> <span class='ocrx_word' id='word_1_38' title='bbox 669 1199 747 1276; x_wconf 75' lang='lat' dir='ltr'><strong>mrod</strong></span> <span class='ocrx_word' id='word_1_39' title='bbox 770 1199 906 1276; x_wconf 85' lang='lat' dir='ltr'><strong>planetes</strong></span> <span class='ocrx_word' id='word_1_40' title='bbox 929 1200 1071 1260; x_wconf 88' lang='lat' dir='ltr'><strong>coelestes</strong></span> <span class='ocrx_word' id='word_1_41' title='bbox 1093 1203 1220 1261; x_wconf 88' lang='lat' dir='ltr'><strong>animata</strong></span> <span class='ocrx_word' id='word_1_42' title='bbox 1243 1219 1263 1260; x_wconf 89' lang='lat' dir='ltr'><strong>a</strong></span> <span class='ocrx_word' id='word_1_43' title='bbox 1279 1199 1350 1262; x_wconf 83' lang='lat' dir='ltr'><strong>Sole</strong></span> <span class='ocrx_word' id='word_1_44' title='bbox 1373 1201 1544 1276; x_wconf 79' lang='lat' dir='ltr'><strong>accipiunt?</strong></span> <span class='ocrx_word' id='word_1_45' title='bbox 1589 1199 1623 1258; x_wconf 90' lang='lat' dir='ltr'><strong>ld</strong></span> <span class='ocrx_word' id='word_1_46' title='bbox 1647 1204 1723 1259; x_wconf 88' lang='lat' dir='ltr'><strong>enim</strong></span> <span class='ocrx_word' id='word_1_47' title='bbox 1742 1208 1802 1259; x_wconf 87' lang='lat' dir='ltr'><strong>ants</strong></span> <span class='ocrx_word' id='word_1_48' title='bbox 1818 1200 1859 1261; x_wconf 84' lang='lat' dir='ltr'><strong>hoe</strong></span> 
     </span>
     <span class='ocr_line' id='line_1_6' title="bbox 538 1285 1861 1364; baseline 0 -18"><span class='ocrx_word' id='word_1_49' title='bbox 538 1285 620 1346; x_wconf 77' lang='lat' dir='ltr'><strong>unde</strong></span> <span class='ocrx_word' id='word_1_50' title='bbox 642 1287 748 1362; x_wconf 86' lang='lat' dir='ltr'><strong>legitur</strong></span> <span class='ocrx_word' id='word_1_51' title='bbox 771 1291 798 1343; x_wconf 92' lang='lat' dir='ltr'><strong>irr</strong></span> <span class='ocrx_word' id='word_1_52' title='bbox 823 1295 874 1346; x_wconf 86' lang='lat' dir='ltr'><strong>tus</strong></span> <span class='ocrx_word' id='word_1_53' title='bbox 896 1289 1035 1346; x_wconf 89' lang='lat' dir='ltr'><strong>oratione.</strong></span> <span class='ocrx_word' id='word_1_54' title='bbox 1083 1287 1175 1362; x_wconf 72' lang='lat' dir='ltr'><strong>Atqui</strong></span> <span class='ocrx_word' id='word_1_55' title='bbox 1197 1286 1269 1345; x_wconf 86' lang='lat' dir='ltr'><strong>nihil</strong></span> <span class='ocrx_word' id='word_1_56' title='bbox 1292 1305 1368 1364; x_wconf 89' lang='lat' dir='ltr'><strong>opus</strong></span> <span class='ocrx_word' id='word_1_57' title='bbox 1390 1297 1438 1346; x_wconf 90' lang='lat' dir='ltr'><strong>cst</strong></span> <span class='ocrx_word' id='word_1_58' title='bbox 1458 1288 1587 1364; x_wconf 88' lang='lat' dir='ltr'><strong>planetis</strong></span> <span class='ocrx_word' id='word_1_59' title='bbox 1609 1290 1721 1359; x_wconf 83' lang='lat' dir='ltr'><strong>enims,</strong></span> <span class='ocrx_word' id='word_1_60' title='bbox 1750 1305 1804 1362; x_wconf 84' lang='lat' dir='ltr'><strong>qua</strong></span> <span class='ocrx_word' id='word_1_61' title='bbox 1820 1305 1861 1346; x_wconf 87' lang='lat' dir='ltr'><strong>ue·</strong></span> 
     </span>
     <span class='ocr_line' id='line_1_7' title="bbox 538 1373 1862 1450; baseline -0.001 -18"><span class='ocrx_word' id='word_1_62' title='bbox 538 1375 669 1450; x_wconf 86' lang='lat' dir='ltr'><strong>gotiants</strong></span> <span class='ocrx_word' id='word_1_63' title='bbox 692 1373 886 1433; x_wconf 88' lang='lat' dir='ltr'><strong>radiationum</strong></span> <span class='ocrx_word' id='word_1_64' title='bbox 909 1376 938 1430; x_wconf 90' lang='lat' dir='ltr'><strong>irr</strong></span> <span class='ocrx_word' id='word_1_65' title='bbox 961 1373 1054 1433; x_wconf 77' lang='lat' dir='ltr'><strong>&#39;l&#39;erra-</strong></span> <span class='ocrx_word' id='word_1_66' title='bbox 1074 1375 1261 1432; x_wconf 83' lang='lat' dir='ltr'><strong>formatarum</strong></span> <span class='ocrx_word' id='word_1_67' title='bbox 1285 1377 1331 1434; x_wconf 86' lang='lat' dir='ltr'><strong>vis</strong></span> <span class='ocrx_word' id='word_1_68' title='bbox 1355 1377 1455 1434; x_wconf 81' lang='lat' dir='ltr'><strong>veniat</strong></span> <span class='ocrx_word' id='word_1_69' title='bbox 1483 1378 1512 1432; x_wconf 86' lang='lat' dir='ltr'><strong>in</strong></span> <span class='ocrx_word' id='word_1_70' title='bbox 1533 1379 1649 1434; x_wconf 45' lang='lat' dir='ltr'><strong>&#39;adreml</strong></span> <span class='ocrx_word' id='word_1_71' title='bbox 1689 1374 1762 1434; x_wconf 82' lang='lat' dir='ltr'><strong>Nam</strong></span> <span class='ocrx_word' id='word_1_72' title='bbox 1780 1375 1801 1430; x_wconf 90' lang='lat' dir='ltr'><strong>si</strong></span> <span class='ocrx_word' id='word_1_73' title='bbox 1820 1373 1862 1432; x_wconf 85' lang='lat' dir='ltr'><strong>froc</strong></span> 
     </span>
     <span class='ocr_line' id='line_1_8' title="bbox 538 1452 1892 1538; baseline -0.001 -18"><span class='ocrx_word' id='word_1_74' title='bbox 538 1469 624 1526; x_wconf 79' lang='lat' dir='ltr'><strong>esset.</strong></span> <span class='ocrx_word' id='word_1_75' title='bbox 648 1461 699 1520; x_wconf 88' lang='lat' dir='ltr'><strong>iiie</strong></span> <span class='ocrx_word' id='word_1_76' title='bbox 722 1461 905 1536; x_wconf 84' lang='lat' dir='ltr'><strong>planetarum</strong></span> <span class='ocrx_word' id='word_1_77' title='bbox 929 1463 1028 1520; x_wconf 84' lang='lat' dir='ltr'><strong>anima</strong></span> <span class='ocrx_word' id='word_1_78' title='bbox 1050 1477 1117 1520; x_wconf 91' lang='lat' dir='ltr'><strong>cum</strong></span> <span class='ocrx_word' id='word_1_79' title='bbox 1138 1461 1350 1520; x_wconf 77' lang='lat' dir='ltr'><strong>radiationibus</strong></span> <span class='ocrx_word' id='word_1_80' title='bbox 1372 1465 1444 1538; x_wconf 89' lang='lat' dir='ltr'><strong>ipsis</strong></span> <span class='ocrx_word' id='word_1_81' title='bbox 1467 1463 1521 1520; x_wconf 93' lang='lat' dir='ltr'><strong>iter</strong></span> <span class='ocrx_word' id='word_1_82' title='bbox 1548 1462 1669 1520; x_wconf 82' lang='lat' dir='ltr'><strong>heberet</strong></span> <span class='ocrx_word' id='word_1_83' title='bbox 1690 1464 1862 1537; x_wconf 78' lang='lat' dir='ltr'><strong>necessarium</strong></span> <span class='ocrx_word' id='word_1_84' title='bbox 1891 1452 1892 1517; x_wconf 60' lang='grc' dir='ltr'>ξ</span> 
     </span>
     <span class='ocr_line' id='line_1_9' title="bbox 546 1547 1864 1624; baseline 0 -20"><span class='ocrx_word' id='word_1_85' title='bbox 546 1549 573 1604; x_wconf 91' lang='lat' dir='ltr'><strong>in</strong></span> <span class='ocrx_word' id='word_1_86' title='bbox 600 1547 705 1606; x_wconf 85' lang='lat' dir='ltr'><strong>Terras</strong></span> <span class='ocrx_word' id='word_1_87' title='bbox 736 1565 839 1624; x_wconf 87' lang='lat' dir='ltr'><strong>usque.</strong></span> <span class='ocrx_word' id='word_1_88' title='bbox 885 1549 976 1623; x_wconf 79' lang='lat' dir='ltr'><strong>Atqui</strong></span> <span class='ocrx_word' id='word_1_89' title='bbox 1001 1547 1067 1606; x_wconf 78' lang='lat' dir='ltr'><strong>hoc·</strong></span> <span class='ocrx_word' id='word_1_90' title='bbox 1088 1548 1148 1606; x_wconf 88' lang='lat' dir='ltr'><strong>fieri</strong></span> <span class='ocrx_word' id='word_1_91' title='bbox 1173 1565 1229 1607; x_wconf 89' lang='lat' dir='ltr'><strong>non</strong></span> <span class='ocrx_word' id='word_1_92' title='bbox 1257 1556 1363 1624; x_wconf 85' lang='lat' dir='ltr'><strong>potest.</strong></span> <span class='ocrx_word' id='word_1_93' title='bbox 1408 1547 1498 1608; x_wconf 88' lang='lat' dir='ltr'><strong>Nulla</strong></span> <span class='ocrx_word' id='word_1_94' title='bbox 1520 1552 1596 1622; x_wconf 86' lang='lat' dir='ltr'><strong>epim</strong></span> <span class='ocrx_word' id='word_1_95' title='bbox 1626 1556 1670 1606; x_wconf 79' lang='lat' dir='ltr'><strong>est</strong></span> <span class='ocrx_word' id='word_1_96' title='bbox 1699 1553 1745 1607; x_wconf 81' lang='lat' dir='ltr'><strong>oio</strong></span> <span class='ocrx_word' id='word_1_97' title='bbox 1764 1551 1795 1604; x_wconf 83' lang='lat' dir='ltr'><strong>in</strong></span> <span class='ocrx_word' id='word_1_98' title='bbox 1812 1554 1864 1605; x_wconf 69' lang='lat' dir='ltr'><strong>oiri</strong></span> 
     </span>
     <span class='ocr_line' id='line_1_10' title="bbox 544 1634 1892 1731; baseline -0.001 -39"><span class='ocrx_word' id='word_1_99' title='bbox 544 1634 772 1708; x_wconf 72' lang='lat' dir='ltr'><strong>sedictionem,</strong></span> <span class='ocrx_word' id='word_1_100' title='bbox 796 1637 851 1694; x_wconf 91' lang='lat' dir='ltr'><strong>nisi</strong></span> <span class='ocrx_word' id='word_1_101' title='bbox 875 1634 993 1710; x_wconf 84' lang='lat' dir='ltr'><strong>quando</strong></span> <span class='ocrx_word' id='word_1_102' title='bbox 1016 1637 1194 1710; x_wconf 86' lang='lat' dir='ltr'><strong>geometrica</strong></span> <span class='ocrx_word' id='word_1_103' title='bbox 1215 1634 1316 1711; x_wconf 83' lang='lat' dir='ltr'><strong>aliqua</strong></span> <span class='ocrx_word' id='word_1_104' title='bbox 1338 1637 1526 1695; x_wconf 69' lang='lat' dir='ltr'><strong>conformitas</strong></span> <span class='ocrx_word' id='word_1_105' title='bbox 1558 1638 1587 1692; x_wconf 84' lang='lat' dir='ltr'><strong>ic</strong></span> <span class='ocrx_word' id='word_1_106' title='bbox 1609 1647 1733 1711; x_wconf 86' lang='lat' dir='ltr'><strong>aspectu</strong></span> <span class='ocrx_word' id='word_1_107' title='bbox 1761 1651 1809 1693; x_wconf 91' lang='lat' dir='ltr'><strong>scu</strong></span> <span class='ocrx_word' id='word_1_108' title='bbox 1825 1653 1866 1690; x_wconf 82' lang='lat' dir='ltr'><strong>m</strong></span> <span class='ocrx_word' id='word_1_109' title='bbox 1891 1664 1892 1731; x_wconf 72' lang='lat' dir='ltr'><strong>i</strong></span> 
     </span>
     <span class='ocr_line' id='line_1_11' title="bbox 542 1721 1892 1799; baseline -0.003 -19"><span class='ocrx_word' id='word_1_110' title='bbox 542 1721 612 1796; x_wconf 84' lang='lat' dir='ltr'><strong>gulo</strong></span> <span class='ocrx_word' id='word_1_111' title='bbox 638 1723 772 1781; x_wconf 89' lang='lat' dir='ltr'><strong>binarum</strong></span> <span class='ocrx_word' id='word_1_112' title='bbox 799 1721 995 1782; x_wconf 87' lang='lat' dir='ltr'><strong>radiationum</strong></span> <span class='ocrx_word' id='word_1_113' title='bbox 1025 1731 1069 1780; x_wconf 86' lang='lat' dir='ltr'><strong>est</strong></span> <span class='ocrx_word' id='word_1_114' title='bbox 1096 1721 1265 1799; x_wconf 87' lang='lat' dir='ltr'><strong>spectanda.</strong></span> <span class='ocrx_word' id='word_1_115' title='bbox 1309 1722 1377 1782; x_wconf 87' lang='lat' dir='ltr'><strong>Hoc</strong></span> <span class='ocrx_word' id='word_1_116' title='bbox 1406 1740 1474 1782; x_wconf 88' lang='lat' dir='ltr'><strong>vero</strong></span> <span class='ocrx_word' id='word_1_117' title='bbox 1508 1725 1575 1798; x_wconf 86' lang='lat' dir='ltr'><strong>qais</strong></span> <span class='ocrx_word' id='word_1_118' title='bbox 1596 1723 1792 1782; x_wconf 87' lang='lat' dir='ltr'><strong>internuncius</strong></span> <span class='ocrx_word' id='word_1_119' title='bbox 1815 1721 1864 1778; x_wconf 83' lang='lat' dir='ltr'><strong>hinc</strong></span> <span class='ocrx_word' id='word_1_120' title='bbox 1891 1740 1892 1797; x_wconf 79' lang='grc' dir='ltr'>ι</span> 
     </span>
     <span class='ocr_line' id='line_1_12' title="bbox 537 1804 1892 1885; baseline -0.001 -19"><span class='ocrx_word' id='word_1_121' title='bbox 537 1827 556 1866; x_wconf 90' lang='lat' dir='ltr'><strong>a</strong></span> <span class='ocrx_word' id='word_1_122' title='bbox 579 1807 676 1868; x_wconf 83' lang='lat' dir='ltr'><strong>Terris</strong></span> <span class='ocrx_word' id='word_1_123' title='bbox 699 1825 792 1885; x_wconf 88' lang='lat' dir='ltr'><strong>usque</strong></span> <span class='ocrx_word' id='word_1_124' title='bbox 815 1808 852 1868; x_wconf 85' lang='lat' dir='ltr'><strong>nd</strong></span> <span class='ocrx_word' id='word_1_125' title='bbox 876 1809 1033 1868; x_wconf 79' lang='lat' dir='ltr'><strong>Saturnum</strong></span> <span class='ocrx_word' id='word_1_126' title='bbox 1057 1818 1087 1868; x_wconf 90' lang='lat' dir='ltr'><strong>et</strong></span> <span class='ocrx_word' id='word_1_127' title='bbox 1108 1809 1217 1868; x_wconf 81' lang='lat' dir='ltr'><strong>dorem</strong></span> <span class='ocrx_word' id='word_1_128' title='bbox 1240 1809 1379 1879; x_wconf 66' lang='lat' dir='ltr'><strong>indicet„</strong></span> <span class='ocrx_word' id='word_1_129' title='bbox 1393 1819 1426 1868; x_wconf 94' lang='lat' dir='ltr'><strong>ut</strong></span> <span class='ocrx_word' id='word_1_130' title='bbox 1447 1809 1515 1878; x_wconf 79' lang='lat' dir='ltr'><strong>inde</strong></span> <span class='ocrx_word' id='word_1_131' title='bbox 1538 1811 1654 1868; x_wconf 87' lang='lat' dir='ltr'><strong>animas</strong></span> <span class='ocrx_word' id='word_1_132' title='bbox 1677 1809 1725 1868; x_wconf 85' lang='lat' dir='ltr'><strong>ref</strong></span> <span class='ocrx_word' id='word_1_133' title='bbox 1746 1809 1863 1883; x_wconf 83' lang='lat' dir='ltr'><strong>cujusque</strong></span> <span class='ocrx_word' id='word_1_134' title='bbox 1891 1804 1892 1879; x_wconf 74' lang='lat' dir='ltr'>j</span> 
     </span>
     <span class='ocr_line' id='line_1_13' title="bbox 538 1895 1892 1972; baseline 0.001 -18"><span class='ocrx_word' id='word_1_135' title='bbox 538 1913 632 1968; x_wconf 84' lang='lat' dir='ltr'><strong>suum,</strong></span> <span class='ocrx_word' id='word_1_136' title='bbox 657 1895 704 1956; x_wconf 87' lang='lat' dir='ltr'><strong>vel</strong></span> <span class='ocrx_word' id='word_1_137' title='bbox 728 1898 883 1972; x_wconf 78' lang='lat' dir='ltr'><strong>utriusque¹</strong></span> <span class='ocrx_word' id='word_1_138' title='bbox 900 1913 1084 1956; x_wconf 88' lang='lat' dir='ltr'><strong>communem</strong></span> <span class='ocrx_word' id='word_1_139' title='bbox 1106 1899 1135 1954; x_wconf 93' lang='lat' dir='ltr'><strong>in</strong></span> <span class='ocrx_word' id='word_1_140' title='bbox 1158 1897 1264 1957; x_wconf 85' lang='lat' dir='ltr'><strong>Terras</strong></span> <span class='ocrx_word' id='word_1_141' title='bbox 1288 1897 1422 1970; x_wconf 85' lang='lat' dir='ltr'><strong>deducat,</strong></span> <span class='ocrx_word' id='word_1_142' title='bbox 1448 1907 1481 1956; x_wconf 89' lang='lat' dir='ltr'><strong>ut</strong></span> <span class='ocrx_word' id='word_1_143' title='bbox 1503 1897 1551 1956; x_wconf 89' lang='lat' dir='ltr'><strong>hic</strong></span> <span class='ocrx_word' id='word_1_144' title='bbox 1573 1896 1624 1960; x_wconf 86' lang='lat' dir='ltr'><strong>ilia</strong></span> <span class='ocrx_word' id='word_1_145' title='bbox 1647 1900 1711 1954; x_wconf 86' lang='lat' dir='ltr'><strong>uim</strong></span> <span class='ocrx_word' id='word_1_146' title='bbox 1733 1900 1796 1954; x_wconf 70' lang='grc' dir='ltr'><strong>αέα·</strong></span> <span class='ocrx_word' id='word_1_147' title='bbox 1813 1912 1865 1956; x_wconf 80' lang='lat' dir='ltr'><strong>oon</strong></span> <span class='ocrx_word' id='word_1_148' title='bbox 1891 1936 1892 1971; x_wconf 72' lang='lat'>3</span> 
     </span>
     <span class='ocr_line' id='line_1_14' title="bbox 542 1983 1892 2060; baseline -0.001 -18"><span class='ocrx_word' id='word_1_149' title='bbox 542 1984 622 2042; x_wconf 87' lang='lat' dir='ltr'><strong>ciiiet</strong></span> <span class='ocrx_word' id='word_1_150' title='bbox 643 1999 792 2059; x_wconf 89' lang='lat' dir='ltr'><strong>prsesens.</strong></span> <span class='ocrx_word' id='word_1_151' title='bbox 838 1983 954 2042; x_wconf 83' lang='lat' dir='ltr'><strong>Dixeris</strong></span> <span class='ocrx_word' id='word_1_152' title='bbox 977 1987 1086 2060; x_wconf 87' lang='lat' dir='ltr'><strong>potius,</strong></span> <span class='ocrx_word' id='word_1_153' title='bbox 1107 1984 1205 2042; x_wconf 89' lang='lat' dir='ltr'><strong>lumen</strong></span> <span class='ocrx_word' id='word_1_154' title='bbox 1228 1987 1325 2060; x_wconf 90' lang='lat' dir='ltr'><strong>ipsum</strong></span> <span class='ocrx_word' id='word_1_155' title='bbox 1347 1985 1544 2060; x_wconf 88' lang='lat' dir='ltr'><strong>planetarum,</strong></span> <span class='ocrx_word' id='word_1_156' title='bbox 1572 2001 1609 2042; x_wconf 85' lang='lat' dir='ltr'><strong>ex</strong></span> <span class='ocrx_word' id='word_1_157' title='bbox 1631 2001 1692 2058; x_wconf 90' lang='lat' dir='ltr'><strong>quo</strong></span> <span class='ocrx_word' id='word_1_158' title='bbox 1714 1983 1866 2040; x_wconf 81' lang='lat' dir='ltr'><strong>radiationss</strong></span> <span class='ocrx_word' id='word_1_159' title='bbox 1891 1996 1892 2047; x_wconf 77' lang='lat' dir='ltr'><strong>i</strong></span> 
     </span>
     <span class='ocr_line' id='line_1_15' title="bbox 539 2071 1866 2146; baseline -0.002 -17"><span class='ocrx_word' id='word_1_160' title='bbox 539 2078 681 2143; x_wconf 84' lang='lat' dir='ltr'><strong>constant,</strong></span> <span class='ocrx_word' id='word_1_161' title='bbox 706 2071 782 2130; x_wconf 85' lang='lat' dir='ltr'><strong>herro</strong></span> <span class='ocrx_word' id='word_1_162' title='bbox 805 2087 868 2130; x_wconf 88' lang='lat' dir='ltr'><strong>esse</strong></span> <span class='ocrx_word' id='word_1_163' title='bbox 891 2073 1034 2145; x_wconf 86' lang='lat' dir='ltr'><strong>animam,</strong></span> <span class='ocrx_word' id='word_1_164' title='bbox 1058 2074 1135 2129; x_wconf 88' lang='lat' dir='ltr'><strong>sieut</strong></span> <span class='ocrx_word' id='word_1_165' title='bbox 1157 2080 1245 2134; x_wconf 84' lang='lat' dir='ltr'><strong>antea</strong></span> <span class='ocrx_word' id='word_1_166' title='bbox 1266 2081 1398 2130; x_wconf 87' lang='lat' dir='ltr'><strong>nostrum</strong></span> <span class='ocrx_word' id='word_1_167' title='bbox 1420 2071 1498 2131; x_wconf 87' lang='lat' dir='ltr'><strong>lrusc</strong></span> <span class='ocrx_word' id='word_1_168' title='bbox 1519 2075 1618 2131; x_wconf 76' lang='lat' dir='ltr'><strong>aerem</strong></span> <span class='ocrx_word' id='word_1_169' title='bbox 1639 2071 1737 2128; x_wconf 77' lang='lat' dir='ltr'><strong>fecisti</strong></span> <span class='ocrx_word' id='word_1_170' title='bbox 1758 2072 1866 2146; x_wconf 80' lang='lat' dir='ltr'><strong>spiritua</strong></span> 
     </span>
     <span class='ocr_line' id='line_1_16' title="bbox 539 2156 1867 2233; baseline -0.004 -13"><span class='ocrx_word' id='word_1_171' title='bbox 539 2161 654 2220; x_wconf 80' lang='lat' dir='ltr'><strong>atrimae</strong></span> <span class='ocrx_word' id='word_1_172' title='bbox 677 2157 786 2217; x_wconf 90' lang='lat' dir='ltr'><strong>nrundi.</strong></span> <span class='ocrx_word' id='word_1_173' title='bbox 831 2156 906 2216; x_wconf 80' lang='lat' dir='ltr'><strong>Mihi</strong></span> <span class='ocrx_word' id='word_1_174' title='bbox 929 2161 1027 2218; x_wconf 88' lang='lat' dir='ltr'><strong>omnis</strong></span> <span class='ocrx_word' id='word_1_175' title='bbox 1048 2157 1209 2218; x_wconf 87' lang='lat' dir='ltr'><strong>succedunt</strong></span> <span class='ocrx_word' id='word_1_176' title='bbox 1231 2159 1362 2233; x_wconf 78' lang='lat' dir='ltr'><strong>foedius,-</strong></span> <span class='ocrx_word' id='word_1_177' title='bbox 1376 2157 1548 2220; x_wconf 85' lang='lat' dir='ltr'><strong>facultatem</strong></span> <span class='ocrx_word' id='word_1_178' title='bbox 1563 2159 1695 2233; x_wconf 82' lang='lat' dir='ltr'><strong>aliquam</strong></span> <span class='ocrx_word' id='word_1_179' title='bbox 1710 2157 1867 2233; x_wconf 76' lang='lat' dir='ltr'><strong>spiritualer</strong></span> 
     </span>
     <span class='ocr_line' id='line_1_17' title="bbox 539 2243 1606 2322; baseline 0.004 -21"><span class='ocrx_word' id='word_1_180' title='bbox 539 2245 579 2302; x_wconf 72' lang='lat' dir='ltr'><strong>in·</strong></span> <span class='ocrx_word' id='word_1_181' title='bbox 591 2243 680 2304; x_wconf 82' lang='lat' dir='ltr'><strong>Terra</strong></span> <span class='ocrx_word' id='word_1_182' title='bbox 702 2246 830 2322; x_wconf 86' lang='lat' dir='ltr'><strong>ponenti.</strong></span> <span class='ocrx_word' id='word_1_183' title='bbox 1318 2272 1322 2280; x_wconf 89' lang='lat'><strong>·</strong></span> <span class='ocrx_word' id='word_1_184' title='bbox 1603 2292 1606 2305; x_wconf 92' lang='lat'><em>.</em></span> 
     </span>
     <span class='ocr_line' id='line_1_18' title="bbox 541 2331 1892 2409; baseline -0.002 -20"><span class='ocrx_word' id='word_1_185' title='bbox 541 2392 544 2402; x_wconf 61' lang='grc'>,</span> <span class='ocrx_word' id='word_1_186' title='bbox 626 2331 732 2392; x_wconf 83' lang='lat' dir='ltr'><strong>Terrae</strong></span> <span class='ocrx_word' id='word_1_187' title='bbox 756 2333 885 2392; x_wconf 82' lang='lat' dir='ltr'><strong>animam</strong></span> <span class='ocrx_word' id='word_1_188' title='bbox 912 2331 985 2394; x_wconf 84' lang='lat' dir='ltr'><strong>dieis</strong></span> <span class='ocrx_word' id='word_1_189' title='bbox 1014 2335 1113 2408; x_wconf 89' lang='lat' dir='ltr'><strong>potius</strong></span> <span class='ocrx_word' id='word_1_190' title='bbox 1136 2350 1201 2392; x_wconf 88' lang='lat' dir='ltr'><strong>esse</strong></span> <span class='ocrx_word' id='word_1_191' title='bbox 1229 2334 1268 2392; x_wconf 85' lang='lat' dir='ltr'><strong>ab</strong></span> <span class='ocrx_word' id='word_1_192' title='bbox 1297 2336 1365 2392; x_wconf 80' lang='lat' dir='ltr'><strong>aiire</strong></span> <span class='ocrx_word' id='word_1_193' title='bbox 1392 2339 1422 2392; x_wconf 87' lang='lat' dir='ltr'><strong>et</strong></span> <span class='ocrx_word' id='word_1_194' title='bbox 1453 2334 1485 2390; x_wconf 90' lang='lat' dir='ltr'><strong>in</strong></span> <span class='ocrx_word' id='word_1_195' title='bbox 1503 2337 1600 2409; x_wconf 72' lang='lat' dir='ltr'><strong>aere,</strong></span> <span class='ocrx_word' id='word_1_196' title='bbox 1630 2349 1724 2408; x_wconf 84' lang='lat' dir='ltr'><strong>quam</strong></span> <span class='ocrx_word' id='word_1_197' title='bbox 1757 2339 1789 2388; x_wconf 92' lang='lat' dir='ltr'><strong>ut</strong></span> <span class='ocrx_word' id='word_1_198' title='bbox 1807 2333 1864 2388; x_wconf 77' lang='lat' dir='ltr'><strong>a&#39;e&#39;r&#39;s</strong></span> <span class='ocrx_word' id='word_1_199' title='bbox 1891 2398 1892 2403; x_wconf 8' lang='grc' dir='ltr'>γ</span> 
     </span>
     <span class='ocr_line' id='line_1_19' title="bbox 539 2408 1892 2502; baseline -0.005 -24"><span class='ocrx_word' id='word_1_200' title='bbox 539 2425 635 2478; x_wconf 88' lang='lat' dir='ltr'><strong>motus</strong></span> <span class='ocrx_word' id='word_1_201' title='bbox 658 2437 677 2478; x_wconf 89' lang='lat' dir='ltr'><strong>s</strong></span> <span class='ocrx_word' id='word_1_202' title='bbox 699 2419 806 2479; x_wconf 78' lang='lat' dir='ltr'><strong>&#39;ferree</strong></span> <span class='ocrx_word' id='word_1_203' title='bbox 828 2421 925 2478; x_wconf 87' lang='lat' dir='ltr'><strong>snims</strong></span> <span class='ocrx_word' id='word_1_204' title='bbox 947 2419 1115 2502; x_wconf 84' lang='lat' dir='ltr'><strong>procedant.</strong></span> <span class='ocrx_word' id='word_1_205' title='bbox 1159 2420 1224 2480; x_wconf 89' lang='lat' dir='ltr'><strong>Nou</strong></span> <span class='ocrx_word' id='word_1_206' title='bbox 1237 2437 1346 2496; x_wconf 81' lang='lat' dir='ltr'><strong>pugno,</strong></span> <span class='ocrx_word' id='word_1_207' title='bbox 1369 2421 1514 2496; x_wconf 88' lang='lat' dir='ltr'><strong>quinimo</strong></span> <span class='ocrx_word' id='word_1_208' title='bbox 1536 2422 1580 2478; x_wconf 88' lang='lat' dir='ltr'><strong>sic</strong></span> <span class='ocrx_word' id='word_1_209' title='bbox 1601 2419 1722 2494; x_wconf 79' lang='lat' dir='ltr'><strong>punires</strong></span> <span class='ocrx_word' id='word_1_210' title='bbox 1742 2419 1864 2495; x_wconf 85' lang='lat' dir='ltr'><strong>profiteor.</strong></span> <span class='ocrx_word' id='word_1_211' title='bbox 1891 2408 1892 2481; x_wconf 65' lang='lat' dir='ltr'>J</span> 
     </span>
     <span class='ocr_line' id='line_1_20' title="bbox 538 2503 1892 2583; baseline -0.002 -19"><span class='ocrx_word' id='word_1_212' title='bbox 538 2507 633 2578; x_wconf 84' lang='lat' dir='ltr'><strong>hanc,</strong></span> <span class='ocrx_word' id='word_1_213' title='bbox 662 2523 751 2582; x_wconf 87' lang='lat' dir='ltr'><strong>quam</strong></span> <span class='ocrx_word' id='word_1_214' title='bbox 774 2506 857 2580; x_wconf 89' lang='lat' dir='ltr'><strong>dico,</strong></span> <span class='ocrx_word' id='word_1_215' title='bbox 885 2505 992 2566; x_wconf 83' lang='lat' dir='ltr'><strong>Terrae</strong></span> <span class='ocrx_word' id='word_1_216' title='bbox 1016 2507 1202 2579; x_wconf 75' lang='lat' dir='ltr'><strong>facultatem,</strong></span> <span class='ocrx_word' id='word_1_217' title='bbox 1236 2506 1371 2572; x_wconf 84' lang='lat' dir='ltr'><strong>animalis</strong></span> <span class='ocrx_word' id='word_1_218' title='bbox 1393 2507 1532 2579; x_wconf 88' lang='lat' dir='ltr'><strong>similem,</strong></span> <span class='ocrx_word' id='word_1_219' title='bbox 1562 2523 1615 2582; x_wconf 93' lang='lat' dir='ltr'><strong>per</strong></span> <span class='ocrx_word' id='word_1_220' title='bbox 1636 2508 1768 2581; x_wconf 86' lang='lat' dir='ltr'><strong>speciem</strong></span> <span class='ocrx_word' id='word_1_221' title='bbox 1789 2503 1865 2580; x_wconf 77' lang='lat' dir='ltr'><strong>egredi</strong></span> <span class='ocrx_word' id='word_1_222' title='bbox 1891 2518 1892 2583; x_wconf 56' lang='grc' dir='ltr'>ι</span> 
     </span>
     <span class='ocr_line' id='line_1_21' title="bbox 539 2586 1892 2670; baseline -0.002 -18"><span class='ocrx_word' id='word_1_223' title='bbox 539 2596 627 2654; x_wconf 85' lang='lat' dir='ltr'><strong>stium</strong></span> <span class='ocrx_word' id='word_1_224' title='bbox 650 2595 678 2652; x_wconf 92' lang='lat' dir='ltr'><strong>irr</strong></span> <span class='ocrx_word' id='word_1_225' title='bbox 702 2598 798 2654; x_wconf 76' lang='lat' dir='ltr'><strong>adrem</strong></span> <span class='ocrx_word' id='word_1_226' title='bbox 820 2593 1026 2653; x_wconf 81' lang='lat' dir='ltr'><strong>circumfusum</strong></span> <span class='ocrx_word' id='word_1_227' title='bbox 1056 2596 1158 2670; x_wconf 87' lang='lat' dir='ltr'><strong>ibique</strong></span> <span class='ocrx_word' id='word_1_228' title='bbox 1178 2612 1231 2670; x_wconf 88' lang='lat' dir='ltr'><strong>pro</strong></span> <span class='ocrx_word' id='word_1_229' title='bbox 1253 2611 1284 2652; x_wconf 92' lang='lat' dir='ltr'><strong>re</strong></span> <span class='ocrx_word' id='word_1_230' title='bbox 1307 2603 1377 2652; x_wconf 84' lang='lat' dir='ltr'><strong>nata</strong></span> <span class='ocrx_word' id='word_1_231' title='bbox 1404 2598 1526 2670; x_wconf 66' lang='lat' dir='ltr'><strong>gignere*</strong></span> <span class='ocrx_word' id='word_1_232' title='bbox 1546 2592 1691 2666; x_wconf 80' lang='lat' dir='ltr'><strong>bruchos,</strong></span> <span class='ocrx_word' id='word_1_233' title='bbox 1724 2592 1832 2652; x_wconf 84' lang='lat' dir='ltr'><strong>cicadas</strong></span> <span class='ocrx_word' id='word_1_234' title='bbox 1848 2605 1867 2647; x_wconf 74' lang='lat' dir='ltr'><strong>e:</strong></span> <span class='ocrx_word' id='word_1_235' title='bbox 1891 2586 1892 2649; x_wconf 84' lang='lat' dir='ltr'><strong>i</strong></span> 
     </span>
     <span class='ocr_line' id='line_1_22' title="bbox 538 2672 1892 2758; baseline 0.001 -20"><span class='ocrx_word' id='word_1_236' title='bbox 538 2680 598 2740; x_wconf 85' lang='lat' dir='ltr'><strong>alia</strong></span> <span class='ocrx_word' id='word_1_237' title='bbox 620 2683 738 2742; x_wconf 89' lang='lat' dir='ltr'><strong>insecta.</strong></span> <span class='ocrx_word' id='word_1_238' title='bbox 785 2680 824 2738; x_wconf 83' lang='lat' dir='ltr'><strong>At</strong></span> <span class='ocrx_word' id='word_1_239' title='bbox 853 2683 1040 2758; x_wconf 83' lang='lat' dir='ltr'><strong>praecipuam</strong></span> <span class='ocrx_word' id='word_1_240' title='bbox 1067 2682 1114 2751; x_wconf 88' lang='lat' dir='ltr'><strong>illi</strong></span> <span class='ocrx_word' id='word_1_241' title='bbox 1142 2681 1242 2740; x_wconf 90' lang='lat' dir='ltr'><strong>sedem</strong></span> <span class='ocrx_word' id='word_1_242' title='bbox 1265 2684 1293 2739; x_wconf 91' lang='lat' dir='ltr'><strong>in</strong></span> <span class='ocrx_word' id='word_1_243' title='bbox 1316 2686 1383 2740; x_wconf 74' lang='lat' dir='ltr'><strong>aire</strong></span> <span class='ocrx_word' id='word_1_244' title='bbox 1414 2699 1538 2757; x_wconf 88' lang='lat' dir='ltr'><strong>ponere,</strong></span> <span class='ocrx_word' id='word_1_245' title='bbox 1573 2697 1716 2738; x_wconf 81' lang='lat' dir='ltr'><strong>excursus</strong></span> <span class='ocrx_word' id='word_1_246' title='bbox 1743 2672 1892 2739; x_wconf 68' lang='lat' dir='ltr'><strong>solemn}</strong></span> 
     </span>
     <span class='ocr_line' id='line_1_23' title="bbox 538 2744 1892 2844; baseline -0.004 -18"><span class='ocrx_word' id='word_1_247' title='bbox 538 2767 628 2827; x_wconf 78' lang='lat' dir='ltr'><strong>&#39;ferre</strong></span> <span class='ocrx_word' id='word_1_248' title='bbox 651 2767 825 2840; x_wconf 84' lang='lat' dir='ltr'><strong>concedere,</strong></span> <span class='ocrx_word' id='word_1_249' title='bbox 861 2768 916 2835; x_wconf 82' lang='lat' dir='ltr'><strong>froc</strong></span> <span class='ocrx_word' id='word_1_250' title='bbox 939 2768 1059 2843; x_wconf 80' lang='lat' dir='ltr'><strong>perinde</strong></span> <span class='ocrx_word' id='word_1_251' title='bbox 1082 2768 1155 2828; x_wconf 87' lang='lat' dir='ltr'><strong>mihi</strong></span> <span class='ocrx_word' id='word_1_252' title='bbox 1176 2769 1309 2842; x_wconf 82' lang='lat' dir='ltr'><strong>ridetur,</strong></span> <span class='ocrx_word' id='word_1_253' title='bbox 1338 2785 1373 2834; x_wconf 84' lang='lat' dir='ltr'><strong>ac</strong></span> <span class='ocrx_word' id='word_1_254' title='bbox 1395 2771 1421 2826; x_wconf 92' lang='lat' dir='ltr'><strong>si</strong></span> <span class='ocrx_word' id='word_1_255' title='bbox 1444 2772 1509 2844; x_wconf 80' lang='lat' dir='ltr'><strong>quis</strong></span> <span class='ocrx_word' id='word_1_256' title='bbox 1531 2770 1647 2832; x_wconf 83' lang='lat' dir='ltr'><strong>animes</strong></span> <span class='ocrx_word' id='word_1_257' title='bbox 1670 2767 1778 2826; x_wconf 87' lang='lat' dir='ltr'><strong>saitem</strong></span> <span class='ocrx_word' id='word_1_258' title='bbox 1800 2783 1868 2839; x_wconf 79' lang='lat' dir='ltr'><strong>regr-</strong></span> <span class='ocrx_word' id='word_1_259' title='bbox 1891 2744 1892 2831; x_wconf 70' lang='lat' dir='ltr'><strong>l</strong></span> 
     </span>
     <span class='ocr_line' id='line_1_24' title="bbox 538 2855 1868 2939; baseline -0.004 -25"><span class='ocrx_word' id='word_1_260' title='bbox 538 2856 631 2930; x_wconf 81' lang='lat' dir='ltr'><strong>tentis</strong></span> <span class='ocrx_word' id='word_1_261' title='bbox 650 2857 679 2912; x_wconf 93' lang='lat' dir='ltr'><strong>in</strong></span> <span class='ocrx_word' id='word_1_262' title='bbox 702 2855 818 2915; x_wconf 90' lang='lat' dir='ltr'><strong>homine</strong></span> <span class='ocrx_word' id='word_1_263' title='bbox 840 2855 939 2914; x_wconf 89' lang='lat' dir='ltr'><strong>sedern</strong></span> <span class='ocrx_word' id='word_1_264' title='bbox 962 2858 1149 2933; x_wconf 71' lang='lat' dir='ltr'><strong>praecipuam</strong></span> <span class='ocrx_word' id='word_1_265' title='bbox 1172 2856 1283 2915; x_wconf 88' lang='lat' dir='ltr'><strong>diceret</strong></span> <span class='ocrx_word' id='word_1_266' title='bbox 1306 2872 1429 2932; x_wconf 86' lang='lat' dir='ltr'><strong>raperes</strong></span> <span class='ocrx_word' id='word_1_267' title='bbox 1444 2855 1519 2914; x_wconf 62' lang='lat' dir='ltr'><strong>tilios</strong></span> <span class='ocrx_word' id='word_1_268' title='bbox 1541 2871 1724 2939; x_wconf 77' lang='lat' dir='ltr'><strong>excerpere</strong></span> <span class='ocrx_word' id='word_1_269' title='bbox 1740 2855 1868 2931; x_wconf 86' lang='lat' dir='ltr'><strong>exspirm·</strong></span> 
     </span>
     <span class='ocr_line' id='line_1_25' title="bbox 538 2942 1744 3018; baseline -0.001 -18"><span class='ocrx_word' id='word_1_270' title='bbox 538 2951 582 3002; x_wconf 87' lang='lat' dir='ltr'><strong>tes</strong></span> <span class='ocrx_word' id='word_1_271' title='bbox 606 2944 694 3018; x_wconf 85' lang='lat' dir='ltr'><strong>inque</strong></span> <span class='ocrx_word' id='word_1_272' title='bbox 716 2943 840 3002; x_wconf 87' lang='lat' dir='ltr'><strong>sinubus</strong></span> <span class='ocrx_word' id='word_1_273' title='bbox 863 2946 991 3018; x_wconf 90' lang='lat' dir='ltr'><strong>corporis</strong></span> <span class='ocrx_word' id='word_1_274' title='bbox 1015 2943 1185 3016; x_wconf 76' lang='lat' dir='ltr'><strong>haerentes,</strong></span> <span class='ocrx_word' id='word_1_275' title='bbox 1209 2945 1261 3002; x_wconf 86' lang='lat' dir='ltr'><strong>ubi</strong></span> <span class='ocrx_word' id='word_1_276' title='bbox 1282 2943 1434 3017; x_wconf 87' lang='lat' dir='ltr'><strong>pediculos</strong></span> <span class='ocrx_word' id='word_1_277' title='bbox 1457 2951 1487 3003; x_wconf 89' lang='lat' dir='ltr'><strong>ct</strong></span> <span class='ocrx_word' id='word_1_278' title='bbox 1508 2942 1615 3000; x_wconf 75' lang='lat' dir='ltr'><strong>similia</strong></span> <span class='ocrx_word' id='word_1_279' title='bbox 1636 2943 1744 3017; x_wconf 80' lang='lat' dir='ltr'><strong>gignit</strong></span> 
     </span>
    </p>

    <p class='ocr_par' dir='ltr' id='par_1_5' title="bbox 537 3029 1892 3802">
     <span class='ocr_line' id='line_1_26' title="bbox 628 3029 1892 3106; baseline -0.002 -20"><span class='ocrx_word' id='word_1_280' title='bbox 628 3029 746 3105; x_wconf 84' lang='lat' dir='ltr'><strong>Pergis:</strong></span> <span class='ocrx_word' id='word_1_281' title='bbox 783 3033 833 3088; x_wconf 86' lang='lat' dir='ltr'><strong>siin</strong></span> <span class='ocrx_word' id='word_1_282' title='bbox 849 3033 953 3088; x_wconf 64' lang='lat' dir='ltr'><strong>uitem</strong></span> <span class='ocrx_word' id='word_1_283' title='bbox 983 3029 1034 3088; x_wconf 88' lang='lat' dir='ltr'><strong>dat</strong></span> <span class='ocrx_word' id='word_1_284' title='bbox 1063 3033 1148 3106; x_wconf 84' lang='lat' dir='ltr'><strong>aquis</strong></span> <span class='ocrx_word' id='word_1_285' title='bbox 1180 3038 1339 3101; x_wconf 77' lang='lat' dir='ltr'><strong>sitense,</strong></span> <span class='ocrx_word' id='word_1_286' title='bbox 1372 3037 1402 3088; x_wconf 91' lang='lat' dir='ltr'><strong>et</strong></span> <span class='ocrx_word' id='word_1_287' title='bbox 1421 3029 1557 3090; x_wconf 85' lang='lat' dir='ltr'><strong>omnibus</strong></span> <span class='ocrx_word' id='word_1_288' title='bbox 1588 3032 1683 3088; x_wconf 88' lang='lat' dir='ltr'><strong>exiis</strong></span> <span class='ocrx_word' id='word_1_289' title='bbox 1711 3029 1892 3103; x_wconf 45' lang='lat' dir='ltr'><strong>compositis¹¹</strong></span> 
     </span>
     <span class='ocr_line' id='line_1_27' title="bbox 542 3098 1892 3191; baseline -0.004 -17"><span class='ocrx_word' id='word_1_290' title='bbox 542 3115 638 3174; x_wconf 86' lang='lat' dir='ltr'><strong>Velim</strong></span> <span class='ocrx_word' id='word_1_291' title='bbox 661 3119 743 3189; x_wconf 88' lang='lat' dir='ltr'><strong>scire,</strong></span> <span class='ocrx_word' id='word_1_292' title='bbox 767 3133 835 3176; x_wconf 89' lang='lat' dir='ltr'><strong>num</strong></span> <span class='ocrx_word' id='word_1_293' title='bbox 858 3125 955 3178; x_wconf 86' lang='lat' dir='ltr'><strong>tecum</strong></span> <span class='ocrx_word' id='word_1_294' title='bbox 977 3125 1054 3175; x_wconf 90' lang='lat' dir='ltr'><strong>stare</strong></span> <span class='ocrx_word' id='word_1_295' title='bbox 1077 3116 1238 3176; x_wconf 87' lang='lat' dir='ltr'><strong>contendas</strong></span> <span class='ocrx_word' id='word_1_296' title='bbox 1261 3115 1470 3176; x_wconf 73' lang='lat' dir='ltr'><strong>Aristotelem?</strong></span> <span class='ocrx_word' id='word_1_297' title='bbox 1514 3116 1572 3174; x_wconf 88' lang='lat' dir='ltr'><strong>Hic</strong></span> <span class='ocrx_word' id='word_1_298' title='bbox 1585 3115 1708 3191; x_wconf 84' lang='lat' dir='ltr'><strong>quidem</strong></span> <span class='ocrx_word' id='word_1_299' title='bbox 1721 3117 1817 3176; x_wconf 88' lang='lat' dir='ltr'><strong>omnia</strong></span> <span class='ocrx_word' id='word_1_300' title='bbox 1830 3098 1892 3169; x_wconf 60' lang='lat' dir='ltr'><strong>nu*</strong></span> 
     </span>
     <span class='ocr_line' id='line_1_28' title="bbox 540 3199 1869 3278; baseline -0.006 -16"><span class='ocrx_word' id='word_1_301' title='bbox 540 3201 632 3264; x_wconf 86' lang='lat' dir='ltr'><strong>calori</strong></span> <span class='ocrx_word' id='word_1_302' title='bbox 655 3203 733 3262; x_wconf 89' lang='lat' dir='ltr'><strong>Solis</strong></span> <span class='ocrx_word' id='word_1_303' title='bbox 755 3205 870 3276; x_wconf 84' lang='lat' dir='ltr'><strong>tribuit,</strong></span> <span class='ocrx_word' id='word_1_304' title='bbox 900 3208 950 3262; x_wconf 82' lang='lat' dir='ltr'><strong>siir</strong></span> <span class='ocrx_word' id='word_1_305' title='bbox 980 3203 1021 3260; x_wconf 91' lang='lat' dir='ltr'><strong>ilfi</strong></span> <span class='ocrx_word' id='word_1_306' title='bbox 1045 3205 1120 3263; x_wconf 89' lang='lat' dir='ltr'><strong>inter</strong></span> <span class='ocrx_word' id='word_1_307' title='bbox 1142 3207 1335 3263; x_wconf 83' lang='lat' dir='ltr'><strong>instrumenta</strong></span> <span class='ocrx_word' id='word_1_308' title='bbox 1355 3199 1410 3264; x_wconf 85' lang='lat' dir='ltr'><strong>est</strong></span> <span class='ocrx_word' id='word_1_309' title='bbox 1456 3204 1492 3261; x_wconf 87' lang='lat' dir='ltr'><strong>Et</strong></span> <span class='ocrx_word' id='word_1_310' title='bbox 1520 3220 1608 3278; x_wconf 86' lang='lat' dir='ltr'><strong>quam</strong></span> <span class='ocrx_word' id='word_1_311' title='bbox 1638 3211 1670 3262; x_wconf 90' lang='lat' dir='ltr'><strong>tu</strong></span> <span class='ocrx_word' id='word_1_312' title='bbox 1693 3203 1770 3262; x_wconf 90' lang='lat' dir='ltr'><strong>dicis</strong></span> <span class='ocrx_word' id='word_1_313' title='bbox 1799 3204 1869 3257; x_wconf 81' lang='lat' dir='ltr'><strong>vitun</strong></span> 
     </span>
     <span class='ocr_line' id='line_1_29' title="bbox 543 3289 1892 3373; baseline -0.004 -25"><span class='ocrx_word' id='word_1_314' title='bbox 543 3292 572 3348; x_wconf 91' lang='lat' dir='ltr'><strong>in</strong></span> <span class='ocrx_word' id='word_1_315' title='bbox 596 3292 681 3365; x_wconf 86' lang='lat' dir='ltr'><strong>equis</strong></span> <span class='ocrx_word' id='word_1_316' title='bbox 703 3298 733 3350; x_wconf 91' lang='lat' dir='ltr'><strong>et</strong></span> <span class='ocrx_word' id='word_1_317' title='bbox 755 3291 861 3360; x_wconf 74' lang='lat' dir='ltr'><strong>terrie?</strong></span> <span class='ocrx_word' id='word_1_318' title='bbox 905 3291 1008 3349; x_wconf 88' lang='lat' dir='ltr'><strong>Nonne</strong></span> <span class='ocrx_word' id='word_1_319' title='bbox 1031 3294 1126 3367; x_wconf 81' lang='lat' dir='ltr'><strong>pisces</strong></span> <span class='ocrx_word' id='word_1_320' title='bbox 1149 3293 1247 3350; x_wconf 85' lang='lat' dir='ltr'><strong>intruis</strong></span> <span class='ocrx_word' id='word_1_321' title='bbox 1270 3290 1342 3364; x_wconf 90' lang='lat' dir='ltr'><strong>illic,</strong></span> <span class='ocrx_word' id='word_1_322' title='bbox 1364 3291 1412 3350; x_wconf 85' lang='lat' dir='ltr'><strong>iric</strong></span> <span class='ocrx_word' id='word_1_323' title='bbox 1427 3289 1567 3368; x_wconf 70' lang='lat' dir='ltr'><strong>plantus?</strong></span> <span class='ocrx_word' id='word_1_324' title='bbox 1612 3289 1892 3373; x_wconf 60' lang='lat' dir='ltr'><strong>tegernseensem</strong></span> 
     </span>
     <span class='ocr_line' id='line_1_30' title="bbox 541 3371 1892 3453; baseline -0.002 -19"><span class='ocrx_word' id='word_1_325' title='bbox 541 3375 611 3434; x_wconf 88' lang='lat' dir='ltr'><strong>oiim</strong></span> <span class='ocrx_word' id='word_1_326' title='bbox 635 3377 789 3436; x_wconf 88' lang='lat' dir='ltr'><strong>obscuram</strong></span> <span class='ocrx_word' id='word_1_327' title='bbox 812 3395 830 3436; x_wconf 88' lang='lat' dir='ltr'><strong>e</strong></span> <span class='ocrx_word' id='word_1_328' title='bbox 853 3376 993 3452; x_wconf 82' lang='lat' dir='ltr'><strong>chymieis</strong></span> <span class='ocrx_word' id='word_1_329' title='bbox 1016 3381 1074 3436; x_wconf 91' lang='lat' dir='ltr'><strong>tuis</strong></span> <span class='ocrx_word' id='word_1_330' title='bbox 1096 3379 1201 3453; x_wconf 88' lang='lat' dir='ltr'><strong>hausi,</strong></span> <span class='ocrx_word' id='word_1_331' title='bbox 1225 3378 1304 3438; x_wconf 88' lang='lat' dir='ltr'><strong>Solis</strong></span> <span class='ocrx_word' id='word_1_332' title='bbox 1319 3395 1384 3437; x_wconf 90' lang='lat' dir='ltr'><strong>esse</strong></span> <span class='ocrx_word' id='word_1_333' title='bbox 1400 3377 1671 3449; x_wconf 62' lang='lat' dir='ltr'><strong>beneficirrmsnon</strong></span> <span class='ocrx_word' id='word_1_334' title='bbox 1693 3379 1789 3446; x_wconf 70' lang='lat' dir='ltr'><strong>aeris,</strong></span> <span class='ocrx_word' id='word_1_335' title='bbox 1810 3371 1892 3449; x_wconf 66' lang='lat' dir='ltr'><strong>qnod}</strong></span> 
     </span>
     <span class='ocr_line' id='line_1_31' title="bbox 539 3460 1892 3545; baseline -0.007 -18"><span class='ocrx_word' id='word_1_336' title='bbox 539 3479 619 3527; x_wconf 73' lang='lat' dir='ltr'><strong>mere</strong></span> <span class='ocrx_word' id='word_1_337' title='bbox 642 3471 754 3524; x_wconf 76' lang='lat' dir='ltr'><strong>scatent</strong></span> <span class='ocrx_word' id='word_1_338' title='bbox 776 3466 927 3535; x_wconf 80' lang='lat' dir='ltr'><strong>monstris,</strong></span> <span class='ocrx_word' id='word_1_339' title='bbox 961 3465 1039 3538; x_wconf 86' lang='lat' dir='ltr'><strong>qnod</strong></span> <span class='ocrx_word' id='word_1_340' title='bbox 1064 3468 1275 3545; x_wconf 79' lang='lat' dir='ltr'><strong>tetraplantur</strong></span> <span class='ocrx_word' id='word_1_341' title='bbox 1306 3466 1368 3524; x_wconf 91' lang='lat' dir='ltr'><strong>sine</strong></span> <span class='ocrx_word' id='word_1_342' title='bbox 1391 3466 1517 3538; x_wconf 87' lang='lat' dir='ltr'><strong>semine,</strong></span> <span class='ocrx_word' id='word_1_343' title='bbox 1552 3461 1631 3538; x_wconf 89' lang='lat' dir='ltr'><strong>quod</strong></span> <span class='ocrx_word' id='word_1_344' title='bbox 1653 3463 1780 3535; x_wconf 82' lang='lat' dir='ltr'><strong>lacuna,</strong></span> <span class='ocrx_word' id='word_1_345' title='bbox 1810 3460 1892 3520; x_wconf 47' lang='lat' dir='ltr'><strong>Soli¹</strong></span> 
     </span>
     <span class='ocr_line' id='line_1_32' title="bbox 537 3549 1892 3631; baseline -0.003 -21"><span class='ocrx_word' id='word_1_346' title='bbox 537 3549 692 3610; x_wconf 81' lang='lat' dir='ltr'><strong>&#39;ardoribus</strong></span> <span class='ocrx_word' id='word_1_347' title='bbox 714 3551 874 3626; x_wconf 85' lang='lat' dir='ltr'><strong>tepefacta,</strong></span> <span class='ocrx_word' id='word_1_348' title='bbox 898 3568 999 3610; x_wconf 82' lang='lat' dir='ltr'><strong>mures</strong></span> <span class='ocrx_word' id='word_1_349' title='bbox 1022 3553 1173 3628; x_wconf 83' lang='lat' dir='ltr'><strong>producat.</strong></span> <span class='ocrx_word' id='word_1_350' title='bbox 1218 3551 1373 3627; x_wconf 87' lang='lat' dir='ltr'><strong>Quomodo</strong></span> <span class='ocrx_word' id='word_1_351' title='bbox 1396 3555 1488 3610; x_wconf 85' lang='lat' dir='ltr'><strong>sitam</strong></span> <span class='ocrx_word' id='word_1_352' title='bbox 1511 3550 1576 3610; x_wconf 84' lang='lat' dir='ltr'><strong>aliis</strong></span> <span class='ocrx_word' id='word_1_353' title='bbox 1600 3551 1682 3610; x_wconf 79' lang='lat' dir='ltr'><strong>debit</strong></span> <span class='ocrx_word' id='word_1_354' title='bbox 1704 3555 1774 3622; x_wconf 77' lang='lat' dir='ltr'><strong>aiis,</strong></span> <span class='ocrx_word' id='word_1_355' title='bbox 1801 3565 1892 3631; x_wconf 44' lang='lat' dir='ltr'><strong>quarti</strong></span> 
     </span>
     <span class='ocr_line' id='line_1_33' title="bbox 538 3630 1892 3715; baseline -0.004 -19"><span class='ocrx_word' id='word_1_356' title='bbox 538 3638 708 3698; x_wconf 82' lang='lat' dir='ltr'><strong>nonhabet</strong></span> <span class='ocrx_word' id='word_1_357' title='bbox 731 3637 814 3714; x_wconf 82' lang='lat' dir='ltr'><strong>ipse?</strong></span> <span class='ocrx_word' id='word_1_358' title='bbox 859 3637 922 3696; x_wconf 85' lang='lat' dir='ltr'><strong>Nisi</strong></span> <span class='ocrx_word' id='word_1_359' title='bbox 953 3647 982 3697; x_wconf 91' lang='lat' dir='ltr'><strong>trr</strong></span> <span class='ocrx_word' id='word_1_360' title='bbox 1006 3641 1061 3704; x_wconf 84' lang='lat' dir='ltr'><strong>sub</strong></span> <span class='ocrx_word' id='word_1_361' title='bbox 1092 3643 1168 3700; x_wconf 76' lang='lat' dir='ltr'><strong>airis</strong></span> <span class='ocrx_word' id='word_1_362' title='bbox 1191 3657 1264 3700; x_wconf 83' lang='lat' dir='ltr'><strong>voce</strong></span> <span class='ocrx_word' id='word_1_363' title='bbox 1294 3640 1379 3698; x_wconf 89' lang='lat' dir='ltr'><strong>nobis</strong></span> <span class='ocrx_word' id='word_1_364' title='bbox 1407 3641 1558 3715; x_wconf 81' lang='lat' dir='ltr'><strong>quippiam</strong></span> <span class='ocrx_word' id='word_1_365' title='bbox 1588 3630 1718 3696; x_wconf 82' lang='lat' dir='ltr'><strong>divinius</strong></span> <span class='ocrx_word' id='word_1_366' title='bbox 1742 3635 1892 3696; x_wconf 62' lang='lat' dir='ltr'><strong>abundini</strong></span> 
     </span>
     <span class='ocr_line' id='line_1_34' title="bbox 540 3723 1870 3802; baseline -0.002 -20"><span class='ocrx_word' id='word_1_367' title='bbox 540 3741 628 3801; x_wconf 82' lang='lat' dir='ltr'><strong>quam</strong></span> <span class='ocrx_word' id='word_1_368' title='bbox 648 3732 695 3784; x_wconf 89' lang='lat' dir='ltr'><strong>est</strong></span> <span class='ocrx_word' id='word_1_369' title='bbox 717 3726 771 3783; x_wconf 89' lang='lat' dir='ltr'><strong>iste</strong></span> <span class='ocrx_word' id='word_1_370' title='bbox 795 3727 1072 3799; x_wconf 56' lang='lat' dir='ltr'><strong>nosseirenmstans,</strong></span> <span class='ocrx_word' id='word_1_371' title='bbox 1095 3745 1132 3787; x_wconf 85' lang='lat' dir='ltr'><strong>ex</strong></span> <span class='ocrx_word' id='word_1_372' title='bbox 1154 3728 1324 3786; x_wconf 87' lang='lat' dir='ltr'><strong>humoribus</strong></span> <span class='ocrx_word' id='word_1_373' title='bbox 1346 3736 1521 3786; x_wconf 81' lang='lat' dir='ltr'><strong>extenuatus</strong></span> <span class='ocrx_word' id='word_1_374' title='bbox 1545 3741 1645 3802; x_wconf 84' lang='lat' dir='ltr'><strong>vapor.</strong></span> <span class='ocrx_word' id='word_1_375' title='bbox 1689 3723 1770 3797; x_wconf 84' lang='lat' dir='ltr'><strong>Scio,</strong></span> <span class='ocrx_word' id='word_1_376' title='bbox 1794 3726 1870 3799; x_wconf 75' lang='lat' dir='ltr'><strong>pisos</strong></span> 
     </span>
    </p>
   </div>
   <div class='ocr_carea' id='block_1_3' title="bbox 432 3813 1869 3889">
    <p class='ocr_par' dir='ltr' id='par_1_6' title="bbox 432 3813 1869 3889">
     <span class='ocr_line' id='line_1_35' title="bbox 432 3813 1869 3889; baseline -0.007 -17"><span class='ocrx_word' id='word_1_377' title='bbox 432 3825 435 3840; x_wconf 90' lang='grc'><em>·</em></span> <span class='ocrx_word' id='word_1_378' title='bbox 537 3816 634 3872; x_wconf 71' lang='lat' dir='ltr'><strong>uitem</strong></span> <span class='ocrx_word' id='word_1_379' title='bbox 658 3814 806 3888; x_wconf 78' lang='lat' dir='ltr'><strong>continere</strong></span> <span class='ocrx_word' id='word_1_380' title='bbox 829 3815 858 3870; x_wconf 91' lang='lat' dir='ltr'><strong>in</strong></span> <span class='ocrx_word' id='word_1_381' title='bbox 881 3815 1028 3888; x_wconf 84' lang='lat' dir='ltr'><strong>geminata</strong></span> <span class='ocrx_word' id='word_1_382' title='bbox 1051 3817 1159 3888; x_wconf 83' lang='lat' dir='ltr'><strong>vesica,</strong></span> <span class='ocrx_word' id='word_1_383' title='bbox 1181 3814 1235 3874; x_wconf 88' lang='lat' dir='ltr'><strong>sed</strong></span> <span class='ocrx_word' id='word_1_384' title='bbox 1257 3832 1333 3889; x_wconf 87' lang='lat' dir='ltr'><strong>qnae</strong></span> <span class='ocrx_word' id='word_1_385' title='bbox 1357 3813 1414 3884; x_wconf 76' lang='lat' dir='ltr'><strong>iliis</strong></span> <span class='ocrx_word' id='word_1_386' title='bbox 1437 3815 1658 3878; x_wconf 74' lang='lat' dir='ltr'><strong>instrumentum</strong></span> <span class='ocrx_word' id='word_1_387' title='bbox 1673 3819 1721 3869; x_wconf 87' lang='lat' dir='ltr'><strong>est</strong></span> <span class='ocrx_word' id='word_1_388' title='bbox 1743 3820 1834 3870; x_wconf 84' lang='lat' dir='ltr'><strong>motus</strong></span> <span class='ocrx_word' id='word_1_389' title='bbox 1849 3820 1869 3864; x_wconf 78' lang='lat' dir='ltr'><strong>et</strong></span> 
     </span>
    </p>
   </div>
   <div class='ocr_carea' id='block_1_4' title="bbox 534 3898 1892 5285">
    <p class='ocr_par' dir='ltr' id='par_1_7' title="bbox 536 3898 1892 4936">
     <span class='ocr_line' id='line_1_36' title="bbox 539 3898 1892 3980; baseline -0.004 -22"><span class='ocrx_word' id='word_1_390' title='bbox 539 3902 663 3980; x_wconf 84' lang='lat' dir='ltr'><strong>quietis,</strong></span> <span class='ocrx_word' id='word_1_391' title='bbox 695 3907 724 3960; x_wconf 92' lang='lat' dir='ltr'><strong>et</strong></span> <span class='ocrx_word' id='word_1_392' title='bbox 747 3899 899 3976; x_wconf 87' lang='lat' dir='ltr'><strong>cujusdem</strong></span> <span class='ocrx_word' id='word_1_393' title='bbox 923 3903 1007 3976; x_wconf 87' lang='lat' dir='ltr'><strong>quasi</strong></span> <span class='ocrx_word' id='word_1_394' title='bbox 1030 3903 1231 3980; x_wconf 80' lang='lat' dir='ltr'><strong>suspensionis</strong></span> <span class='ocrx_word' id='word_1_395' title='bbox 1254 3900 1395 3960; x_wconf 78' lang='lat' dir='ltr'><strong>riaturulis</strong></span> <span class='ocrx_word' id='word_1_396' title='bbox 1418 3917 1455 3959; x_wconf 81' lang='lat' dir='ltr'><strong>cx</strong></span> <span class='ocrx_word' id='word_1_397' title='bbox 1475 3917 1574 3974; x_wconf 89' lang='lat' dir='ltr'><strong>aquae</strong></span> <span class='ocrx_word' id='word_1_398' title='bbox 1593 3898 1766 3975; x_wconf 81' lang='lat' dir='ltr'><strong>superficie3</strong></span> <span class='ocrx_word' id='word_1_399' title='bbox 1791 3901 1892 3971; x_wconf 53' lang='lat' dir='ltr'><strong>funeri</strong></span> 
     </span>
     <span class='ocr_line' id='line_1_37' title="bbox 536 3980 1892 4062; baseline -0.006 -16"><span class='ocrx_word' id='word_1_400' title='bbox 536 3997 628 4046; x_wconf 86' lang='lat' dir='ltr'><strong>restet</strong></span> <span class='ocrx_word' id='word_1_401' title='bbox 651 3989 687 4046; x_wconf 92' lang='lat' dir='ltr'><strong>iis</strong></span> <span class='ocrx_word' id='word_1_402' title='bbox 710 3987 957 4050; x_wconf 67' lang='lat' dir='ltr'><strong>meneuvensis</strong></span> <span class='ocrx_word' id='word_1_403' title='bbox 980 3988 1109 4062; x_wconf 83' lang='lat' dir='ltr'><strong>inclusis,</strong></span> <span class='ocrx_word' id='word_1_404' title='bbox 1134 3992 1222 4049; x_wconf 88' lang='lat' dir='ltr'><strong>etiam</strong></span> <span class='ocrx_word' id='word_1_405' title='bbox 1245 4005 1317 4047; x_wconf 89' lang='lat' dir='ltr'><strong>cum</strong></span> <span class='ocrx_word' id='word_1_406' title='bbox 1326 3989 1424 4046; x_wconf 87' lang='lat' dir='ltr'><strong>anima</strong></span> <span class='ocrx_word' id='word_1_407' title='bbox 1439 3989 1565 4047; x_wconf 81' lang='lat' dir='ltr'><strong>excessit</strong></span> <span class='ocrx_word' id='word_1_408' title='bbox 1579 4002 1747 4061; x_wconf 79' lang='lat' dir='ltr'><strong>corpusque</strong></span> <span class='ocrx_word' id='word_1_409' title='bbox 1757 3986 1869 4044; x_wconf 85' lang='lat' dir='ltr'><strong>exanime</strong></span> <span class='ocrx_word' id='word_1_410' title='bbox 1891 3980 1892 4059; x_wconf 45' lang='lat' dir='ltr'><strong>i</strong></span> 
     </span>
     <span class='ocr_line' id='line_1_38' title="bbox 538 4066 1892 4152; baseline -0.007 -20"><span class='ocrx_word' id='word_1_411' title='bbox 538 4074 682 4152; x_wconf 84' lang='lat' dir='ltr'><strong>dependet</strong></span> <span class='ocrx_word' id='word_1_412' title='bbox 707 4075 769 4150; x_wconf 81' lang='lat' dir='ltr'><strong>jam</strong></span> <span class='ocrx_word' id='word_1_413' title='bbox 791 4091 809 4133; x_wconf 89' lang='lat' dir='ltr'><strong>a</strong></span> <span class='ocrx_word' id='word_1_414' title='bbox 832 4083 949 4148; x_wconf 77' lang='lat' dir='ltr'><strong>ventre,</strong></span> <span class='ocrx_word' id='word_1_415' title='bbox 980 4078 1030 4151; x_wconf 87' lang='lat' dir='ltr'><strong>qui</strong></span> <span class='ocrx_word' id='word_1_416' title='bbox 1054 4079 1185 4136; x_wconf 77' lang='lat' dir='ltr'><strong>vesicam</strong></span> <span class='ocrx_word' id='word_1_417' title='bbox 1214 4075 1291 4134; x_wconf 83' lang='lat' dir='ltr'><strong>franc</strong></span> <span class='ocrx_word' id='word_1_418' title='bbox 1312 4077 1459 4146; x_wconf 87' lang='lat' dir='ltr'><strong>continet,</strong></span> <span class='ocrx_word' id='word_1_419' title='bbox 1490 4091 1556 4132; x_wconf 94' lang='lat' dir='ltr'><strong>cum</strong></span> <span class='ocrx_word' id='word_1_420' title='bbox 1571 4075 1660 4150; x_wconf 81' lang='lat' dir='ltr'><strong>prius</strong></span> <span class='ocrx_word' id='word_1_421' title='bbox 1691 4072 1723 4130; x_wconf 91' lang='lat' dir='ltr'><strong>id</strong></span> <span class='ocrx_word' id='word_1_422' title='bbox 1747 4066 1892 4132; x_wconf 63' lang='lat' dir='ltr'><strong>beneficinl</strong></span> 
     </span>
     <span class='ocr_line' id='line_1_39' title="bbox 536 4158 1892 4224; baseline -0.008 0"><span class='ocrx_word' id='word_1_423' title='bbox 536 4164 652 4224; x_wconf 84' lang='lat' dir='ltr'><strong>animae</strong></span> <span class='ocrx_word' id='word_1_424' title='bbox 681 4164 822 4224; x_wconf 86' lang='lat' dir='ltr'><strong>niteretur</strong></span> <span class='ocrx_word' id='word_1_425' title='bbox 852 4164 1020 4224; x_wconf 79' lang='lat' dir='ltr'><strong>incumbens</strong></span> <span class='ocrx_word' id='word_1_426' title='bbox 1054 4166 1148 4224; x_wconf 81' lang='lat' dir='ltr'><strong>venui</strong></span> <span class='ocrx_word' id='word_1_427' title='bbox 1179 4170 1209 4222; x_wconf 91' lang='lat' dir='ltr'><strong>et</strong></span> <span class='ocrx_word' id='word_1_428' title='bbox 1230 4169 1427 4222; x_wconf 87' lang='lat' dir='ltr'><strong>sustentatum</strong></span> <span class='ocrx_word' id='word_1_429' title='bbox 1454 4161 1492 4220; x_wconf 87' lang='lat' dir='ltr'><strong>ab</strong></span> <span class='ocrx_word' id='word_1_430' title='bbox 1516 4178 1561 4220; x_wconf 89' lang='lat' dir='ltr'><strong>eo.</strong></span> <span class='ocrx_word' id='word_1_431' title='bbox 1608 4158 1690 4219; x_wconf 73' lang='lat' dir='ltr'><strong>Adeo</strong></span> <span class='ocrx_word' id='word_1_432' title='bbox 1723 4159 1817 4219; x_wconf 85' lang='lat' dir='ltr'><strong>differt</strong></span> <span class='ocrx_word' id='word_1_433' title='bbox 1834 4159 1892 4215; x_wconf 52' lang='lat' dir='ltr'><strong>inv</strong></span> 
     </span>
     <span class='ocr_line' id='line_1_40' title="bbox 538 4243 1868 4322; baseline -0.006 -14"><span class='ocrx_word' id='word_1_434' title='bbox 538 4255 730 4308; x_wconf 87' lang='lat' dir='ltr'><strong>strumentum</strong></span> <span class='ocrx_word' id='word_1_435' title='bbox 753 4264 771 4308; x_wconf 79' lang='lat' dir='ltr'><strong>s</strong></span> <span class='ocrx_word' id='word_1_436' title='bbox 793 4255 919 4322; x_wconf 85' lang='lat' dir='ltr'><strong>motare,</strong></span> <span class='ocrx_word' id='word_1_437' title='bbox 953 4251 1071 4310; x_wconf 63' lang='lat' dir='ltr'><strong>admei)</strong></span> <span class='ocrx_word' id='word_1_438' title='bbox 1094 4254 1201 4311; x_wconf 85' lang='lat' dir='ltr'><strong>anime.</strong></span> <span class='ocrx_word' id='word_1_439' title='bbox 1245 4250 1313 4309; x_wconf 87' lang='lat' dir='ltr'><strong>Scio</strong></span> <span class='ocrx_word' id='word_1_440' title='bbox 1344 4253 1447 4321; x_wconf 81' lang='lat' dir='ltr'><strong>etiam,</strong></span> <span class='ocrx_word' id='word_1_441' title='bbox 1479 4246 1620 4306; x_wconf 86' lang='lat' dir='ltr'><strong>animalia</strong></span> <span class='ocrx_word' id='word_1_442' title='bbox 1646 4247 1789 4312; x_wconf 70' lang='lat' dir='ltr'><strong>benefido</strong></span> <span class='ocrx_word' id='word_1_443' title='bbox 1810 4243 1868 4302; x_wconf 76' lang='lat' dir='ltr'><strong>airis</strong></span> 
     </span>
     <span class='ocr_line' id='line_1_41' title="bbox 538 4335 1867 4415; baseline -0.01 -18"><span class='ocrx_word' id='word_1_444' title='bbox 538 4339 665 4397; x_wconf 84' lang='lat' dir='ltr'><strong>animam</strong></span> <span class='ocrx_word' id='word_1_445' title='bbox 687 4337 819 4408; x_wconf 84' lang='lat' dir='ltr'><strong>retinere,</strong></span> <span class='ocrx_word' id='word_1_446' title='bbox 843 4336 1000 4396; x_wconf 87' lang='lat' dir='ltr'><strong>intercluso</strong></span> <span class='ocrx_word' id='word_1_447' title='bbox 1023 4335 1075 4396; x_wconf 86' lang='lat' dir='ltr'><strong>iilo</strong></span> <span class='ocrx_word' id='word_1_448' title='bbox 1099 4341 1260 4415; x_wconf 75' lang='lat' dir='ltr'><strong>exspirare3</strong></span> <span class='ocrx_word' id='word_1_449' title='bbox 1282 4353 1341 4396; x_wconf 89' lang='lat' dir='ltr'><strong>non</strong></span> <span class='ocrx_word' id='word_1_450' title='bbox 1363 4342 1528 4396; x_wconf 86' lang='lat' dir='ltr'><strong>esttamen</strong></span> <span class='ocrx_word' id='word_1_451' title='bbox 1550 4338 1600 4394; x_wconf 83' lang='lat' dir='ltr'><strong>a&#39;e‘r</strong></span> <span class='ocrx_word' id='word_1_452' title='bbox 1614 4336 1714 4392; x_wconf 85' lang='lat' dir='ltr'><strong>anima</strong></span> <span class='ocrx_word' id='word_1_453' title='bbox 1737 4335 1808 4410; x_wconf 81' lang='lat' dir='ltr'><strong>ipss,</strong></span> <span class='ocrx_word' id='word_1_454' title='bbox 1827 4344 1867 4386; x_wconf 87' lang='lat' dir='ltr'><strong>uer</strong></span> 
     </span>
     <span class='ocr_line' id='line_1_42' title="bbox 544 4420 1868 4498; baseline -0.004 -16"><span class='ocrx_word' id='word_1_455' title='bbox 544 4425 633 4482; x_wconf 83' lang='lat' dir='ltr'><strong>vitum</strong></span> <span class='ocrx_word' id='word_1_456' title='bbox 656 4422 707 4482; x_wconf 83' lang='lat' dir='ltr'><strong>dat</strong></span> <span class='ocrx_word' id='word_1_457' title='bbox 728 4424 895 4498; x_wconf 79' lang='lat' dir='ltr'><strong>inspiratus,</strong></span> <span class='ocrx_word' id='word_1_458' title='bbox 918 4422 970 4484; x_wconf 86' lang='lat' dir='ltr'><strong>sed</strong></span> <span class='ocrx_word' id='word_1_459' title='bbox 995 4425 1118 4486; x_wconf 87' lang='lat' dir='ltr'><strong>ventilat</strong></span> <span class='ocrx_word' id='word_1_460' title='bbox 1141 4427 1286 4485; x_wconf 86' lang='lat' dir='ltr'><strong>flammam</strong></span> <span class='ocrx_word' id='word_1_461' title='bbox 1303 4425 1382 4483; x_wconf 86' lang='lat' dir='ltr'><strong>vitae</strong></span> <span class='ocrx_word' id='word_1_462' title='bbox 1405 4425 1433 4480; x_wconf 90' lang='lat' dir='ltr'><strong>in</strong></span> <span class='ocrx_word' id='word_1_463' title='bbox 1452 4422 1548 4482; x_wconf 88' lang='lat' dir='ltr'><strong>cordis</strong></span> <span class='ocrx_word' id='word_1_464' title='bbox 1564 4421 1684 4480; x_wconf 89' lang='lat' dir='ltr'><strong>fatebris</strong></span> <span class='ocrx_word' id='word_1_465' title='bbox 1706 4420 1868 4495; x_wconf 74' lang='lat' dir='ltr'><strong>fiagrantem</strong></span> 
     </span>
     <span class='ocr_line' id='line_1_43' title="bbox 540 4504 1868 4588; baseline -0.006 -20"><span class='ocrx_word' id='word_1_466' title='bbox 540 4519 738 4587; x_wconf 72' lang='lat' dir='ltr'><strong>soluturusne</strong></span> <span class='ocrx_word' id='word_1_467' title='bbox 762 4509 811 4574; x_wconf 83' lang='lat' dir='ltr'><strong>ills</strong></span> <span class='ocrx_word' id='word_1_468' title='bbox 833 4526 866 4568; x_wconf 88' lang='lat' dir='ltr'><strong>se</strong></span> <span class='ocrx_word' id='word_1_469' title='bbox 888 4512 987 4587; x_wconf 86' lang='lat' dir='ltr'><strong>ipsam</strong></span> <span class='ocrx_word' id='word_1_470' title='bbox 1005 4519 1110 4588; x_wconf 87' lang='lat' dir='ltr'><strong>suapte</strong></span> <span class='ocrx_word' id='word_1_471' title='bbox 1131 4513 1254 4586; x_wconf 81' lang='lat' dir='ltr'><strong>iuligine</strong></span> <span class='ocrx_word' id='word_1_472' title='bbox 1276 4511 1409 4584; x_wconf 71' lang='lat' dir='ltr'><strong>suffocet,</strong></span> <span class='ocrx_word' id='word_1_473' title='bbox 1432 4510 1607 4568; x_wconf 79' lang='lat' dir='ltr'><strong>suffocatam</strong></span> <span class='ocrx_word' id='word_1_474' title='bbox 1628 4515 1681 4566; x_wconf 89' lang='lat' dir='ltr'><strong>aut</strong></span> <span class='ocrx_word' id='word_1_475' title='bbox 1703 4525 1761 4566; x_wconf 90' lang='lat' dir='ltr'><strong>non</strong></span> <span class='ocrx_word' id='word_1_476' title='bbox 1780 4504 1868 4565; x_wconf 82' lang='lat' dir='ltr'><strong>arden</strong></span> 
     </span>
     <span class='ocr_line' id='line_1_44' title="bbox 538 4595 1867 4674; baseline -0.007 -16"><span class='ocrx_word' id='word_1_477' title='bbox 538 4605 596 4658; x_wconf 83' lang='lat' dir='ltr'><strong>tem</strong></span> <span class='ocrx_word' id='word_1_478' title='bbox 611 4599 673 4674; x_wconf 90' lang='lat' dir='ltr'><strong>ipse</strong></span> <span class='ocrx_word' id='word_1_479' title='bbox 688 4613 838 4671; x_wconf 79' lang='lat' dir='ltr'><strong>nunquam</strong></span> <span class='ocrx_word' id='word_1_480' title='bbox 860 4596 936 4670; x_wconf 85' lang='lat' dir='ltr'><strong>ultro</strong></span> <span class='ocrx_word' id='word_1_481' title='bbox 959 4598 1102 4674; x_wconf 81' lang='lat' dir='ltr'><strong>incendit3</strong></span> <span class='ocrx_word' id='word_1_482' title='bbox 1134 4600 1225 4658; x_wconf 89' lang='lat' dir='ltr'><strong>multo</strong></span> <span class='ocrx_word' id='word_1_483' title='bbox 1248 4601 1344 4657; x_wconf 90' lang='lat' dir='ltr'><strong>minus</strong></span> <span class='ocrx_word' id='word_1_484' title='bbox 1366 4599 1429 4654; x_wconf 85' lang='lat' dir='ltr'><strong>vita</strong></span> <span class='ocrx_word' id='word_1_485' title='bbox 1450 4598 1513 4673; x_wconf 91' lang='lat' dir='ltr'><strong>ipse</strong></span> <span class='ocrx_word' id='word_1_486' title='bbox 1527 4606 1572 4654; x_wconf 90' lang='lat' dir='ltr'><strong>cst</strong></span> <span class='ocrx_word' id='word_1_487' title='bbox 1593 4602 1645 4654; x_wconf 88' lang='lat' dir='ltr'><strong>sut</strong></span> <span class='ocrx_word' id='word_1_488' title='bbox 1660 4595 1698 4653; x_wconf 88' lang='lat' dir='ltr'><strong>sb</strong></span> <span class='ocrx_word' id='word_1_489' title='bbox 1713 4597 1778 4670; x_wconf 89' lang='lat' dir='ltr'><strong>ipso</strong></span> <span class='ocrx_word' id='word_1_490' title='bbox 1792 4597 1867 4652; x_wconf 67' lang='lat' dir='ltr'><strong>coctu</strong></span> 
     </span>
     <span class='ocr_line' id='line_1_45' title="bbox 538 4682 1865 4762; baseline -0.005 -19"><span class='ocrx_word' id='word_1_491' title='bbox 538 4685 583 4746; x_wconf 87' lang='lat' dir='ltr'><strong>De</strong></span> <span class='ocrx_word' id='word_1_492' title='bbox 605 4685 712 4762; x_wconf 88' lang='lat' dir='ltr'><strong>plantis</strong></span> <span class='ocrx_word' id='word_1_493' title='bbox 735 4683 806 4742; x_wconf 77' lang='lat' dir='ltr'><strong>ninii</strong></span> <span class='ocrx_word' id='word_1_494' title='bbox 829 4684 925 4744; x_wconf 87' lang='lat' dir='ltr'><strong>simile</strong></span> <span class='ocrx_word' id='word_1_495' title='bbox 948 4684 1006 4744; x_wconf 88' lang='lat' dir='ltr'><strong>dici</strong></span> <span class='ocrx_word' id='word_1_496' title='bbox 1028 4693 1140 4761; x_wconf 79' lang='lat' dir='ltr'><strong>potest3</strong></span> <span class='ocrx_word' id='word_1_497' title='bbox 1164 4686 1262 4745; x_wconf 86' lang='lat' dir='ltr'><strong>nullas</strong></span> <span class='ocrx_word' id='word_1_498' title='bbox 1284 4686 1332 4744; x_wconf 89' lang='lat' dir='ltr'><strong>hic</strong></span> <span class='ocrx_word' id='word_1_499' title='bbox 1355 4687 1433 4742; x_wconf 87' lang='lat' dir='ltr'><strong>ritae</strong></span> <span class='ocrx_word' id='word_1_500' title='bbox 1456 4693 1553 4759; x_wconf 88' lang='lat' dir='ltr'><strong>partes</strong></span> <span class='ocrx_word' id='word_1_501' title='bbox 1575 4689 1673 4741; x_wconf 88' lang='lat' dir='ltr'><strong>tuetur</strong></span> <span class='ocrx_word' id='word_1_502' title='bbox 1695 4687 1759 4752; x_wconf 70' lang='lat' dir='ltr'><strong>aer,</strong></span> <span class='ocrx_word' id='word_1_503' title='bbox 1790 4682 1865 4739; x_wconf 81' lang='lat' dir='ltr'><strong>neuf</strong></span> 
     </span>
     <span class='ocr_line' id='line_1_46' title="bbox 538 4767 1865 4848; baseline -0.002 -18"><span class='ocrx_word' id='word_1_504' title='bbox 538 4775 759 4832; x_wconf 86' lang='lat' dir='ltr'><strong>instrumentum</strong></span> <span class='ocrx_word' id='word_1_505' title='bbox 773 4771 908 4847; x_wconf 81' lang='lat' dir='ltr'><strong>quidern3</strong></span> <span class='ocrx_word' id='word_1_506' title='bbox 932 4773 986 4830; x_wconf 91' lang='lat' dir='ltr'><strong>nisi</strong></span> <span class='ocrx_word' id='word_1_507' title='bbox 1011 4775 1040 4830; x_wconf 92' lang='lat' dir='ltr'><strong>irr</strong></span> <span class='ocrx_word' id='word_1_508' title='bbox 1056 4781 1197 4848; x_wconf 84' lang='lat' dir='ltr'><strong>quantum</strong></span> <span class='ocrx_word' id='word_1_509' title='bbox 1213 4775 1273 4848; x_wconf 88' lang='lat' dir='ltr'><strong>igni</strong></span> <span class='ocrx_word' id='word_1_510' title='bbox 1286 4779 1320 4830; x_wconf 89' lang='lat' dir='ltr'><strong>et</strong></span> <span class='ocrx_word' id='word_1_511' title='bbox 1332 4773 1467 4834; x_wconf 84' lang='lat' dir='ltr'><strong>flammae</strong></span> <span class='ocrx_word' id='word_1_512' title='bbox 1481 4769 1668 4830; x_wconf 72' lang='lat' dir='ltr'><strong>similiorem</strong></span> <span class='ocrx_word' id='word_1_513' title='bbox 1682 4771 1745 4826; x_wconf 84' lang='lat' dir='ltr'><strong>sita</strong></span> <span class='ocrx_word' id='word_1_514' title='bbox 1759 4767 1865 4845; x_wconf 80' lang='lat' dir='ltr'><strong>plantae</strong></span> 
     </span>
     <span class='ocr_line' id='line_1_47' title="bbox 539 4855 1643 4936; baseline -0.005 -18"><span class='ocrx_word' id='word_1_515' title='bbox 539 4877 627 4934; x_wconf 80' lang='lat' dir='ltr'><strong>quam</strong></span> <span class='ocrx_word' id='word_1_516' title='bbox 649 4860 723 4932; x_wconf 76' lang='lat' dir='ltr'><strong>edri,</strong></span> <span class='ocrx_word' id='word_1_517' title='bbox 749 4865 777 4918; x_wconf 90' lang='lat' dir='ltr'><strong>et</strong></span> <span class='ocrx_word' id='word_1_518' title='bbox 800 4866 896 4918; x_wconf 82' lang='lat' dir='ltr'><strong>tamen</strong></span> <span class='ocrx_word' id='word_1_519' title='bbox 921 4859 1080 4920; x_wconf 86' lang='lat' dir='ltr'><strong>secandum</strong></span> <span class='ocrx_word' id='word_1_520' title='bbox 1102 4869 1133 4920; x_wconf 93' lang='lat' dir='ltr'><strong>te</strong></span> <span class='ocrx_word' id='word_1_521' title='bbox 1155 4857 1314 4920; x_wconf 59' lang='lat' dir='ltr'><strong>sfiPetiam</strong></span> <span class='ocrx_word' id='word_1_522' title='bbox 1336 4859 1444 4936; x_wconf 76' lang='lat' dir='ltr'><strong>Terrae</strong></span> <span class='ocrx_word' id='word_1_523' title='bbox 1463 4861 1559 4919; x_wconf 75' lang='lat' dir='ltr'><strong>situm</strong></span> <span class='ocrx_word' id='word_1_524' title='bbox 1582 4855 1643 4914; x_wconf 80' lang='lat' dir='ltr'><strong>dat</strong></span> 
     </span>
    </p>

    <p class='ocr_par' dir='ltr' id='par_1_8' title="bbox 534 4939 1864 5285">
     <span class='ocr_line' id='line_1_48' title="bbox 626 4939 1864 5034; baseline -0.003 -28"><span class='ocrx_word' id='word_1_525' title='bbox 626 4945 731 5006; x_wconf 86' lang='lat' dir='ltr'><strong>Mirum</strong></span> <span class='ocrx_word' id='word_1_526' title='bbox 754 4945 898 5022; x_wconf 88' lang='lat' dir='ltr'><strong>equidem,</strong></span> <span class='ocrx_word' id='word_1_527' title='bbox 922 4947 1028 5006; x_wconf 84' lang='lat' dir='ltr'><strong>Terrae</strong></span> <span class='ocrx_word' id='word_1_528' title='bbox 1050 4955 1085 5006; x_wconf 89' lang='lat' dir='ltr'><strong>tu</strong></span> <span class='ocrx_word' id='word_1_529' title='bbox 1107 4947 1160 5010; x_wconf 80' lang='lat' dir='ltr'><strong>des</strong></span> <span class='ocrx_word' id='word_1_530' title='bbox 1184 4949 1284 5013; x_wconf 82' lang='lat' dir='ltr'><strong>vitam.</strong></span> <span class='ocrx_word' id='word_1_531' title='bbox 1310 4945 1408 5034; x_wconf 81' lang='lat' dir='ltr'><strong>neque</strong></span> <span class='ocrx_word' id='word_1_532' title='bbox 1430 4962 1477 5005; x_wconf 87' lang='lat' dir='ltr'><strong>me</strong></span> <span class='ocrx_word' id='word_1_533' title='bbox 1499 4945 1607 5022; x_wconf 87' lang='lat' dir='ltr'><strong>pateris</strong></span> <span class='ocrx_word' id='word_1_534' title='bbox 1628 4940 1724 5002; x_wconf 88' lang='lat' dir='ltr'><strong>eidem</strong></span> <span class='ocrx_word' id='word_1_535' title='bbox 1746 4939 1864 5013; x_wconf 73' lang='lat' dir='ltr'><strong>inspirare</strong></span> 
     </span>
     <span class='ocr_line' id='line_1_49' title="bbox 537 5035 1516 5109; baseline -0.002 -17"><span class='ocrx_word' id='word_1_536' title='bbox 537 5049 624 5094; x_wconf 79' lang='lat' dir='ltr'><strong>susm</strong></span> <span class='ocrx_word' id='word_1_537' title='bbox 644 5035 786 5105; x_wconf 80' lang='lat' dir='ltr'><strong>animum,</strong></span> <span class='ocrx_word' id='word_1_538' title='bbox 811 5051 870 5109; x_wconf 83' lang='lat' dir='ltr'><strong>qua</strong></span> <span class='ocrx_word' id='word_1_539' title='bbox 893 5036 984 5093; x_wconf 75' lang='lat' dir='ltr'><strong>viret.</strong></span> <span class='ocrx_word' id='word_1_540' title='bbox 1488 5071 1516 5098; x_wconf 53' lang='lat'><strong>,1</strong></span> 
     </span>
     <span class='ocr_line' id='line_1_50' title="bbox 534 5111 1862 5196; baseline -0.016 -8"><span class='ocrx_word' id='word_1_541' title='bbox 534 5161 538 5174; x_wconf 93' lang='lat'><em>·</em></span> <span class='ocrx_word' id='word_1_542' title='bbox 626 5123 713 5186; x_wconf 72' lang='lat' dir='ltr'><strong>Aser</strong></span> <span class='ocrx_word' id='word_1_543' title='bbox 733 5128 874 5182; x_wconf 70' lang='lat' dir='ltr'><strong>murro</strong></span> <span class='ocrx_word' id='word_1_544' title='bbox 901 5121 1011 5180; x_wconf 76' lang='lat' dir='ltr'><strong>Terrae</strong></span> <span class='ocrx_word' id='word_1_545' title='bbox 1030 5120 1191 5196; x_wconf 72' lang='lat' dir='ltr'><strong>proadem</strong></span> <span class='ocrx_word' id='word_1_546' title='bbox 1212 5124 1337 5194; x_wconf 82' lang='lat' dir='ltr'><strong>enimc,</strong></span> <span class='ocrx_word' id='word_1_547' title='bbox 1368 5118 1425 5177; x_wconf 87' lang='lat' dir='ltr'><strong>hoc</strong></span> <span class='ocrx_word' id='word_1_548' title='bbox 1439 5125 1485 5176; x_wconf 90' lang='lat' dir='ltr'><strong>est</strong></span> <span class='ocrx_word' id='word_1_549' title='bbox 1506 5114 1595 5194; x_wconf 85' lang='lat' dir='ltr'><strong>paulo</strong></span> <span class='ocrx_word' id='word_1_550' title='bbox 1617 5114 1741 5177; x_wconf 85' lang='lat' dir='ltr'><strong>alienius</strong></span> <span class='ocrx_word' id='word_1_551' title='bbox 1762 5111 1862 5171; x_wconf 82' lang='lat' dir='ltr'><strong>verbum</strong></span> 
     </span>
     <span class='ocr_line' id='line_1_51' title="bbox 535 5199 1860 5285; baseline -0.007 -19"><span class='ocrx_word' id='word_1_552' title='bbox 535 5224 559 5266; x_wconf 79' lang='grc' dir='ltr'><strong>ιι</strong></span> <span class='ocrx_word' id='word_1_553' title='bbox 579 5225 645 5272; x_wconf 85' lang='lat' dir='ltr'><strong>mss</strong></span> <span class='ocrx_word' id='word_1_554' title='bbox 666 5207 863 5285; x_wconf 81' lang='lat' dir='ltr'><strong>philosophis.</strong></span> <span class='ocrx_word' id='word_1_555' title='bbox 906 5208 1034 5285; x_wconf 83' lang='lat' dir='ltr'><strong>Propius</strong></span> <span class='ocrx_word' id='word_1_556' title='bbox 1056 5226 1127 5270; x_wconf 86' lang='lat' dir='ltr'><strong>vero</strong></span> <span class='ocrx_word' id='word_1_557' title='bbox 1150 5215 1195 5269; x_wconf 91' lang='lat' dir='ltr'><strong>est</strong></span> <span class='ocrx_word' id='word_1_558' title='bbox 1216 5207 1327 5278; x_wconf 83' lang='lat' dir='ltr'><strong>dicere,</strong></span> <span class='ocrx_word' id='word_1_559' title='bbox 1350 5210 1447 5268; x_wconf 72' lang='lat' dir='ltr'><strong>serem</strong></span> <span class='ocrx_word' id='word_1_560' title='bbox 1468 5205 1551 5281; x_wconf 83' lang='lat' dir='ltr'><strong>gigni</strong></span> <span class='ocrx_word' id='word_1_561' title='bbox 1575 5204 1614 5263; x_wconf 89' lang='lat' dir='ltr'><strong>sb</strong></span> <span class='ocrx_word' id='word_1_562' title='bbox 1637 5204 1737 5262; x_wconf 87' lang='lat' dir='ltr'><strong>anima</strong></span> <span class='ocrx_word' id='word_1_563' title='bbox 1757 5199 1860 5266; x_wconf 71' lang='lat' dir='ltr'><strong>Tenen</strong></span> 
     </span>
    </p>
   </div>
   <div class='ocr_carea' id='block_1_5' title="bbox 0 0 2126 6384">
    <p class='ocr_par' dir='ltr' id='par_1_9' title="bbox 0 0 2126 6384">
     <span class='ocr_line' id='line_1_52' title="bbox 0 0 2126 6384; baseline 0 3"><span class='ocrx_word' id='word_1_564' title='bbox 0 0 2126 6384; x_wconf 95' lang='lat' dir='ltr'><strong> </strong></span> 
     </span>
    </p>
   </div>
  </div>
 </body>
</html>
