4242 6384
660 808 841 873 munais
873 809 956 873 liner
972 812 1022 873 ni
1043 816 1132 888 caput
1148 814 1181 873 v.
1534 826 1595 889 m

250 1006 363 1069 nemon
383 1001 444 1053 tam
468 990 551 1077 ”lm
571 1011 662 1072 quam
685 988 759 1076 ⁷²1„
779 994 966 1057 Intervallum
990 990 1027 1077 ll,
1048 994 1282 1073 deprehendltur.
1328 996 1426 1077 Quare
1451 1016 1517 1061 cunr
1537 1020 1595 1062 na·

252 1091 316 1141 tura
333 1098 386 1139 noa
408 1081 539 1142 docuerit
561 1092 700 1159 coaptare
721 1082 776 1143 leot
797 1099 945 1155 numeros,
969 1084 1008 1143 ob
1030 1087 1191 1153 mutassem
1212 1085 1312 1149 circuli
1335 1104 1388 1163 per
1407 1078 1519 1166 leura·
1541 1088 1595 1151 de·

250 1167 465 1243 monstrabiles,
495 1177 602 1229 nutura
623 1173 712 1245 igitur
733 1168 793 1228 duo
822 1168 978 1230 interualla
999 1172 1197 1248 sesquitertia,
1229 1175 1299 1233 certi
1321 1177 1395 1234 situs
1425 1178 1500 1236 iuter
1521 1175 1595 1236 duos

252 1258 381 1317 terminos
416 1258 613 1335 proportionis
641 1254 765 1335 duplae,
793 1266 861 1315 actu
885 1258 950 1333 ipso
981 1259 1143 1317 sectionum
1173 1256 1274 1319 diuisit
1302 1262 1331 1318 in
1361 1263 1417 1327 tria
1441 1264 1596 1323 intervalla

248 1344 386 1421 perlecta,
416 1346 576 1418 concinna,
603 1353 704 1403 tonum
732 1342 887 1419 majorem,
917 1354 1019 1405 tonum
1041 1346 1183 1406 minorans
1210 1354 1240 1407 et
1261 1348 1456 1409 semitonium.
1502 1350 1594 1427 Atqui

248 1434 328 1490 nium
361 1430 585 1492 intervallorum
612 1434 817 1507 contiguorum
847 1439 963 1508 oportet
991 1448 1056 1493 esse
1086 1432 1168 1493 locos
1199 1450 1253 1494 seu
1275 1450 1364 1495 voces
1393 1452 1446 1497 seu
1470 1436 1594 1499 chordas
1724 1422 1731 1431 ¹

249 1528 376 1594 quunor.
421 1518 500 1579 Hinc
528 1520 617 1595 igitur
643 1516 831 1579 intervallum
853 1521 1070 1598 sesquitertium
1098 1519 1155 1581 dici
1184 1522 1281 1599 coepit
1311 1524 1593 1599 quarta,.aubuudi:

248 1616 346 1682 quarta
367 1622 429 1665 rox
449 1625 470 1667 a
490 1609 586 1683 prima
606 1624 659 1667 scu
682 1607 832 1682 superiore
853 1623 917 1668 seu·
930 1608 1073 1667 interiore.
1118 1606 1229 1669 Eadem
1251 1609 1289 1669 de
1303 1626 1393 1671 caum
1409 1610 1525 1673 Grlteei·
1538 1630 1595 1689 sp·

251 1692 352 1769 pellant
373 1692 432 1753 hoc
453 1693 642 1755 interuallum
663 1698 712 1755 due
733 1714 904 1772 raduanus,
932 1694 1014 1771 quod
1042 1693 1142 1756 latinia
1171 1698 1259 1757 stiam
1281 1696 1373 1759 literis
1395 1702 1593 1777 exprimimus,

254 1784 350 1839 usitato
371 1781 461 1841 modo
483 1782 655 1843 sciribeutes
678 1780 871 1843 diatessaron.

326 1867 467 1945 Sequitur
489 1871 587 1946 igitur,
609 1876 643 1927 ut
661 1871 732 1945 quia
746 1867 932 1927 intervallum
952 1868 1179 1944 sesquialterum
1200 1869 1373 1948 superaddit
1386 1878 1489 1933 tonum
1504 1890 1594 1935 nuum

251 1954 403 2029 perlectum
432 1958 557 2035 (quippe
586 1954 749 2017 differentia
779 1958 855 2017 inter
882 1953 924 2036 Ἃ
953 1962 983 2014 et
1006 1952 1049 2038 ll,
1077 1957 1132 2014 luit
1153 1952 1223 2041 Ἃ),
1246 1976 1282 2019 ex
1304 1957 1361 2019 hoc
1390 1962 1454 2039 ipso
1482 1960 1624 2021 dicatur*

250 2045 350 2117 quinta,
373 2060 443 2116 ser,
470 2060 595 2120 vaccae
615 2044 868 2120 pronunciationis
889 2044 1061 2117 imitatione,
1085 2042 1240 2121 diapante,
1263 2062 1322 2107 nur
1340 2047 1487 2121 cucuma,
1512 2048 1592 2126 qnod

249 2139 310 2189 actu
331 2133 394 2207 ipso
417 2132 449 2189 in
471 2129 594 2192 totidem
616 2133 759 2191 concinna
780 2129 877 2191 creua
905 2147 966 2189 non
985 2141 1055 2191 sunt
1085 2147 1136 2208 per
1165 2135 1311 2194 sectiones
1334 2142 1448 2197 nosnss
1475 2135 1593 2197 barmo-

250 2219 324 2277 nieas
344 2217 501 2279 interualla
522 2218 730 2295 sesquialtera,
763 2235 857 2294 caque
880 2216 916 2277 de
939 2234 1030 2283 aenae
1051 2235 1188 2279 uumerus
1211 2237 1286 2281 uuus
1308 2220 1348 2283 ad
1370 2222 1446 2283 lianc
1469 2222 1593 2285 divisio-

248 2320 306 2364 uern
328 2305 489 2382 plenariam
510 2309 692 2370 necessarius
714 2304 812 2367 adhuc
832 2305 919 2367 nobis
941 2305 1033 2379 desit,
1056 2323 1143 2382 quem
1166 2307 1312 2370 delectum
1325 2308 1407 2371 Deua
1422 2312 1486 2388 ipse
1509 2328 1593 2372 crea·

248 2403 287 2451 tor
308 2394 338 2450 in
360 2392 546 2469 planetarum
567 2395 697 2455 motihns
719 2394 877 2469 expressit,
901 2400 936 2453 ut
955 2392 1032 2453 libro
1054 2396 1158 2469 quinto
1180 2395 1345 2457 audiemus.

324 2480 432 2555 Porro,
463 2483 534 2557 quia
561 2483 604 2539 sic
633 2484 721 2541 etiam
751 2490 811 2539 tam
840 2477 882 2564 it,
910 2496 1000 2556 qnam
1023 2478 1062 2561 lt,
1092 2482 1291 2559 supnaddunt
1317 2483 1527 2561 sesquialterae
1550 2482 1591 2567 ²t,

247 2584 329 2626 unum
350 2584 388 2627 ex
404 2566 470 2643 jam
492 2566 579 2627 dictis
600 2566 761 2641 elementis,
784 2566 856 2625 illud
871 2566 990 2643 quidem
1002 2569 1190 2628 semitonium
1210 2564 1293 2653 “sm
1315 2570 1372 2633 hoc
1395 2588 1465 2632 vcro
1489 2580 1591 2633 tonum

247 2656 379 2715 minorem
398 2650 469 2737 ”lm
492 2672 529 2716 cx
550 2654 608 2715 lsoc
629 2654 815 2733 appellantur
836 2662 954 2730 matta,
977 2652 1051 2713 illud
1074 2654 1194 2733 quidem
1215 2656 1321 2733 maior,
1344 2658 1401 2718 hoc
1423 2660 1526 2720 minor.

856 2752 871 2789 0

480 2812 629 2890 Dispente
858 2812 1051 2873 Diatessaron
1305 2812 1422 2877 Dielrex

323 3410 473 3487 Vicissim,
497 3415 568 3489 qnia
596 3418 657 3472 tam
679 3407 719 3493 ⁴l,
741 3429 831 3488 quarn
852 3406 895 3494 ll,
917 3410 1036 3494 demunt
1067 3410 1103 3471 da
1133 3412 1319 3489 sesquitertia
1348 3430 1438 3473 unum
1467 3432 1503 3475 ex
1525 3414 1589 3492 jam

252 3498 322 3559 netu
354 3500 525 3575 elementis,
561 3498 635 3565 illud
667 3495 785 3577 quidem
821 3501 1007 3560 semitonium
1043 3494 1129 3581 ¹7¹⁸,
1164 3498 1220 3559 hoc
1256 3517 1326 3561 vero
1360 3508 1461 3561 tonum
1493 3506 1590 3565 mino-

252 3602 298 3645 rem
319 3582 390 3673 ’[ω,
413 3595 448 3659 ut
469 3595 619 3647 ostensum
648 3596 694 3646 est
716 3589 811 3665 capite
835 3582 1036 3664 praecedeuti,
1067 3588 1177 3646 restant
1200 3586 1288 3665 igitur
1315 3589 1351 3646 iis
1377 3588 1447 3649 bina
1465 3590 1588 3673 ¹solum·

252 3674 324 3733 nodo
346 3694 384 3735 cx
406 3674 558 3735 elementis
581 3676 745 3746 concinnis,
778 3672 821 3733 illi
844 3672 963 3751 quidem
984 3674 1063 3746 toni,
1093 3674 1187 3751 major
1218 3684 1248 3733 et
1270 3676 1377 3749 minor,
1409 3674 1478 3737 huic
1500 3684 1586 3739 tonna

253 3762 329 3837 najor
351 3771 382 3823 et
395 3764 592 3822 semitonium.
638 3760 681 3819 Ex
702 3760 759 3819 boc
783 3760 904 3837 qnidam
927 3760 1082 3823 intervalla
1105 3760 1180 3820 haee
1207 3761 1359 3839 appellant
1378 3780 1454 3825 soce
1480 3782 1586 3841 gruem

253 3844 361 3925 ditonos,
391 3850 532 3926 maiorem
559 3856 595 3914 ο
617 3851 758 3907 minorem
784 3846 832 3909 vel
862 3848 1085 3927 semiditonum,
1120 3865 1241 3919 cumque
1264 3848 1322 3908 duo
1352 3850 1506 3911 intervalla
1529 3862 1586 3913 tres

254 3940 384 4011 requirant
406 3940 544 3997 terminos
567 3953 619 3996 seu
642 3952 741 4009 uoces,
764 3932 831 3997 ide'o
855 3934 989 3995 dicuntur
1012 3938 1129 4012 tertiae,
1157 3934 1250 4011 major
1273 3944 1302 3997 et
1324 3938 1426 3998 minor.
1449 4006 1452 4014 Α
1472 3936 1510 3999 Et
1531 3938 1588 4001 ho·

254 4038 300 4081 rum
320 4024 541 4085 intervallorum
567 4040 619 4101 per
647 4025 792 4083 sectiones
819 4022 946 4084 chordae
973 4021 1121 4081 naturales
1151 4022 1372 4083 constitutorum
1396 4028 1492 4087 celera
1520 4028 1587 4111 qui-

256 4105 304 4169 lem
324 4118 393 4173 actu
416 4114 460 4172 sic
482 4110 579 4171 diuisa
600 4117 687 4189 sunt,
709 4118 741 4170 at
763 4128 929 4189 supremum
953 4116 982 4169 et
1004 4104 1176 4183 imum'actu
1199 4106 1326 4169 divisum
1343 4117 1388 4171 est
1409 4110 1587 4192 nondum.*)

468 4266 482 4299 4
621 4267 626 4278 ’
645 4262 658 4297 ὃ
1159 4262 1172 4297 d
1301 4262 1314 4295 Ι

342 4302 373 4334 10
590 4312 941 4321 ---···-“--·-
1054 4308 1584 4349 ‘ow-“ffl-

282 4310 942 4401 ’ΞῖὲῦιτΞῖ-Ἳῑζ-ῖθῑ
1002 4322 1565 4403 -..Ennea-nr-*ss-:t-tsz

256 4406 410 4465 :az-⁶
465 4478 479 4512 ὅ
537 4382 570 4411 ⁴
591 4372 943 4509 ζῗξὲἰὲιεῃξῆῑ
1028 4318 1583 4487 .,......ῗτὲ.·3ἓι·.οεξ.;.ξ

320 4588 446 4649 Etcum
473 4588 661 4649 lrarmomcae
685 4585 722 4669 ll,
745 4597 775 4647 et
797 4580 836 4671 ⁸1,
857 4590 918 4648 sint
938 4607 975 4648 ax
995 4597 1181 4666 pentagono,
1211 4588 1295 4665 cujus
1325 4588 1404 4651 latus
1425 4590 1582 4663 incitantia,

257 4670 294 4729 tel
311 4684 337 4735 et
356 4672 397 4756 sss
415 4671 510 4757 est-⁵!⁸
531 4678 675 4735 misceant
696 4674 809 4751 aliquid
831 4674 868 4737 da
890 4684 996 4736 natura
1016 4678 1192 4752 pentagoni,
1213 4674 1281 4735 hinc
1295 4674 1328 4735 llt
1349 4682 1382 4735 ut
1404 4676 1474 4753 biga
1503 4685 1584 4743 utra-

258 4770 299 4829 que
317 4764 353 4822 sit
373 4762 596 4840 imperfectioris
619 4764 844 4837 consonantiae,
867 4780 959 4840 quae,
983 4780 1044 4840 quo
1065 4766 1227 4835 minorent,
1250 4762 1307 4823 hoc
1321 4760 1437 4823 mollior
1452 4772 1481 4823 at
1495 4762 1589 4824 blan-·

258 4840 303 4903 tior
326 4852 446 4911 turibus
467 4850 588 4926 accidit3
616 4852 712 4911 mtuur
740 4866 812 4910 sero
833 4858 880 4911 est
900 4852 930 4909 in
952 4845 995 4934 Ἃ,
1016 4858 1047 4911 et
1068 4846 1122 4933 518,
1151 4852 1222 4925 quia
1250 4856 1343 4909 torum
1366 4850 1506 4911 circulum
1533 4851 1583 4913 val
1675 4916 1679 4927 ,

258 4925 329 5005 leura
354 4940 520 5017 perfectiori
546 4936 584 5020 (s.
613 4938 784 5016 hesmona,
820 4938 905 5014 cujus
929 4936 1009 4997 lutus
1035 4944 1082 4997 cst
1112 4936 1227 4998 affabile
1255 4934 1449 5013 longitudine)
1477 4938 1526 4997 val
1554 4940 1585 4999 lu

258 5030 332 5087 lttlts
350 5026 551 5105 proportionis
572 5027 709 5087 continua
731 5023 840 5102 duplae
859 5024 949 5106 (quac
970 5022 1101 5086 identied
1114 5020 1171 5104 est)
1193 5040 1234 5085 sc.
1258 5025 1286 5081 in
1303 5026 1321 5083 6
1344 5025 1408 5084 et8
1432 5023 1584 5104 dividuut3

259 5160 439 5183 Ἢ

317 5248 340 5296 ‘i
353 5250 467 5293 (lairiacus
481 5251 552 5293 dttonl
566 5262 623 5294 voce
636 5251 709 5292 ntltur
722 5218 750 5292 ad
764 5248 933 5302 atnldunduur
946 5244 1008 5293 allud
1021 5250 1135 5303 quippiam
1149 5260 1177 5292 er
1191 5248 1310 5292 raterrlrua
1322 5246 1420 5299 marles,
1435 5248 1494 5301 quud
1508 5248 1584 5293 diderl

262 5299 342 5354 sturia,
354 5306 436 5357 molare
450 5308 596 5348 consumto.
623 5304 681 5346 Vlda
694 5315 744 5357 asp.
759 5303 790 5347 12
