4242 6384
603 750 749 822 appendix
777 754 813 810 ad
829 754 931 837 librum
944 756 979 812 V.
996 753 1228 815 Harmonleorum.
1525 755 1588 818 369

253 929 432 990 Bobemicum
453 931 594 1006 vicinum,
617 948 678 1009 quo
700 939 731 1000 et
752 934 857 994 itinera
878 943 947 996 sunt
968 934 1108 1012 impedita
1132 941 1161 996 st
1174 935 1301 1012 operarii
1317 934 1449 1012 plerique
1470 935 1591 993 nomina

253 1017 410 1096 profitentur
430 1017 563 1078 militiae.
607 1019 713 1097 ltaque
733 1024 858 1098 primum
881 1040 935 1083 nos
957 1037 1096 1101 papyrus,
1121 1021 1224 1084 deinde
1248 1031 1277 1082 et
1292 1039 1398 1099 operae
1420 1021 1512 1099 praeli
1534 1019 1590 1080 ad-

251 1107 388 1164 ministrae
411 1103 593 1178 deleoerunt,
623 1114 737 1184 tempus
760 1109 889 1186 denique
910 1111 1263 1182 fastidiosissimismoris
1291 1111 1381 1170 nimio
1404 1115 1590 1188 protractum.

252 1191 354 1267 Quibus
376 1193 594 1271 impedimentis
629 1197 773 1256 excitatus
802 1199 852 1256 vix
875 1197 993 1260 tendam
1023 1215 1069 1256 me
1097 1201 1210 1273 respexi
1241 1215 1396 1274 meumque
1426 1198 1590 1255 institutum

251 1281 373 1356 corripui,
398 1283 451 1356 qni
473 1281 580 1341 lihrnm
602 1285 732 1342 auctoris
747 1285 849 1362 optimi
859 1284 1027 1365 Ptolemaei
1040 1294 1070 1344 et
1085 1286 1321 1352 commentatoris
1338 1284 1500 1362 Porphyrii,
1523 1300 1590 1340 mu-

249 1366 321 1424 tilata
343 1367 506 1446 particulae
529 1369 819 1443 editione,·.tantum
842 1389 901 1430 non
924 1390 1099 1450 exponerem
1127 1375 1302 1450 penitusque
1324 1372 1486 1444 abolerem,
1519 1371 1589 1446 quin

254 1459 341 1532 potius
363 1457 455 1532 igitur
477 1456 622 1532 reliquum
644 1475 751 1535 operae
774 1457 925 1529 dimidium
947 1463 977 1517 in
1000 1462 1135 1519 versione
1158 1459 1378 1536 Porphyrisnae
1401 1458 1591 1536 expositionis

248 1536 450 1618 impenderem,
472 1552 559 1614 potas
580 1547 610 1601 in
634 1547 731 1622 capita
753 1546 804 1605 lib.
819 1546 859 1605 11.
883 1556 914 1607 et
929 1547 985 1610 III.
1006 1546 1126 1606 residua
1148 1549 1360 1608 conscriberem
1383 1554 1412 1606 st
1433 1563 1499 1606 cum
1515 1544 1590 1604 Por.-

249 1629 389 1705 phyrisnis
413 1647 539 1706 cumque
555 1632 612 1704 iis,
643 1649 717 1708 quas
739 1633 804 1709 jam
826 1632 925 1694 habeo
954 1625 1135 1711 conscriptas
1164 1637 1192 1691 in
1217 1633 1282 1694 libr.
1305 1633 1360 1692 Ill.
1389 1651 1462 1710 pene
1487 1641 1589 1704 totum,

249 1717 465 1792 conjungerem,
489 1727 522 1776 ut
544 1721 586 1778 ita
608 1736 683 1795 opus
705 1721 865 1796 integretur
888 1731 917 1793 et
938 1739 999 1798 qua
1018 1729 1104 1797 parte
1127 1729 1232 1793 exstat,
1256 1720 1494 1782 Graeculatinnm
1518 1717 1590 1778 eda-

248 1802 305 1861 tur?
348 1802 448 1880 Quam
477 1803 517 1864 ad
544 1804 701 1866 editionem
732 1807 813 1868 aliud
843 1815 959 1886 tempus
989 1809 1125 1885 aliusque
1152 1808 1236 1868 lucus
1266 1811 1422 1885 requiritur
1449 1818 1487 1866 et
1501 1815 1590 1884 typo·

247 1889 363 1967 graplrus
387 1891 524 1952 idoneus.
677 1950 682 1961 ,

321 1978 367 2040 Ne
391 1996 464 2038 vero
486 1979 558 2056 qnid
579 1996 689 2054 eornm,
712 1997 789 2057 quae
810 1999 900 2060 snpra
921 1999 987 2042 sum
1009 1981 1169 2060 pollicitus,
1199 1985 1316 2060 penitus
1339 1981 1496 2044 desiderari
1519 1997 1590 2059 pos-

248 2073 283 2124 set
301 2083 320 2124 a
341 2065 470 2140 lectore,
499 2075 536 2126 ut
553 2085 592 2138 ne
612 2067 691 2126 vel
683 2086 714 2128 m
736 2069 793 2128 hae
815 2069 918 2130 ultima
940 2077 1022 2172 parte
1046 2069 1161 2130 deesset
1189 2070 1301 2146 aliquid
1331 2071 1368 2129 sd
1394 2070 1591 2144 iutegritatem

248 2169 289 2210 sen
308 2152 347 2212 ad
369 2152 535 2214 faciliorem
566 2154 745 2216 intellectum
776 2159 871 2234 operis
903 2161 960 2218 ruci
981 2157 1168 2228 Harmoniei,
1201 2173 1257 2234 age
1286 2159 1415 2236 capitum
1446 2156 1511 2216 libri
1533 2155 1590 2238 ΙΙΙ.

248 2239 399 2300 Ptolemaei
427 2241 530 2300 titulos
554 2243 717 2321 essoriham
746 2261 870 2320 cumque
891 2245 966 2304 locis
988 2247 1051 2304 suis
1081 2248 1110 2302 in
1134 2261 1221 2322 opera
1243 2262 1308 2306 meo
1332 2243 1528 2322 comparabo,
1561 2253 1591 2304 et

249 2326 306 2403 qnid
327 2330 463 2410 innotis
485 2329 558 2388 meis
581 2332 665 2403 insit,
688 2334 846 2393 summaria
868 2334 981 2392 ratione
1005 2332 1197 2392 conscribam.
1226 2377 1228 2387 .

319 2415 453 2474 Primum
476 2433 554 2492 quae
576 2416 765 2478 Ptolemaeus
787 2417 870 2478 libris
884 2418 909 2477 Ι.
926 2419 972 2486 Η.
996 2427 1027 2478 et
1047 2421 1130 2479 initio
1155 2419 1232 2478 tertii
1256 2417 1291 2476 de
1314 2417 1484 2486 hannoniae
1500 2414 1590 2476 disci·

247 2499 316 2577 plina
337 2501 472 2574 tradidit,
495 2504 547 2562 illa
568 2521 625 2580 ego
647 2503 787 2564 methodo
809 2506 879 2578 alia,
902 2505 981 2566 haud
1004 2506 1095 2584 paulo
1112 2505 1238 2584 diversa,
1260 2504 1335 2564 libro
1351 2522 1416 2564 meo
1432 2503 1487 2562 111.
1509 2520 1590 2562 com-

248 2587 337 2664 plexus
359 2609 438 2649 snm.
484 2589 558 2660 Cum
580 2599 679 2652 autem
702 2591 892 2652 Ptolemaeus
914 2593 1131 2654 harmoniarum
1154 2595 1296 2670 principia
1319 2609 1354 2652 ex
1378 2594 1504 2655 numeris
1520 2592 1592 2648 abs·

248 2679 334 2734 tractis
356 2685 443 2755 petat
463 2694 529 2750 enm
554 2680 716 2752 veteribus,
741 2698 797 2756 ego
819 2689 936 2753 contra,
960 2683 1021 2739 vim
1042 2683 1170 2740 numeris
1195 2689 1226 2738 nt
1249 2679 1471 2762 numerantibus
1493 2681 1590 2736 inesse

248 2779 363 2838 negans,
395 2781 450 2843 pro
473 2767 509 2823 iis
539 2783 676 2825 numeros
705 2775 889 2839 numeratos,
920 2767 950 2826 id
973 2778 1018 2828 est
1041 2786 1086 2828 res
1110 2771 1190 2844 ipsas
1221 2768 1348 2836 numeris
1372 2765 1588 2840 iismbjeetss,

249 2849 342 2922 figuras
364 2870 409 2911 so.
432 2851 537 2929 planas
560 2853 711 2930 regulares
739 2863 769 2914 et
791 2854 892 2914 circuli
915 2855 1076 2916 divisiones
1100 2858 1135 2914 iis
1158 2853 1418 2926 administrandas,
1449 2853 1592 2929 principia

249 2947 365 2998 statuens
388 2939 635 3015 harmonicorum,
659 2944 825 3010 necessario
847 2941 986 3006 librosl
1007 2952 1038 3002 et
1059 2941 1100 3000 II.
1133 2943 1169 3000 de
1193 2941 1293 3017 liguris
1318 2940 1493 3000 harmonicis
1524 2955 1590 2998 meo

250 3023 280 3082 lib
266 3025 310 3084 hro
330 3026 388 3089 111.
413 3029 560 3102 praemisi.
672 3081 677 3091 ,

319 3113 390 3174 Jam
404 3111 595 3174 Ptolemaeus
616 3113 693 3174 libro
716 3117 801 3184 tertio
825 3132 889 3192 cap.
915 3117 944 3174 3.
967 3118 1064 3192 operis
1088 3119 1133 3176 sui
1157 3097 1342 3194 praescripsit
1365 3115 1443 3174 hunc
1455 3110 1588 3174 titulum

250 3197 301 3256 διὸ
327 3199 414 3277 qssod
438 3218 533 3275 penus
558 3220 665 3260 rerum
692 3202 855 3279 reserando
882 3206 922 3261 sit
948 3212 1066 3264 arcturo
1097 3222 1149 3265 scu
1178 3207 1221 3260 eis
1252 3203 1432 3262 hcrrmortiov
1469 3202 1592 3276 ejusque
1691 3209 1695 3218 “

249 3289 371 3362 srimtia,
403 3285 580 3362 ostendens,
608 3288 689 3364 quod
716 3292 754 3352 ait
776 3289 898 3365 aliquod
926 3293 1101 3368 principium
1132 3289 1265 3368 causale,
1294 3289 1432 3362 formale,
1464 3287 1590 3348 mentale

250 3373 367 3449 adeoque
391 3374 541 3446 divinum,
573 3375 653 3450 quod
675 3377 763 3434 rebus
786 3377 921 3435 conciliet
951 3377 1128 3437 harmonias.
1175 3378 1247 3454 Cap.
1273 3379 1301 3435 4.
1339 3376 1428 3454 Quod
1450 3379 1495 3434 nis
1516 3375 1592 3434 hur·

249 3465 370 3525 monicae
392 3466 678 3538 contemperationis
699 3464 840 3524 omnihus
862 3465 950 3523 rebus
971 3469 1059 3539 insit,
1083 3483 1217 3541 quorum
1240 3471 1374 3524 nomena
1395 3464 1499 3524 altiori
1520 3480 1591 3536 per-

249 3547 365 3618 fectionis
387 3549 492 3625 produ
514 3553 697 3628 maritant,
720 3559 748 3608 et
770 3551 906 3626 quodid
927 3557 1061 3612 maxime
1083 3557 1235 3628 apparent
1255 3553 1289 3608 in
1311 3551 1457 3612 hamonis
1479 3551 1592 3610 oreimis

250 3636 325 3708 inque
346 3637 519 3696 nortatibus
540 3637 791 3698 revolutionibus.
836 3635 895 3698 Ubi
919 3643 1103 3716 partitionem
1120 3639 1202 3697 vides
1219 3654 1327 3708 eorum,
1351 3656 1428 3713 quae
1442 3636 1593 3696 restabant

251 3719 407 3782 Ptolemaeo
431 3721 571 3797 dicenda3
600 3727 727 3800 primum
749 3741 790 3784 so.
815 3724 851 3784 de
873 3725 1034 3784 harmoniis
1064 3729 1220 3798 inanimis
1243 3726 1451 3796 existentibus,
1483 3741 1591 3782 secuu-

252 3807 305 3866 lnm
327 3809 363 3869 de
387 3811 550 3869 harmoniis
581 3813 610 3868 in
633 3813 707 3872 coeli
731 3813 870 3872 motibus.
918 3814 952 3872 Et
981 3814 1016 3873 de
1040 3813 1274 3891 primoquidem
1300 3823 1462 3888 sequuntur
1494 3813 1592 3888 capita

252 3897 311 3968 tria,
334 3897 370 3956 de
393 3898 526 3957 seeundo
548 3897 667 3960 residua
689 3901 788 3976 capita
809 3917 925 3958 novem.
971 3900 1043 3978 Cap.
1065 3902 1092 3958 6.
1118 3900 1337 3965 Consonantias
1356 3898 1486 3976 singulas
1510 3915 1593 3956 com-

251 3993 320 4055 parat
342 4003 410 4046 cum
433 3983 624 4044 facultatibus
646 3988 762 4045 animae
786 3986 937 4044 rationalis
959 3988 1098 4063 singulis,
1130 3987 1218 4063 idque
1241 3988 1356 4046 concise
1383 4005 1434 4065 per
1456 3984 1591 4046 subdivi-

252 4071 333 4130 iones
355 4075 510 4147 utriusque
532 4089 628 4131 rerum
650 4082 893 4150 comparaturum.
938 4073 1011 4151 (lap
1036 4078 1064 4134 6.
1097 4074 1213 4138 Genera
1235 4073 1451 4134 harmoniarum
1475 4072 1592 4146 singula

253 4173 304 4215 enm
325 4158 450 4233 singulis
472 4160 630 4234 generibus
652 4174 705 4220 seu
728 4161 872 4238 classibus
895 4162 1035 4221 virtutum
1056 4169 1215 4238 comparat.
1261 4160 1332 4238 Cap.
1360 4166 1387 4220 l.
1410 4161 1591 4222 Mutationes

254 4254 372 4304 tonorum
395 4264 482 4308 cum
477 4247 695 4318 mutationibus
718 4233 879 4314 studiorum
903 4250 1086 4324 publicorum
1116 4267 1168 4325 per
1190 4257 1354 4352 temporum
1377 4242 1591 4308 dissimilitudi-

254 4346 304 4388 nem
335 4335 471 4428 adeoque
510 4336 599 4394 etiam
633 4351 698 4394 cum
733 4337 946 4396 mutationibus
979 4338 1136 4396 affectuum
1176 4338 1203 4392 in
1237 4335 1342 4402 animis
1373 4339 1591 4411 subitaneorum

254 4431 394 4494 comparat.

324 4507 357 4564 ln
388 4507 446 4568 hac
466 4515 552 4584 parte
579 4507 672 4568 multa
703 4516 804 4568 contra
825 4508 1030 4571 Ptolemaeum
1054 4509 1190 4587 disputo,
1222 4509 1429 4589 symbolismos
1452 4529 1491 4572 sc.
1525 4510 1591 4570 illos
1620 4586 1626 4596 ι
1693 4583 1695 4589 Ι

257 4596 393 4663 potissima
412 4603 498 4672 parte
519 4613 579 4654 non
603 4614 668 4656 essa
689 4599 882 4667 necessarios,
905 4614 960 4656 nec
982 4597 1117 4658 causales
1141 4598 1363 4684 necnaturalcs,
1386 4598 1437 4658 sed
1461 4601 1592 4675 po‘e'tiooa

257 4683 337 4748 potius
358 4690 387 4740 et
411 4686 570 4758 oratorios;
602 4701 671 4742 nam
693 4683 777 4756 illas,
807 4701 884 4758 quae
907 4687 937 4742 in
959 4687 1065 4743 anlmis
1096 4687 1208 4758 insunt,
1239 4686 1393 4746 iscrrltatea
1416 4697 1443 4744 tt
1468 4688 1590 4745 virtutes

258 4768 382 4836 speciales
405 4787 463 4836 non
486 4772 585 4828 sortiri
607 4788 661 4830 nec
684 4771 780 4830 ideam
801 4787 857 4830 neo
879 4789 1016 4830 numeros
1038 4775 1255 4832 constitutionis
1276 4789 1347 4832 suae
1375 4791 1409 4831 ex
1434 4773 1592 4830 lrarnnoniis

260 4860 382 4928 tanquam
404 4873 440 4914 ex
462 4857 632 4936 archetypo,
656 4858 708 4917 sed
732 4858 841 4916 habere
864 4875 970 4916 causas
993 4859 1069 4918 alias
1091 4862 1241 4918 consessas
1265 4867 1316 4918 aut
1332 4859 1496 4928 evidentes,
1521 4862 1590 4934 quin

257 4951 285 4994 ns
306 4943 418 5016 quidem
448 4945 623 5021 respondere
655 4945 693 5005 ad
724 4962 893 5017 nnmerum,
922 4946 974 5004 sed
1002 4945 1091 5022 longe
1114 4950 1248 5021 quaesita
1281 4953 1332 5006 sut
1354 4945 1431 5006 malo
1453 4947 1592 5014 affectata

259 5038 329 5098 opera
355 5031 484 5108 speciem
513 5033 566 5090 iis
581 5033 730 5090 conciliari
762 5032 916 5092 divisionis
944 5033 1228 5110 aequemultiplicis,
1263 5032 1370 5092 multas
1406 5033 1591 5096 abundantes

260 5122 298 5168 ιιι
316 5117 441 5176 vicissim
465 5116 596 5179 delectus
619 5118 815 5194 dissimulari;
846 5103 1010 5194 quaedam,
1044 5135 1121 5197 qnae
1143 5122 1238 5186 nrinus
1261 5120 1433 5194 antecedunt,
1463 5123 1591 5182 crinibus

260 5199 331 5279 hihi,
361 5204 486 5282 denique
514 5224 591 5286 quac
620 5209 747 5272 maxlme
776 5216 807 5266 ct
833 5205 1039 5270 dexterrime
1031 5211 1156 5269 invicem
1191 5206 1381 5286 respondent,
1411 5217 1591 5270 nontamen
