4242 6384
743 729 826 831 nne
842 769 1079 846 nizonem
1515 778 1577 842 een

235 949 293 1004 uim
308 949 427 1020 abipso
443 947 579 1020 allegatae
596 948 703 1019 speeies
720 949 924 1005 intervallorum
942 948 1170 1020 planetariorum:
1195 947 1353 1018 minimum
1369 947 1505 1014 medium,
1522 963 1577 1004 ma·

235 1026 331 1096 omnm,
348 1027 454 1087 haberit
471 1039 502 1084 sn
521 1035 551 1084 ut
569 1026 716 1098 qnahmtes
734 1045 783 1086 seu
802 1030 889 1089 deese
907 1030 1021 1086 totiiem
1038 1028 1185 1098 simplices.
1203 1027 1346 1085 Triarero
1363 1027 1470 1097 peuera'
1481 1035 1578 1086 cantus

235 1123 272 1162 inc
298 1109 363 1177 ipso
390 1115 487 1164 contra
513 1123 543 1163 so
570 1106 793 1177 dintinguantur,
820 1107 893 1185 quod
912 1108 1081 1178 quantitates
1100 1115 1129 1164 et
1145 1109 1337 1177 proportiones
1363 1122 1457 1165 amum
1483 1105 1578 1175 plures

235 1199 334 1240 numero
353 1192 384 1240 et
402 1186 538 1254 quendam
565 1185 772 1256 proportionum
790 1202 839 1242 seu
857 1184 1059 1252 intervallorum
1077 1185 1201 1242 ordinem
1228 1185 1336 1255 ampula
1354 1186 1579 1256 complectuntur,

235 1271 338 1330 ,numne
358 1265 412 1322 hoc
430 1256 511 1336 pa'ctn
528 1277 630 1334 genera
648 1257 745 1320 cautus
763 1263 933 1334 figurationis
952 1263 1128 1333 qualitativae
1145 1263 1296 1334 participia.
1333 1263 1429 1332 Itaque
1441 1270 1472 1320 nt
1489 1263 1581 1334 aptior

235 1349 249 1392 t
266 1341 388 1400 causalis
407 1351 436 1398 et
453 1343 635 1398 mensuratim
652 1339 701 1396 liat
719 1343 884 1414 comparatio
903 1343 963 1410 ista,
982 1357 1025 1398 res
1039 1344 1123 1398 totins
1142 1343 1276 1397 humanae
1293 1339 1484 1412 philosophiae
1501 1353 1579 1410 prae·

235 1420 389 1476 ,andssima
407 1429 435 1476 et
449 1421 664 1490 jncundissima‚
692 1427 801 1489 oportet
819 1437 873 1475 non
893 1423 990 1489 einins,
1018 1421 1067 1475 sed
1094 1421 1219 1476 hinorum
1245 1419 1417 1490 planetarum
1434 1416 1579 1474 intervalla

235 1504 344 1552 notnum
363 1501 538 1568 propriorum
555 1505 650 1554 mutua
669 1499 1001 1570 eorumquemnmtiones
1028 1501 1110 1567 (quae
1128 1513 1195 1554 saue
1213 1497 1283 1553 finnt
1300 1513 1350 1567 per
1366 1503 1470 1553 motum
1486 1498 1579 1566 plane·

235 1590 307 1630 mum
336 1576 367 1630 in
394 1577 490 1646 altum)
518 1583 548 1632 et
572 1577 753 1632 mutationum
779 1577 951 1636 lathndinem
970 1593 1032 1634 cum
1047 1575 1205 1646 'gennabus
1222 1582 1336 1645 cantus,
1363 1575 1432 1631 duro
1449 1581 1479 1631 e't
1495 1577 1584 1648 molli,
1686 1625 1693 1635 ,

235 1669 391 1722 recuperare.
427 1639 460 1710 id
477 1668 542 1712 reru
560 1655 632 1712 semo
659 1663 773 1723 agentes
799 1655 987 1724 inveniemus,
1013 1671 1042 1710 re
1060 1671 1125 1712 vera
1142 1671 1301 1726 expressam
1319 1669 1380 1712 esse
1402 1655 1580 1713 mutationem

235 1750 352 1802 renerum
371 1735 547 1805 harmoniae,
575 1735 637 1791 dnri
663 1742 691 1789 et
713 1734 820 1804 mollis,
847 1737 875 1790 in
894 1733 1012 1791 Telluris
1040 1743 1070 1791 et
1085 1737 1200 1792 Veneris
1225 1733 1384 1790 inferiorum
1409 1733 1580 1803 planetarum

235 1813 339 1883 uopriis
358 1813 463 1871 mutuis
479 1813 643 1882 interuallis,
668 1829 739 1882 quae
757 1815 798 1870 sic
813 1815 842 1870 in
860 1823 1005 1884 unguntum
1022 1823 1090 1871 aaut
1106 1815 1230 1881 redama
1258 1822 1290 1870 nt
1306 1813 1359 1872 soli
1374 1813 1519 1878 mnmtioni
1535 1829 1580 1881 pe

235 1907 315 1946 nrum
333 1893 465 1954 serviant
502 1891 557 1950 Sed
584 1895 653 1952 haec
670 1894 715 1952 ad
741 1891 900 1950 methodum
919 1892 1071 1950 Ptolemaei
1097 1893 1305 1952 examinandam
1331 1908 1386 1948 uon
1414 1899 1480 1948 sunt
1496 1893 1579 1962 hujus

235 1969 283 2040 eci,
301 1970 354 2026 sed
375 1971 514 2040 pertinent
531 1973 566 2030 od
584 1978 670 2044 capnt
687 1973 746 2042 ejus
766 1974 809 2028 ll.
829 1979 857 2026 et
873 1973 927 2031 mei
946 1973 1037 2040 operis
1055 1973 1156 2034 librum
1173 1974 1205 2026 V.

306 2059 385 2114 Nota
403 2061 435 2114 V.
471 2059 551 2129 Quod
569 2063 704 2138 saprade
724 2061 901 2118 enharmonio
924 2063 1085 2130 partimque.
1097 2062 1180 2117 etiam
1197 2060 1232 2118 de
1255 2060 1422 2119 wentano
1440 2059 1512 2130 dixi,
1533 2059 1581 2118 illa

235 2143 349 2192 constare
369 2137 706 2196 intervallis'inconcinuis
723 2147 751 2194 et
768 2156 822 2194 uon
841 2129 1026 2206 naturalibus,
1053 2139 1082 2194 id
1100 2139 1164 2194 hinc
1182 2141 1225 2196 nel
1241 2139 1359 2196 maxime
1376 2147 1493 2211 apparet
1515 2137 1581 2209 jure

235 2215 332 2270 licmm.
372 2213 443 2270 Nam
461 2217 485 2270 si
501 2215 625 2274 lichanos
652 2217 783 2292 (chordae
801 2219 908 2284 nomen)
936 2215 1032 2271 dividit
1050 2215 1222 2272 intervallum
1240 2224 1330 2273 totum
1347 2217 1515 2275 tetrachordi
1532 2235 1583 2293 per

235 2292 359 2361 nedium,
389 2293 446 2348 sive
463 2291 492 2348 id
509 2293 558 2349 liat
575 2297 739 2363 geometrice
758 2293 814 2350 sive
840 2293 1026 2358 arithmetice,
1054 2295 1164 2351 auditus
1191 2297 1246 2352 tale
1273 2297 1445 2353 intervallum
1462 2304 1580 2369 respuet

235 2371 294 2424 Nam
307 2371 385 2425 inter
403 2371 419 2425 3
437 2377 473 2426 et,
484 2371 509 2440 i,
528 2371 574 2442 qui
591 2374 696 2428 numeri
715 2373 933 2448 complectuntur
949 2373 1122 2430 intervallum
1139 2372 1380 2445 tetrachordi,'aen
1399 2378 1471 2432 inter
1488 2389 1581 2433 eornm
1667 2434 1673 2454 ,

235 2447 392 2517 multiplices
411 2450 428 2504 o
446 2455 475 2504 et
490 2449 520 2519 8,
548 2451 666 2506 medinm
683 2454 892 2509 ’amthmeticnm
915 2462 958 2510 est
976 2455 1009 2521 7,
1039 2454 1314 2524 geometricum'rero
1333 2464 1375 2512 est
1391 2455 1468 2514 latus
1484 2456 1519 2512 de
1537 2457 1580 2524 48,

235 2524 302 2594 mulo
320 2527 414 2583 minus
432 2543 515 2596 quam
533 2527 550 2584 7
568 2537 596 2585 et
613 2530 760 2589 ineffabile.
798 2534 859 2588 inm
877 2547 1011 2588 veronen
1029 2529 1168 2588 ineffabile
1185 2534 1344 2604 qnipplnm,¹
1370 2549 1421 2589 uec
1436 2534 1513 2604 quod
1530 2549 1582 2604 per

235 2603 333 2660 {effari
350 2621 479 2676 possam,
498 2607 646 2690 concordat
664 2627 725 2666 uum
744 2629 789 2680 eo,
808 2614 881 2683 quod
901 2629 950 2682 per
967 2627 1093 2669 numeros
1111 2613 1243 2668 nobilium
1258 2613 1407 2681 dunarum
1424 2613 1503 2669 ellari
1519 2629 1581 2683 pos·

235 2697 289 2736 sum.
326 2685 399 2741 Vide
417 2687 469 2742 hoo
487 2686 522 2741 de
541 2703 570 2742 re
588 2691 792 2758 praeambulum
811 2694 873 2748 libri
891 2693 949 2750 mei,
961 2693 1035 2750 tertii
1054 2701 1084 2746 et
1101 2700 1185 2764 eaput
1203 2692 1262 2759 mus
1279 2694 1403 2762 primum.
1604 2722 1613 2760 n

308 2772 386 2830 Nota
404 2775 450 2830 Vl.
486 2775 708 2842 Minimictusns
727 2779 755 2840 in
773 2780 927 2836 ecoentrico
939 2781 1061 2860 simplici.
1069 2783 1274 2848 consequuntur
1290 2787 1399 2838 tautum
1416 2779 1452 2836 ad
1463 2781 1582 2838 mxime
1646 2780 1651 2788 ’

237 2851 320 2908 olea
339 2853 493 2926 interualla,
511 2862 543 2910 ut
561 2855 643 2912 etiam
660 2858 689 2912 in
707 2860 879 2916 concentrico
897 2875 959 2916 oum
978 2859 1115 2928 epicyclo,
1133 2875 1202 2927 qnos
1220 2859 1391 2916 Ptolemaeus
1410 2859 1535 2918 adhibuit
1551 2861 1581 2916 in

236 2928 302 2986 Luna
319 2931 384 2987 loco
402 2934 554 2988 eceentrici.
592 2934 681 3000 Huius
700 2937 740 2990 rei
758 2953 868 2994 causans
886 2939 1037 2994 naturalem
1048 2937 1200 3006 'profitetur
1217 2941 1279 2994 mea
1295 2939 1463 3000 mucronis
1479 2937 1582 2998 neate

238 3009 257 3064 'n
275 3011 482 3068 Commentariis
502 3013 535 3068 de
554 3014 870 3082 Marte,'lonssnidiorem
889 3017 995 3072 scilicet
1010 3017 1196 3074 incitationem
1213 3018 1341 3086 planetae
1358 3033 1393 3072 ex
1411 3015 1485 3086 Sole,
1503 3014 1581 3075 toute

237 3097 331 3161 motus,
360 3092 507 3164 remotiori.
542 3094 580 3146 At
607 3095 629 3148 si
649 3093 717 3150 duas
738 3095 871 3163 planetae
889 3094 1099 3163 inaequalitates
1115 3093 1269 3150 confundas
1289 3095 1322 3168 ⁴in
1338 3109 1439 3162 mam,
1466 3109 1582 3162 pomum

237 3168 336 3226 niumm
355 3171 533 3228 Ptolemaeus
551 3173 579 3226 io
598 3173 779 3228 ccoeutrionm
797 3173 918 3242 consen,
946 3173 1078 3242 reliquam
1096 3175 1124 3230 in
1142 3173 1305 3244 epinyclum,
1333 3173 1501 3242 Coperuicus
1518 3187 1583 3226 sero
1673 3232 1675 3237 ,

237 3245 297 3302 illum
313 3266 408 3305 veram
426 3257 456 3306 at
472 3249 600 3320 planetae
619 3251 765 3320 propriam,
783 3251 857 3308 hanc
867 3260 1044 3322 apparentem
1064 3254 1161 3310 saltem
1179 3262 1258 3310 et‘ex
1277 3253 1358 3310 unico
1376 3261 1453 3308 motu
1464 3250 1583 3311 Telluris

239 3331 406 3384 communiter
422 3329 450 3384 in
469 3345 563 3385 omnes
589 3329 714 3398 planetas
742 3341 791 3398 per
814 3331 1034 3401 imaginationem
1060 3333 1221 3388 translatam
1238 3331 1331 3386 docet:
1360 3337 1426 3389 tnnc
1443 3331 1583 3400 mnnngit

239 3405 348 3472 planetas
367 3409 396 3466 in
414 3408 546 3466 altissima
564 3409 694 3466 intentio
712 3427 730 3466 a
747 3408 847 3478 Terra,
866 3425 936 3478 qnae
954 3410 1088 3478 contingit
1107 3412 1134 3466 iu
1153 3427 1208 3466 uua
1225 3411 1351 3480 periodo,
1370 3409 1430 3466 heri
1446 3409 1583 3466 amenissi-
1693 3398 1699 3411 '

239 3499 300 3552 nos,
326 3485 393 3542 inde
411 3487 543 3556 paulatim
561 3491 625 3546 aute
642 3492 671 3544 et
688 3495 752 3559 post
770 3485 913 3555 remittant
932 3487 966 3562 do
984 3487 1074 3557 motu,
1103 3489 1191 3546 donec
1209 3489 1330 3544 veumtnr
1348 3489 1383 3545 ad
1401 3495 1518 3557 puncta,
1536 3485 1584 3541 ubi

239 3563 305 3630 plane
317 3566 444 3622 videnter
456 3565 614 3645 consistere,
635 3568 707 3624 unde
720 3565 871 3622 stationarii
890 3565 1024 3634 dicuntum,
1044 3567 1159 3624 ulterius
1171 3585 1236 3624 vero
1248 3576 1277 3624 et
1295 3569 1317 3624 si
1334 3568 1425 3624 adhuc
1441 3565 1584 3638 propiores

240 3639 326 3698 Terrae
344 3645 426 3714 fiant,
454 3637 564 3700 cursum
583 3653 654 3701 retro
673 3645 781 3716 legunt,
802 3655 830 3700 et
848 3655 924 3714 triac,
944 3663 1006 3700 cum
1022 3656 1115 3703 ,nictus
1133 3663 1229 3707 eorum
1245 3648 1421 3718 retrogradus
1437 3651 1481 3702 est
1497 3647 1582 3703 maxi·

241 3735 295 3791 uns,
311 3724 485 3783 Ptolemaeus
503 3733 615 3802 reputat
632 3723 766 3780 directum
788 3723 896 3778 illorum
915 3734 1016 3780 motum
1035 3727 1183 3793 minimum
1209 3724 1275 3797 quia
1292 3727 1412 3782 directus
1431 3723 1584 3791 ordinarius

242 3815 297 3867 pene
313 3811 469 3874 perpetuus⁴
482 3811 510 3860 et
528 3803 682 3873 periodicus
702 3811 753 3868 est,
772 3795 1025 3870 retrogradientem
1045 3804 1173 3882 brevibus
1192 3805 1360 3882 temporibus
1379 3803 1483 3872 passim
1499 3802 1583 3856 inter·

241 3881 378 3949 mergitur,
405 3889 481 3937 mora
499 3881 698 3958 potinamotus
717 3883 814 3960 diecti,
839 3880 920 3950 (nunde
938 3881 1019 3935 etiarn
1039 3900 1094 3938 non
1111 3883 1203 3953 inepte
1225 3883 1419 3956 contractionis
1437 3879 1583 3938 affectuum

244 3959 388 4026 proprietati
406 3963 601 4032 comparatur),
621 3977 670 4018 neo
688 3962 893 4018 circumducens
910 3958 1063 4030 planetam,
1090 3963 1139 4018 sed
1156 3961 1283 4018 celeriter
1300 3963 1327 4016 in
1346 3960 1477 4016 diremum
1495 3977 1583 4014 rever·

244 4033 300 4090 itur.
335 4037 493 4098 Ptolemaeo
512 4039 620 4110 quidem
639 4041 704 4096 licet
722 4041 775 4095 ista
800 4039 872 4094 inter
890 4055 920 4095 se
938 4039 1016 4094 valde
1041 4039 1170 4096 distincta
1194 4041 1293 4108 (motus
1312 4039 1426 4109 epicycli
1443 4046 1471 4094 et
1487 4053 1584 4092 excen-

245 4113 299 4185 tn'ci)
317 4117 492 4188 confundere,
511 4121 575 4189 qnia
593 4115 731 4174 nihil'nisi
749 4118 966 4188 comparationes
980 4119 1205 4190 qualitercunque
1223 4117 1402 4173 succedentes
1421 4115 1536 4185 quaemt,
1556 4125 1584 4181 at
1664 4115 1667 4120 ’

246 4203 282 4259 tao
298 4197 421 4254 causales
439 4207 467 4253 et
484 4199 673 4268 archetypicas
692 4199 909 4268 comparationes
928 4199 1032 4256 institui
1051 4199 1121 4254 libro
1138 4214 1199 4255 meo
1217 4197 1322 4268 quinto,
1350 4212 1435 4266 quare
1452 4195 1518 4252 mihi
1535 4212 1582 4250 ne·

246 4283 306 4327 cesse
322 4273 390 4338 init,
417 4285 581 4346 apparentes
600 4277 660 4331 illas
679 4283 707 4330 et
734 4277 908 4346 imaginarias
935 4268 1067 4334 stationes
1084 4277 1388 4348 retrogradationeeque
1408 4273 1586 4346 'planetarum
1689 4311 1692 4327 .

247 4361 354 4422 separare
379 4356 509 4426 ipsosque
536 4355 657 4412 sinceros
676 4361 705 4410 et
730 4355 815 4424 puro's
834 4360 928 4415 motus'
943 4353 1115 4426 planetarum
1141 4353 1268 4430 proprios
1286 4368 1369 4410 causo
1387 4353 1473 4412 soline
1490 4370 1585 4408 eccen-

248 4425 295 4482 triei
311 4433 382 4488 cuca
399 4433 491 4490 Solem
508 4432 627 4490 ordinati
645 4431 753 4489 intueri.
789 4433 886 4504 Itaque
910 4431 1017 4505 temper
1040 4433 1106 4490 mihi
1123 4441 1213 4492 motus
1236 4433 1364 4504 planetae
1382 4432 1516 4490 mammas
1534 4437 1585 4500 eat,

249 4519 295 4560 enm
311 4509 481 4568 intervallum
499 4529 515 4569 a
534 4511 599 4581 Sole
616 4513 765 4590 minimum,
783 4525 891 4582 semper
902 4509 949 4568 ille
967 4514 1103 4582 minimus,
1122 4529 1184 4570 oum
1201 4511 1256 4569 hoc
1273 4511 1427 4569 maximnm.
1445 4510 1499 4592 Sed
1517 4509 1586 4566 haec

251 4599 342 4655 qnoque
360 4591 506 4659 rejicienda
524 4593 588 4648 sint
606 4589 633 4648 in
652 4591 801 4662 Ptolemaei
820 4597 903 4663 capnt
922 4593 962 4648 il.
982 4599 1009 4647 et
1027 4591 1126 4650 librum
1144 4609 1234 4651 meum
1252 4591 1284 4646 V.

789 4813 931 4886 CAPUT
958 4814 1027 4888 ΧΗ.

288 4937 386 5004 Quod
413 4941 582 4998 motibus
608 4947 804 4998 astrorum
830 4941 867 4996 in
893 4942 1017 4998 latam
1041 4946 1266 5010 congruant
1290 4939 1533 4996 mutationes

708 5011 752 5068 d'e
777 5019 870 5070 tono
897 5011 1099 5070 intonum.

319 5133 417 5200 Tertia
437 5155 508 5199 vero
531 5145 561 5200 et
582 5135 701 5200 residua
724 5138 800 5200 coeli
822 5143 955 5198 motuum
977 5138 1101 5214 species,
1124 5135 1205 5199 illam
1227 5135 1303 5210 dico,
1327 5151 1403 5212 qnae
1424 5133 1586 5196 seeundum

254 5211 414 5286 latitudinem
436 5233 482 5286 eet
509 5221 548 5306 ¹),
579 5223 785 5288 consocianda
801 5225 855 5286 erit
876 5225 1089 5288 mutationibus
1111 5221 1149 5286 de
1171 5231 1242 5285 tono
1264 5225 1297 5284 in
1318 5218 1483 5304 mnnnssJ:
1516 5221 1587 5300 quia
