4242 6384
761 817 846 874 aaa
861 817 911 874 ru.
930 799 1020 890 aaut
1036 819 1097 874 xv.
1437 872 1442 889 ‚
1533 769 1599 880 eoo

256 1011 308 1051 eum
324 993 442 1064 sphaera
458 993 549 1050 solida
564 993 608 1048 sel
626 993 705 1064 quasi
722 991 798 1050 nulla
816 993 864 1063 sit,
891 993 967 1050 nulla
992 993 1076 1063 igituir
1092 1007 1157 1064 pars
1175 991 1342 1050 oimuitionis
1360 996 1415 1058 eat,
1442 1005 1525 1060 quam
1541 988 1600 1060 pla

257 1081 312 1128 neta
328 1071 455 1128 conficiat
472 1073 566 1129 eadem
585 1072 725 1128 celeritate
743 1087 805 1126 cum
822 1072 884 1142 alis,
903 1079 1095 1141 praeterquam
1112 1073 1141 1128 in
1158 1072 1229 1127 binis
1248 1071 1400 1141 aequaliter
1417 1072 1453 1126 ab
1470 1084 1594 1140 apogaeo

255 1150 363 1206 remotis.
851 1193 853 1200 .

331 1228 517 1298 Quaecunque
544 1237 634 1286 tamen
658 1230 695 1286 sit
722 1231 863 1301 proportio
888 1239 1011 1286 motuum
1028 1227 1179 1289 mediorum
1197 1231 1225 1285 iu
1251 1230 1347 1300 primis
1366 1228 1491 1299 sphaeris
1508 1226 1599 1284 Ptole·

254 1310 328 1376 naci,
358 1323 390 1362 ea
408 1325 462 1362 nou
482 1307 561 1364 aliter
587 1308 749 1377 exprimitur
767 1326 783 1364 a
801 1311 921 1366 numeris
940 1311 1044 1367 dierum
1070 1311 1232 1380 periodicis,
1260 1309 1312 1364 nisi
1330 1313 1467 1378 qnatenus
1484 1312 1601 1376 apparet

254 1393 335 1441 notus
351 1383 404 1440 sub
421 1384 541 1442 zodiaco.
576 1387 638 1440 Non
661 1397 704 1442 est
721 1389 805 1458 igitur
822 1390 849 1443 iu
868 1389 911 1444 bis
934 1391 1052 1446 numeris
1075 1389 1217 1459 proportio
1234 1403 1314 1446 uerae
1332 1386 1483 1441 uelocitatis
1500 1385 1600 1455 ephte-

254 1481 336 1520 rarum
351 1463 480 1532 ipsarum,
502 1465 550 1522 sed
569 1465 664 1529 sutem
683 1469 843 1536 apparentia
861 1468 913 1523 aab
930 1465 1010 1536 fixis3
1029 1475 1164 1524 ettamen
1182 1469 1252 1524 hacc
1268 1469 1330 1536 ipsu
1346 1465 1508 1536 apparentia
1523 1462 1601 1520 nulia

254 1553 303 1612 ost,
329 1561 390 1598 eum
409 1545 544 1614 sphaerae
562 1545 626 1600 illae
644 1545 842 1614 Ptolemaioae,
871 1555 902 1602 ut
919 1565 998 1603 ueras
1018 1555 1045 1602 et
1071 1548 1160 1604 reales
1177 1557 1334 1616 ponamus,
1355 1546 1520 1616 perspicuae
1535 1543 1600 1609 sint,

253 1624 352 1678 miuhne
371 1641 435 1680 vero
454 1637 627 1694 apparentes.
654 1626 751 1692 Restat
770 1633 800 1680 ut
818 1626 948 1694 dicamtm,
967 1628 1160 1696 proportiones
1176 1627 1245 1681 istas
1263 1625 1366 1680 nullius
1385 1640 1447 1679 csse
1463 1623 1505 1678 rei
1521 1635 1599 1692 prae·

254 1711 368 1772 torquem
387 1705 531 1773 temporie,
550 1715 577 1760 et
595 1707 635 1760 sic
654 1707 829 1764 terminorum
848 1721 922 1762 mere
940 1706 1109 1761 mentalium.
1145 1707 1239 1773 Atque
1257 1721 1308 1774 ago
1326 1700 1510 1758 demouamui
1527 1697 1599 1759 libro

253 1795 305 1832 neo
324 1781 353 1832 V.
373 1797 433 1850 cap.
454 1785 478 1852 6,
497 1784 524 1838 in
543 1784 586 1838 bis
604 1785 826 1854 proportionibus
844 1786 933 1842 nullas
953 1803 1095 1842 occurrere
1113 1789 1235 1856 perfecte
1253 1784 1434 1838 harmonicas.

329 1875 404 1930 Nota
421 1877 481 1930 vn.
517 1879 596 1946 Quod
611 1889 666 1936 tres
681 1881 824 1938 distinctae
840 1883 973 1952 sphaerae
985 1883 1059 1952 apud
1072 1883 1257 1942 Ptolemaeum
1275 1895 1358 1935 unam
1376 1887 1405 1933 et
1422 1877 1536 1932 medem
1553 1891 1601 1945 pe·

254 1951 352 2008 riodnm
368 1955 472 2012 babeat
489 1961 694 2030 temporariam,
723 1962 776 2017 hoc
802 1973 885 2016 auara
904 1969 946 2016 est
969 1977 1003 2014 ex
1022 1960 1146 2017 maximis
1174 1959 1388 2016 absurditatibus
1418 1957 1601 2012 astronomiae

255 2033 352 2098 setena,
370 2035 415 2090 uel
434 2036 494 2106 ipso
513 2039 663 2095 Aristotele
680 2047 763 2111 teste,
791 2041 837 2111 qni
860 2041 1012 2110 analogiam
1035 2040 1209 2096 desiderabat
1230 2039 1303 2094 iuter
1324 2037 1449 2107 tempora
1467 2044 1495 2090 et
1513 2034 1600 2090 orbes.

255 2111 374 2178 Ignoscat
391 2115 484 2184 itaque
502 2117 567 2171 mihi
586 2118 684 2190 lector,
714 2121 737 2174 si
755 2119 849 2174 uideor
866 2120 919 2188 ipsi
937 2119 1018 2172 etiam
1036 2117 1193 2172 Ptolemaeo
1212 2118 1265 2172 vim
1283 2115 1396 2184 iecisse,
1420 2114 1601 2184 comprobans
1693 2121 1697 2126 “

254 2191 321 2246 uelut
338 2208 372 2247 ex
392 2195 452 2262 ejus
471 2205 561 2252 mente
588 2205 616 2253 et
634 2199 668 2253 ad
686 2200 863 2269 archetypum
882 2201 1014 2254 musicum
1034 2195 1251 2266 accommodans,
1269 2195 1298 2251 id
1316 2194 1390 2266 quod
1408 2187 1526 2248 fumasse
1537 2189 1602 2246 Pto·

256 2269 367 2328 ¹⁰¹¹¹³⁴³1¹⁸
385 2273 446 2342 11³⁸?
464 2273 636 2335 monuerat
655 2287 685 2333 ut
703 2295 757 2334 non
776 2288 850 2336 recte
869 2281 974 2338 babens
1000 2286 1027 2334 et
1048 2284 1180 2352 enatura
1198 2275 1332 2343 alienum,
1360 2281 1443 2343 atque
1460 2265 1514 2325 boc
1531 2269 1603 2324 inter

257 2366 343 2418 musas
362 2351 434 2406 sorte
453 2355 559 2425 retulit,
582 2371 631 2411 cur
648 2358 700 2413 b'oc
718 2368 800 2429 capuit
819 2359 1007 2428 imperfectum
1025 2358 1198 2428 relinqueret
1234 2356 1330 2423 Neque
1348 2361 1440 2409 tamen
1458 2350 1528 2405 bena
1545 2355 1602 2405 tac·

256 2435 293 2482 tus
310 2437 352 2484 est
370 2447 474 2488 naevus
493 2433 546 2488 iste
564 2438 746 2496 astronomiae
766 2438 864 2494 veteris
883 2455 899 2492 a
918 2437 1216 2504 meaincruatratione,
1234 2443 1265 2490 at
1283 2435 1353 2502 quae
1372 2430 1529 2490 decoloret
1545 2427 1602 2484 tur·

256 2509 291 2576 pis
308 2515 350 2564 est
369 2527 401 2566 se
418 2512 486 2582 ipsa.
522 2514 592 2570 Nam
620 2515 684 2584 quid
712 2517 854 2572 diuersitas
881 2518 1034 2572 tensiouum
1061 2516 1096 2570 ud
1124 2523 1243 2585 systema
1266 2512 1398 2566 musicum
1425 2509 1603 2579 perlectum?

257 2589 342 2644 Nonne
361 2589 405 2644 uel
423 2592 504 2647 unica
522 2594 612 2662 potuit
630 2609 690 2649 esse
704 2597 822 2651 omnium
836 2597 997 2652 chordarum
1017 2597 1114 2664 tensio,
1133 2595 1252 2650 omniurn
1265 2592 1370 2647 scilicet
1387 2590 1511 2658 eiusdem
1528 2605 1602 2644 cras·

257 2667 331 2736 sitici,
359 2669 404 2724 vel
422 2671 589 2742 singularium
607 2690 695 2742 aeque
713 2675 1010 2744 longarumtenaiones
1030 2673 1176 2742 empulae?
1209 2671 1285 2727 Bene
1303 2670 1386 2737 igitur
1402 2667 1500 2737 babet,
1527 2666 1602 2737 quod

257 2765 284 2800 ex
299 2753 381 2806 rebus
395 2753 565 2820 'comparatis
583 2752 668 2807 altera
687 2754 807 2824 quidem,
833 2771 866 2828 ex
885 2755 1002 2823 musica,
1021 2769 1095 2808 merc
1113 2759 1156 2806 est
1173 2749 1326 2818 arbitraria,
1345 2747 1446 2815 ubera,
1463 2763 1500 2804 ex
1517 2753 1603 2802 astro·

258 2831 343 2900 nomia
362 2829 446 2898 plane
463 2830 541 2888 salsa.

332 2926 409 2981 Nota
426 2921 499 2981 VllI.
536 2927 793 2998 Hic'Ptolemaeus,
813 2927 886 2998 quod
905 2935 970 2984 uota
990 2932 1014 2984 1.
1034 2929 1069 2984 ad
1093 2933 1177 2998 caput
1197 2929 1236 2982 tt.
1254 2925 1327 3002 dixi,
1349 2924 1479 3000 lectorem
1507 2921 1542 2978 ad
1570 2921 1602 2996 li·

258 3005 319 3058 nina
335 3005 519 3076 penetralium
538 3015 650 3062 naturae
668 3008 797 3077 adduxit,
823 3009 881 3076 ipse
900 3024 954 3062 nan
969 3009 1183 3078 ingressuram,
1219 3006 1312 3062 Motus
1331 3012 1379 3060 aut
1396 3002 1604 3060 considerautur

258 3093 282 3136 ut
298 3084 455 3156 aequabiles
475 3095 501 3138 et
519 3085 559 3140 sic
577 3093 736 3156 competunt
754 3088 780 3142 iu
801 3089 932 3158 sphaeras
950 3088 1101 3143 secundum
1117 3086 1317 3153 Ptolemaeum,
1337 3090 1397 3150 aut,
1416 3090 1449 3136 ut
1466 3086 1544 3148 sunt,
1562 3081 1602 3149 iu·

259 3163 405 3232 aequabiles
424 3169 451 3217 et
470 3164 508 3218 sic
526 3169 685 3232 competunt
702 3167 730 3220 in
749 3167 843 3223 stelias
861 3169 936 3237 ipsas
954 3174 1053 3222 motas.
1091 3161 1308 3234 Quodsistellae
1327 3159 1557 3232 considerantum*
1572 3163 1604 3212 ut

259 3255 298 3294 oue
314 3239 443 3300 uidentur
460 3243 641 3312 inaequaliter
657 3245 766 3313 moveri,
786 3255 860 3301 certe
872 3246 899 3300 id
918 3263 972 3301 nou
991 3248 1096 3300 tantum
1114 3244 1221 3300 ratione
1233 3240 1378 3297 eccentrioi
1394 3239 1435 3302 dt,
1455 3239 1503 3296 sed
1522 3237 1603 3292 marn

259 3329 281 3374 et
295 3322 378 3378 multo
409 3324 525 3377 maxime
552 3324 658 3379 ratione
685 3327 875 3395 epicyclorum.
913 3327 954 3380 lta
972 3327 1003 3380 ‘in
1027 3323 1195 3380 astronomis
1212 3319 1361 3379 Ptolemaei
1374 3315 1603 3388 inaequalitatum

259 3401 391 3455 &eutrici
411 3409 538 3470 separata
561 3405 728 3472 comparatio
747 3405 822 3460 nulla
844 3411 937 3475 potest
954 3405 1059 3460 institui
1078 3419 1140 3458 cnm
1158 3400 1324 3476 harmoniis,
1352 3397 1418 3468 qula
1434 3395 1524 3451 latent
1540 3394 1605 3450 sslae

259 3477 364 3536 umores
392 3489 557 3551 apparentes
580 3483 788 3553 inaequalitates
813 3484 841 3538 in
864 3484 907 3539 bis
926 3481 1084 3552 majoribus.
1120 3481 1172 3535 liic
1189 3480 1272 3548 igitur
1288 3491 1401 3532 necesse
1418 3475 1470 3530 fuit
1487 3474 1605 3530 deiicere

260 3567 363 3614 conatus
377 3555 507 3627 ‘egregios
525 3560 682 3628 Ptolemaei,
702 3563 858 3630 quaerentis
876 3563 965 3632 ipsum
984 3559 1328 3629 genuinumarchetypum
1345 3554 1530 3612 exornationis
1548 3567 1605 3608 mo

260 3643 337 3706 tuum3
356 3655 443 3708 quare
462 3639 613 3708 perscripto
631 3641 809 3711 problemate,
837 3643 987 3711 desperans
1006 3641 1124 3707 exitum,
1143 3655 1197 3708 qua
1214 3639 1258 3692 vis
1274 3637 1423 3705 inceperat,
1441 3647 1551 3688 msuum
1570 3633 1605 3687 de

261 3715 343 3771 tabula
361 3717 508 3778 auantiae
527 3727 555 3774 et
572 3717 698 3774 lacunam
716 3720 860 3790 reliquisse
878 3719 993 3776 videtur.

336 3795 570 3864 Quemadmodum
589 3814 653 3852 vero
671 3797 739 3853 alias
758 3799 785 3852 in
804 3801 969 3856 astronomia
994 3797 1111 3870 eclipses
1130 3795 1204 3852 Solis
1221 3800 1249 3848 et
1266 3793 1361 3848 Lunae
1378 3807 1433 3847 nou
1452 3795 1518 3845 aurit
1534 3791 1606 3846 inter

260 3873 321 3928 maia
337 3875 521 3945 reputandae,
540 3879 603 3946 quia
620 3877 711 3930 lumen
730 3877 793 3932 illae
811 3877 969 3947 praeierunt
987 3875 1021 3929 ad
1041 3873 1198 3930 discendam
1217 3872 1368 3927 doctrinam
1386 3878 1508 3925 motuum
1525 3884 1604 3939 prae·

232 3967 233 3976 ¹
261 3953 446 4010 suudssimsm
471 3956 540 4026 (vide
566 3957 642 4010 meae
660 3955 722 4024 Opt.
741 3957 822 4012 Astu:
835 3957 956 4021 Partem,
975 3953 1041 4008 lolio
1059 3953 1076 4007 3
1095 3959 1123 4006 et
1141 3955 1155 4005 4
1179 3951 1225 4020 [ll.
1248 3951 1341 4020 ital),
1369 3949 1408 4003 sic
1426 3949 1507 4002 etiam
1526 3954 1603 4016 puto,

262 4029 341 4086 dirius
358 4035 529 4102 providentia
547 4036 659 4105 iactum,
678 4043 709 4089 ut
727 4036 771 4091 hic
788 4037 848 4105 ipse
867 4035 989 4089 delectus
1008 4039 1100 4087 textus
1118 4029 1279 4084 Ptolemaici
1295 4027 1379 4082 lnemt
1395 4025 1483 4091 utilis,
1502 4032 1534 4079 ut
1550 4021 1604 4078 lec·

262 4116 303 4176 tor,
322 4109 366 4165 ubi
385 4129 403 4168 a
421 4113 554 4182 scriptore
566 4114 722 4169 Ptolemteo
741 4113 888 4184 perductus
906 4113 991 4168 suerit
1008 4111 1042 4166 ad
1056 4109 1147 4163 locum
1165 4109 1250 4167 totius
1262 4102 1400 4177 humanae
1414 4101 1605 4174 philosophiae

262 4189 447 4246 nobilissimum
462 4200 494 4268 et
511 4193 661 4262 majestatis
680 4191 786 4249 diuinae
805 4209 920 4248 corusco
933 4191 1037 4259 fulgore
1049 4187 1234 4242 uenerandum
1248 4186 1361 4256 jamque
1378 4183 1485 4238 inhians
1504 4189 1604 4251 myste-

264 4267 300 4322 riis
317 4267 424 4326 eminus
441 4272 648 4341 animadversis,
676 4289 693 4327 a
716 4273 785 4327 duco
809 4273 861 4328 boc
884 4287 934 4328 suo
960 4275 1120 4326 contextum
1141 4267 1320 4336 abrumpeute
1345 4262 1480 4330 suamque
1497 4262 1527 4316 iu
1543 4275 1606 4316 meo

264 4345 307 4402 hoc
322 4349 512 4420 supplemento
535 4354 624 4408 locum
650 4353 796 4421 genuinum
814 4353 894 4408 unico
912 4351 985 4407 saltu
1003 4348 1218 4414 titusmittente,
1242 4345 1326 4400 fuerit
1343 4343 1503 4398 destitutus:
1526 4347 1604 4394 taum

266 4429 426 4490 postmodam
445 4431 563 4499 avidius,
592 4432 666 4500 quod
684 4419 765 4501 spero
784 4433 921 4494 laturum,
948 4429 1020 4485 sitim
1038 4443 1116 4481 suam
1132 4427 1162 4481 in
1180 4425 1250 4480 veris
1268 4423 1350 4491 bujus
1367 4420 1526 4492 barmoniae
1544 4435 1605 4473 coe·

233 4561 234 4568 ,
264 4505 330 4560 iaus
348 4509 514 4577 rationibus,
542 4528 558 4564 a
576 4527 618 4566 me
637 4511 707 4567 libro
725 4513 757 4566 V.
783 4509 902 4580 traditis,
929 4503 1054 4576 expleat5
1083 4503 1244 4573 udansque,
1272 4509 1390 4558 veterem
1413 4499 1605 4554 astronomiam

267 4583 366 4642 haerere
383 4589 549 4660 perplexam,
569 4592 616 4645 ubi
628 4590 671 4644 uel
689 4593 805 4646 maxhns
822 4589 979 4658 loquentem
994 4585 1108 4656 optabat
1124 4579 1229 4650 audire,
1246 4588 1323 4638 tanto
1336 4587 1364 4636 et
1375 4577 1497 4648 aequiori
1515 4577 1605 4632 animo

268 4665 404 4729 perfectam
422 4669 565 4738 Copernici
589 4671 753 4734 doctrinam,
779 4669 901 4740 quamvis
928 4675 1020 4754 motus
1038 4663 1155 4721 Telluris
1180 4661 1350 4718 absurditate
1376 4657 1513 4712 horridam
1528 4658 1604 4713 inex·

269 4745 348 4815 pertis,
365 4747 393 4802 in
412 4749 569 4805 cathedram
588 4751 736 4806 ascendere
754 4751 874 4820 patiatur
892 4755 920 4804 et
937 4744 1129 4802 attentioribus
1153 4741 1265 4797 auribus
1283 4739 1318 4795 de
1335 4736 1480 4794 creationis
1499 4735 1605 4789 arcanis

269 4819 438 4890 disputantem
456 4829 557 4900 audiat.
1566 4892 1572 4904 .

342 4905 427 4973 Igitur
444 4898 589 4962 eliminatis
615 4909 659 4964 his
677 4907 778 4963 fictitiis
805 4905 932 4976 epicyclis
952 4919 1012 4959 cum
1038 4903 1162 4958 omuibus
1180 4900 1327 4956 stationum
1346 4903 1374 4950 et
1392 4891 1602 4962 retrogradatio·

271 4993 323 5032 aum
343 4983 547 5057 phantasmatis,
568 4987 655 5042 visum
673 4985 879 5056 decipientibus,
903 4988 931 5040 ei
949 4982 1084 5038 restitutis
1101 4984 1167 5036 auiae
1191 4976 1358 5048 simplicitati
1375 4971 1493 5028 motibus
1510 4972 1604 5062 plane·

271 5061 346 5114 tarum
362 5063 488 5132 propriis,
505 5073 536 5120 ut
554 5063 573 5120 ii
591 5073 781 5136 spectarentur
798 5081 832 5120 cx
845 5063 921 5120 Sole:
940 5062 963 5118 si
981 5062 1021 5116 sic
1039 5059 1223 5115 exscmhamus
1235 5061 1324 5112 motus
1342 5047 1605 5142 planetammudrur-

272 5149 312 5191 tot
334 5140 381 5196 sub
404 5138 529 5213 zodiaco,
552 5145 736 5202 velocissimos
759 5144 787 5198 iu
812 5141 966 5220 periboliis,
989 5135 1159 5195 tardissimos
1183 5137 1213 5194 in
1229 5133 1345 5207 apheliis
1363 5133 1432 5198 suis,
1459 5137 1550 5186 statum
1569 5141 1604 5182 ex

273 5213 299 5270 'tis
313 5229 421 5290 apparet
438 5239 524 5278 novus
543 5225 577 5280 ab
596 5224 704 5293 integre
719 5225 804 5279 totius
821 5221 990 5276 harmonicas
1009 5219 1076 5288 ordo
1094 5223 1122 5272 ct
1139 5216 1342 5282 imitamentum,
1359 5227 1392 5269 ao
1410 5211 1434 5266 si
1450 5211 1531 5264 homo
1549 5223 1605 5262 nou

275 5309 302 5352 es
316 5313 344 5353 se
358 5301 417 5376 ipsc
436 5317 525 5376 exque
542 5304 673 5364 audacia
691 5303 807 5360 naturali
825 5299 964 5359 didicisset
981 5298 1120 5369 musicam,
1139 5295 1189 5353 sed
1204 5290 1286 5372 plane
1298 5293 1386 5350 Deum
1403 5290 1494 5364 ipsum
1512 5295 1541 5346 et
1557 5295 1605 5345 att·
