4242 6384
752 763 857 851 ,luber
872 769 920 831 Ν.
940 774 1029 846 Caput
1044 763 1106 831 vn.
1487 798 1490 805 ·
1549 762 1612 849 259

275 952 384 1013 mimae.
429 949 468 1013 Et
490 954 638 1027 vicissim,
665 970 740 1026 ,cum
761 954 862 1015 anima
892 955 922 1013 in
950 956 1050 1017 omnia
1081 928 1244 1032 sups'riicisi
1272 950 1403 1027 corporis
1431 922 1615 1027 sni'ponota
1748 998 1753 1017 ,

274 1039 345 1100 lueis
366 1036 487 1099 infinitis
511 1047 597 1104 meat
620 1042 725 1115 (instar
746 1040 894 1101 radiorum
916 1041 1009 1117 Solis,
1039 1042 1111 1119 quia
1133 1048 1162 1101 et
1187 1041 1253 1116 ipsa
1274 1036 1326 1095 lux
1349 1035 1504 1113 quaedam*
1519 1042 1563 1117 eat
1586 1040 1616 1093 et

274 1128 379 1204 spiritns
401 1126 493 1205 vulgo
516 1127 656 1187 celebrati
678 1128 815 1189 ridentur
835 1127 909 1195 nibss
930 1128 1012 1189 alind
1034 1145 1113 1203 ease,
1147 1144 1235 1204 quem
1261 1123 1291 1183 bi
1320 1122 1394 1185 radii
1421 1122 1563 1187 rectilinei
1587 1128 1617 1183 tl

273 1215 318 1274 hae
339 1216 454 1274 animas
476 1210 623 1296 species):
656 1232 717 1275 nna
737 1224 835 1281 umen
858 1215 923 1277 sola
943 1217 1024 1277 linea
1046 1233 1083 1284 ea
1106 1214 1241 1275 omnibns
1264 1218 1327 1286 est,
1358 1228 1435 1287 quae
1458 1216 1616 1279 executio

273 1300 386 1361 inillnd
403 1288 573 1380 ‘superficiei
595 1310 735 1380 punctum
758 1303 875 1373 tendat,
907 1303 987 1381 quod
1016 1303 1116 1363 teritur
1138 1320 1159 1363 a
1178 1300 1318 1378 planetae
1340 1297 1391 1359 iilo
1414 1300 1501 1357 unico
1523 1288 1617 1374 radio,

273 1390 315 1465 qni
336 1406 439 1448 versus
461 1388 561 1449 sedem
583 1392 699 1451 animae
721 1390 823 1450 tendit
867 1389 1018 1451 Pocamus
1039 1392 1144 1467 igitur,
1176 1390 1206 1447 in
1228 1387 1285 1449 hoc
1314 1386 1472 1457 censiatcre
1493 1400 1618 1463 percep-

272 1480 371 1536 tionem
393 1479 480 1536 unius
501 1476 639 1555 planetae
661 1476 825 1553 radiorum,
856 1478 975 1555 quando
1007 1478 1096 1555 hujus
1119 1478 1252 1537 incursus
1274 1480 1305 1535 et
1327 1472 1404 1533 iliius
1427 1488 1566 1533 occursus
1588 1471 1616 1527 in

271 1581 351 1622 unam
371 1559 479 1623 lineam
500 1573 610 1625 rectam
631 1568 840 1641 geometricam
863 1574 1043 1643 congruunt,
1066 1562 1201 1643 exemplo
1223 1563 1344 1639 pisionis¹
1360 1558 1518 1631 simillimo,
1541 1574 1618 1636 quse

271 1650 379 1710 insoin
402 1659 432 1711 et
454 1653 542 1711 unico
563 1652 817 1731 perpendiculari,
839 1652 937 1713 medio
959 1650 1274 1725 totins·onn1irndio,
1297 1656 1343 1709 est
1364 1647 1493 1726 perlecta
1515 1652 1545 1706 et
1566 1661 1619 1705 ac*

272 1748 372 1799 curata
415 1737 565 1800 Ponamus
589 1748 618 1823 et
638 1740 704 1814 hoc,
738 1739 818 1816 qnod
840 1742 871 1799 in
894 1740 1054 1817 Dioptricis
1076 1756 1159 1819 prop.
1182 1740 1234 1799 lb.
1257 1744 1291 1799 ut
1310 1733 1459 1812 singulare
1481 1749 1620 1819 arcanum

271 1828 432 1885 sensianum
455 1828 585 1885 omnium
607 1826 763 1901 inculcavi,
785 1826 899 1889 nullam
920 1827 983 1899 fieri
1003 1830 1172 1889 censionem
1194 1827 1236 1886 rei
1259 1832 1411 1901 externae,
1432 1823 1491 1881 nisi
1513 1826 1620 1897 qnate-

272 1931 319 1972 nns
341 1930 378 1973 ea
399 1930 431 1976 rc
453 1916 620 1990 sensorinm'
639 1916 863 1975 instrumentum
885 1914 1039 1975 afficiatur.
1086 1915 1193 1975 Anima
1218 1914 1297 1993 enim
1318 1927 1370 1988 per
1391 1909 1459 1969 illos
1482 1924 1621 1969 excursus

272 2004 426 2077 specierum
447 2002 495 2064 soi
515 2000 605 2061 fidam
627 2001 718 2061 habet
747 2003 882 2062 nondam
905 2006 1035 2063 omnium
1066 2003 1262 2073 membrarum
1285 1998 1413 2077 corporis
1434 1996 1481 2057 sui
1503 2011 1622 2063 eorum-

273 2106 331 2164 que,
354 2105 432 2164 quae
455 2090 485 2147 in
506 2087 623 2149 illorum
646 2106 827 2166 unoquoque
855 2106 934 2149 nova
963 2090 1036 2149 iiunt
1058 2092 1166 2166 quovis
1195 2095 1335 2165 tempore.
1381 2082 1496 2161 Quibus
1517 2082 1623 2161 positis

273 2178 418 2251 seqnitur,-
435 2183 469 2234 ut
490 2177 516 2234 si
537 2172 630 2237 iint'a
651 2176 774 2255 plenem
796 2174 863 2237 talis
885 2179 1039 2255 impressio
1061 2178 1092 2247 in
1114 2174 1236 2253 aliquod
1258 2180 1399 2255 punctum
1420 2173 1512 2249 aeris,
1546 2184 1623 2247 qnae

274 2261 449 2341 contendat
472 2263 695 2324 versussedem
717 2265 848 2339 animae,
877 2264 931 2325 sed
959 2273 1074 2343 praeter
1104 2264 1200 2340 iiiam,
1231 2262 1269 2323 ad
1299 2261 1395 2335 letus,
1423 2260 1524 2325 anima
1544 2254 1624 2317 iilius

274 2349 384 2425 quidem
406 2352 507 2426 puncti
529 2351 572 2408 sic
593 2351 689 2412 adecti
712 2354 839 2429 speciem
860 2368 912 2431 por
933 2369 1006 2413 suae
1035 2352 1144 2430 speciei
1170 2366 1320 2413 meursom
1342 2342 1570 2427 excipiat'„sed
1592 2348 1627 2402 ιιι

275 2454 329 2495 rem
349 2436 435 2495 nihili
456 2436 708 2517 vilipenderemus
731 2447 831 2498 autem
852 2441 882 2497 in
904 2437 1025 2517 aliquod
1047 2438 1211 2516 superficiei
1234 2438 1309 2512 alisia
1331 2440 1472 2523 punctum
1494 2431 1547 2516 list
1568 2432 1626 2491 im-

275 2526 380 2599 pressio
402 2524 480 2599 talis,
504 2542 580 2601 quac
602 2524 704 2587 tendat
726 2543 828 2585 versus
851 2529 967 2593 animae
982 2525 1093 2600 sedem,
1117 2528 1206 2587 etiam
1227 2524 1285 2585 boc
1306 2529 1447 2602 punctum
1469 2522 1512 2581 sic
1534 2518 1625 2579 affec-

276 2622 332 2670 tum
354 2612 471 2673 animae
492 2608 647 2675 nuncictur
669 2612 794 2673 ethaeo
816 2616 975 2674 sancient
1002 2615 1041 2674 ad
1065 2616 1193 2675 animam
1217 2614 1364 2689 partinens
1386 2608 1573 2693 aestimetur,
1605 2622 1625 2665 a

277 2700 374 2759 ceteris
397 2696 607 2777 distinguatuq,
637 2701 784 2776 coqueio
806 2694 858 2761 illo
881 2701 946 2763 solo
969 2709 1077 2779 puncto
1100 2703 1200 2761 anima
1221 2698 1337 2759 stellam
1359 2696 1416 2757 sibi
1439 2696 1625 2771 imaginetur,

278 2788 428 2847 inceleris
444 2786 510 2863 jam
532 2785 617 2849 dictis
638 2789 767 2849 minime.
802 2789 947 2850 Actuatur
968 2806 997 2848 n.
1021 2797 1051 2849 et
1074 2787 1166 2849 veluti
1188 2787 1367 2847 illuminatur
1388 2782 1627 2864 radiusunimae

278 2872 395 2932 eradio
417 2873 531 2949 stellae,
553 2876 584 2933 in
607 2874 731 2935 eandem
752 2882 862 2937 rectam
884 2883 1073 2957 congruente,
1094 2877 1180 2937 sicuti
1202 2881 1337 2935 actuatur
1359 2870 1439 2933 ocior
1459 2872 1555 2929 retum
1578 2868 1627 2933 vi·

279 2960 405 3019 sibilium
425 2978 446 3020 a
466 2959 543 3023 lucis
564 2960 704 3035 aduentu,
727 2965 856 3023 etaient
877 2970 1013 3028 emuntur
1033 2966 1128 3038 visio,
1152 2980 1218 3023 cum
1239 2978 1294 3022 nos
1317 2958 1483 3037 colligimus
1506 2963 1536 3017 et
1557 2970 1627 3033 per-

279 3046 429 3123 pendimus
457 3065 513 3109 nos
536 3048 645 3109 videre.
691 3046 757 3112 Hoc
780 3054 846 3110 cnm
868 3054 911 3111 sic
932 3045 1043 3113 hibent
1065 3053 1176 3113 nonin
1199 3066 1260 3111 nuo
1282 3055 1415 3121 tantum,
1450 3042 1503 3105 sed
1534 3051 1564 3103 et
1597 3042 1628 3099 in

280 3134 389 3196 duobus
407 3132 559 3216 planetis,
571 3136 632 3196 duo
655 3138 744 3197 etiam
765 3140 851 3214 signa
871 3140 1002 3200 inveniet
1022 3141 1122 3199 anima
1146 3138 1175 3197 in
1198 3136 1315 3198 duabus
1336 3134 1470 3213 partibus
1492 3131 1539 3191 sui
1561 3144 1628 3189 cor·

280 3224 374 3297 poris,
396 3225 462 3283 sive
480 3223 545 3299 jam
566 3223 723 3288 rotundum
745 3226 785 3283 sit
808 3224 872 3301 ejus
895 3228 1097 3304 conpositos
1119 3224 1276 3303 inaequale
1298 3230 1329 3285 et
1350 3237 1506 3299 asperum,
1529 3218 1629 3291 anima

281 3308 346 3369 illud
369 3312 400 3367 in
423 3310 567 3387 sphaerae
589 3311 711 3373 medum
738 3312 795 3372 sibi
817 3314 848 3371 in
869 3329 929 3373 nno
959 3320 1069 3391 puncto
1091 3312 1206 3375 sedenti
1227 3310 1454 3387 circumiectum·
1467 3305 1558 3368 babet
1578 3320 1629 3367 ra·

282 3395 390 3475 diisque
420 3415 475 3457 seu
501 3399 658 3476 speciebus
683 3401 730 3463 sui
759 3400 975 3475 immateriatis,
1006 3408 1059 3461 aut
1080 3408 1114 3493 qt
1143 3398 1205 3474 alii,
1236 3400 1350 3461 actibus
1379 3393 1517 3459 secundis
1539 3391 1576 3453 de
1596 3408 1629 3451 se

282 3486 382 3544 dream
410 3487 526 3551 emissis
560 3487 689 3563 exspirat
717 3484 810 3547 velun
836 3486 996 3565 perlectum
1024 3486 1229 3565 sphaericum„
1260 3502 1414 3563 quousque
1429 3498 1535 3559 corpus
1565 3478 1630 3555 ejus

282 3578 367 3651 patet,
389 3585 486 3649 eoque
508 3572 582 3633 illud
603 3573 642 3633 ad
658 3573 754 3633 ideam
776 3575 877 3635 circuli
891 3582 922 3635 et
936 3575 1055 3657 quidem
1070 3575 1185 3635 zodiaci
1199 3572 1309 3648 circuli,
1332 3575 1410 3633 eirca
1423 3587 1508 3631 suam
1530 3564 1631 3627 sedem
1674 3624 1680 3651 ,

283 3666 310 3715 nt
330 3666 462 3719 centrum
484 3658 631 3737 descripti,
647 3662 803 3739 examinat
824 3670 853 3722 et
873 3670 972 3739 partes
994 3664 1059 3740 ejus
1081 3662 1280 3724 interstinctus
1304 3659 1462 3721 dimetitur.
1508 3654 1555 3715 lta
1576 3670 1631 3713 ne-

284 3762 333 3820 qne
354 3744 478 3806 'lenam
499 3764 575 3823 opus
596 3754 642 3817 est
663 3748 823 3809 concedere
843 3749 1023 3827 pellucidam
1044 3766 1139 3827 usquc
1160 3748 1200 3809 ad
1221 3756 1361 3823 centrum,
1381 3760 1480 3821 usque
1500 3742 1631 3817 'animem

237 3911 238 3914 Ἴ
284 3834 354 3893 exire
376 3850 472 3910 usque
494 3833 533 3893 ad
554 3834 668 3911 sidera,
689 3836 783 3910 nihilo
805 3845 904 3898 tamen
926 3838 1023 3898 minos
1044 3836 1150 3897 modus
1172 3843 1264 3915 patet,
1286 3850 1345 3913 quo
1368 3828 1631 3907 configurationem

237 3979 238 4010 ,
284 3918 378 3997 anguli
399 3922 562 3985 sentiantur
583 3923 629 3982 ab·
644 3926 753 3984 anima.
935 4000 939 4005 .
1098 3966 1100 3973 .
1176 3986 1183 3995 ,
1523 3956 1527 3963 -

237 4013 238 4088 ,
361 4006 429 4067 Hac
451 4007 570 4094 quidem
591 4013 795 4087 suppositione
817 4010 1019 4083 dissolvuntur
1040 4012 1140 4070 omnia
1161 4016 1343 4086 argumenta,
1367 4025 1443 4085 quac
1458 4006 1548 4067 Picus
1570 4004 1632 4063 Mi·

285 4092 457 4179 raodnlanus
479 4094 518 4160 cd
540 4097 727 4166 evertendam
750 4098 910 4159 doctrinam
933 4098 970 4159 de
992 4098 1248 4174 coniunctionibus
1270 4098 1385 4174 magnis
1408 4095 1504 4171 deque
1524 4109 1632 4169 nspec-

286 4180 356 4243 tibus
378 4180 488 4243 attulit.
511 4182 587 4243 Nam
609 4186 679 4262 quia
699 4188 799 4246 anima
821 4188 920 4247 omnia
932 4185 1174 4263 mondiconpors
1195 4186 1274 4246 circa
1295 4201 1368 4245 sose
1389 4181 1469 4243 sedis
1486 4186 1632 4265 ¹porrectum

288 4264 408 4344 disponit
430 4264 652 4354 (imaginando)
674 4274 705 4331 in
727 4274 849 4333 termam
870 4273 1035 4351 sphaerici,
1067 4290 1168 4333 omnes
1190 4272 1324 4351 planetas
1353 4273 1384 4331 iu
1405 4262 1504 4349 iormp
1522 4266 1632 4341 circui,

287 4351 366 4430 idque
388 4356 456 4433 legs
476 4366 629 4434 rectarum,
659 4378 695 4420 ex
717 4378 777 4421 ouo
798 4368 908 4437 puncto
933 4359 1113 4436 educturum,
1143 4360 1217 4419 nihii
1244 4361 1333 4437 igitur
1360 4360 1496 4432 interest,
1525 4370 1634 4431 magua

288 4442 366 4503 stella
386 4445 427 4503 sit
447 4462 485 4505 an
506 4464 614 4523 parva,
637 4446 762 4510 muitum
783 4464 821 4507 an
845 4466 947 4526 parum
968 4450 1080 4515 itineris
1102 4450 1133 4507 in
1155 4446 1239 4509 coelo
1261 4446 1412 4526 conficiat,
1441 4444 1503 4511 alta
1525 4460 1564 4503 an
1586 4443 1634 4501 ni-

290 4529 347 4589 cina
367 4530 467 4593 'l'erris
487 4534 535 4592 sit
578 4534 663 4595 Haec
684 4528 884 4595 enim‘omnia
904 4538 948 4596 sic
969 4542 1091 4599 movent
1105 4536 1243 4611 enimam,
1266 4537 1310 4597 nti
1331 4532 1543 4612 per'cipiunturq
1566 4545 1635 4607 per-

291 4616 428 4693 cipiuntur
456 4628 555 4685 antem
581 4622 685 4691 iisdem
714 4622 846 4699 legibus,
876 4624 984 4699 quibus
1012 4632 1043 4684 et
1070 4640 1090 4683 a
1115 4624 1203 4684 nobis
1225 4622 1377 4696 ridentur,
1408 4637 1449 4681 se.
1473 4633 1575 4679 omnen
1600 4621 1635 4701 ut

293 4705 430 4781 nequeaiti
452 4715 482 4767 et
502 4717 535 4767 ut
556 4717 639 4769 motu
651 4709 790 4779 ‚secondo
813 4716 955 4785 ementes,
970 4719 1061 4770 motu
1083 4727 1154 4771 vero
1175 4710 1269 4787 primo
1292 4707 1396 4768 dinmo
1417 4704 1632 4783 asquecclerss,

292 4804 338 4849 uec
351 4810 464 4871 magno
486 4799 660 4871 quantitatis
687 4796 876 4877 aspectabilis
907 4799 1082 4859 discrimine.
1128 4796 1248 4871 Cetera,
1283 4813 1360 4873 quae
1390 4794 1428 4855 ed
1450 4792 1514 4853 Pici
1544 4806 1635 4866 argon

293 4886 380 4940 menta
400 4882 569 4960 responderi
582 4892 717 4962 possunt,
738 4886 853 4961 require
874 4883 941 4946 loco
962 4902 1052 4963 saepe
1068 4882 1196 4961 allegato
1210 4884 1278 4949 libri
1299 4884 1358 4947 mei
1380 4881 1416 4943 de
1431 4878 1525 4941 Stella
1538 4878 1635 4939 Nora.

295 4960 362 5024 Satis
382 4970 411 5027 in
433 4987 572 5048 praesens
589 4970 631 5038 ¹de
653 4974 753 5033 anima
774 4972 891 5045 Terrae,
915 4990 1005 5049 qnam
1026 4980 1161 5037 numam
1183 4970 1373 5031 sublunarem
1395 4964 1503 5028 dicunt
1600 5002 1605 5009 ·

370 5054 517 5134 Quicquid
538 5058 740 5123 hactencsde
768 5061 866 5120 anima
887 5057 1015 5121 Telluris
1037 5066 1083 5121 est
1105 5058 1231 5135 dictum,
1263 5056 1294 5116 id
1325 5056 1457 5131 similiter
1486 5055 1574 5129 etiam
1597 5048 1636 5111 ad

296 5136 437 5204 bcoimtes
459 5148 576 5207 animae
596 5146 743 5207 bemanus
765 5147 908 5227 applicari
929 5154 1044 5225 poteotq
1072 5146 1213 5225 pleraque
1237 5152 1337 5207 umen
1359 5146 1388 5203 in
1411 5142 1457 5203 his
1480 5148 1549 5201 sunt
1570 5139 1637 5199 cvi-

298 5222 426 5291 denticra⁰
438 5240 580 5315 tantoque
603 5236 698 5312 magis
720 5233 909 5314 multiplicia,
937 5243 1050 5312 quanto
1079 5252 1167 5311 quam
1198 5232 1250 5295 ilia
1278 5232 1411 5311 pluribus
1432 5230 1541 5291 muniis
1562 5228 1637 5287 istae

1412 5334 1481 5395 lt*
