4242 6384
814 797 842 852 16
860 796 1034 852 Harmoniam
1051 799 1156 854 116661.
1644 805 1661 860 'i

311 975 392 1034 tarde
415 975 579 1051 procedunt
602 981 631 1034 et
654 973 824 1036 dliiicillimo
847 982 963 1036 conatu.
1014 965 1078 1036 11161
1108 975 1156 1036 ltie
1184 979 1271 1036 etiam
1301 979 1468 1038 tabularum
1491 973 1662 1053 rudimenta,

311 1065 393 1138 quasi
415 1063 479 1138 jam
502 1063 639 1139 perlectis
663 1061 967 1135 demonstrationibus,
992 1066 1017 1122 si
1040 1064 1114 1122 torte
1136 1079 1188 1140 per
1204 1065 1328 1139 tabulas,
1353 1069 1540 1142 quantumvis
1563 1067 1662 1141 falsas,

306 1151 405 1225 juvari
433 1153 531 1226 possit
559 1149 814 1210 demonstrationis
844 1149 1008 1211 methodus.
1063 1149 1146 1210 Haec
1173 1151 1287 1228 Pragae
1318 1152 1447 1214 61111ιὶ16
1474 1147 1663 1230 imperatoris

310 1237 457 1297 Matthiae
482 1237 665 1297 consiliariis.
700 1239 894 1298 Accesser'unt
917 1247 1015 1298 autem
1038 1237 1133 1297 Lincii
1154 1257 1233 1299 6666
1258 1240 1339 1298 1615
1363 1243 1508 1300 restitutio
1531 1249 1663 1301 motuum

309 1326 457 1397 absoluta,
482 1325 647 1384 tabularum
672 1343 739 1401 pars
762 1327 943 1402 6611661616.ιι

412 1411 470 1470 Hie
493 1415 535 1473 ita
557 1415 703 1492 inscriptis
726 1421 755 1472 et
777 1413 951 1473 examinatis
973 1413 1242 1487 computationibus
1265 1413 1364 1475 videre
1389 1413 1471 1488 licat,
1503 1413 1662 1490 Keplerum

308 1499 357 1556 illo
387 1507 521 1576 tempore
552 1501 687 1578 omnibus
715 1499 841 1602 planetis
870 1499 1014 1576 ellipticoa
1044 1499 1128 1558 orbes
1152 1501 1303 1574 tribuisse,
1334 1519 1512 1576 quamquam
1535 1501 1574 1560 ad
1594 1501 1662 1561 illos

306 1591 476 1644 accuratius
499 1569 679 1646 deliniendos
703 1590 784 1646 etin
807 1605 896 1646 6666
920 1577 1140 1662 conjungendos
1159 1544 1316 1664 ignorabat
1337 1588 1449 1661 adbuc,
1473 1602 1549 1666 quae
1571 1591 1662 1649 inter-

306 1671 426 1732 cederet
454 1671 529 1732 ratio
558 1676 648 1732 iuter
665 1681 751 1732 66166
782 1691 882 1734 cursus
911 1681 941 1734 61
970 1673 1140 1733 distantiam
1169 1694 1187 1732 a
1214 1673 1291 1734 Sole.
1337 1673 1421 1735 Haec
1447 1684 1510 1734 erat
1537 1690 1597 1736 nna
1626 1677 1662 1736 66

306 1763 419 1832 causis,
453 1777 504 1819 cur
534 1763 563 1818 iu
596 1759 790 1837 Rudolplrinis
823 1761 931 1820 tabulis
963 1759 1151 1820 conficiendis
1174 1761 1283 1820 6161166
1304 1770 1474 1838 sacraretur,
1496 1769 1526 1823 et
1548 1765 1662 1823 detecta

306 1847 370 1922 lege
407 1804 443 1907 66
481 1845 685 1907 distantiarum
716 1857 745 1907 et
773 1859 904 1914 motuum
944 1847 1158 1925 periodieorum
1193 1853 1393 1935 proportione,
1426 1868 1486 1926 qua
1516 1851 1661 1928 Keplerns

307 1934 466 1994 inchoatae
490 1935 662 2012 discipliuae
684 1952 755 1994 suae
778 1935 936 2012 fastigium
950 1937 1097 2012 imposuit,
1121 1935 1221 1995 denuo
1239 1938 1378 2015 incitatus
1401 1946 1454 2011 est,
1479 1937 1662 2002 611661616-

306 2031 390 2096 grato
416 2019 515 2082 studio
540 2021 733 2090 conficiendas
757 2023 828 2082 istas
850 2023 967 2082 tabulas
990 2025 1159 2098 susciperet.

416 2109 579 2169 Ptolemaei
602 2109 781 2172 Harmoniae
806 2113 899 2178 versio
923 2111 1059 2172 absolute
1082 2119 1126 2169 est
1147 2127 1248 2170 mense
1271 2111 1431 2170 Februario
1458 2113 1554 2186 1616,
1577 2119 1662 2190 post·

307 2214 396 2270 quarn
423 2197 577 2272 Keplerus
587 2197 684 2273 paulo
704 2196 870 2278 66161061
894 2197 987 2272 1611)
1009 2201 1040 2254 16
1057 2195 1263 2277 wirtemberg
1264 2199 1321 2258 iana
1345 2199 1490 2274 prolectas
1514 2197 1661 2266 vincentii

307 2283 437 2344 Galilaei
463 2284 497 2343 de
519 2303 550 2344 re
559 2288 685 2344 'musica
709 2297 782 2361 opus
805 2283 990 2361 legerattcia
1010 2287 1123 2342 Valli
1140 2305 1167 2357 p.
1182 2289 1251 2356 101).
1288 2285 1321 2343 16
1338 2287 1541 2362 cognoscendo
1557 2285 1660 2348 Ptole·

307 2387 391 2430 roaeo
417 2387 535 2448 operam
559 2385 741 2445 6666666666,
766 2369 803 2430 66
826 2375 923 2449 priora
946 2369 1044 2430 studia
1066 2379 1222 2434 revocatus
1239 2371 1417 2433 Harmoniae
1434 2390 1505 2444 suae
1527 2375 1660 2434 nltImam

307 2459 407 2518 limam
432 2459 573 2532 admovit,
605 2465 635 2518 et
657 2467 829 2536 computans
852 2459 966 2536 aliquot
987 2459 1069 2518 locos
1093 2457 1197 2517 dubios
1221 2458 1286 2517 libri
1310 2461 1346 2517 V.
1369 2470 1484 2541 praeter
1506 2471 1661 2539 exspecta·

307 2547 417 2605 tionem
440 2545 478 2606 ad
502 2545 694 2622 detegendam
716 2565 776 2604 reru
801 2545 880 2606 illam
903 2545 1481 2632 66661616616616616666616166661.
1514 2549 1660 2626 Keplerue

194 2645 197 2706 {¹
303 2635 334 2706 ,ic
358 2635 446 2693 tertio
469 2633 535 2693 libri
559 2635 662 2710 quinti·
676 2637 770 2710 capite
793 2635 887 2706 reiert,
911 2638 979 2692 ante
1002 2633 1079 2692 diem
1102 2630 1187 2691 VIII.
1216 2617 1286 2693 'Idus
1309 2635 1432 2694 Martiae
1454 2637 1579 2712 primum
1600 2654 1660 2696 rem

307 2721 458 2780 subiisse·
450 2723 542 2797 rpsins
563 2721 737 2794 animum,
725 2719 775 2779 scd
798 2726 916 2802 propter
937 2737 1063 2780 errorem
1077 2723 1106 2776 iu
1123 2721 1319 2797 computando
1334 2723 1493 2784 admissum
1509 2730 1543 2782 ut
1554 2723 1660 2784 161666

308 2809 434 2885 abipso
458 2825 522 2868 esse
544 2808 692 2884 rejectam.
737 2808 796 2867 Sed
819 2809 856 2867 ab
881 2807 931 2872 illo
954 2805 1020 2867 inde
1042 2817 1175 2884 tempore
1202 2826 1261 2867 non
1291 2809 1417 2886 amplius
1440 2813 1660 2904 6616166666

194 2917 196 2922 ·
308 2895 344 2954 ad
374 2897 465 2955 finem
493 2896 629 2972 perduxit
651 2895 752 2954 Idibus
775 2892 873 2971 Majis.
929 2895 1042 2971 Coepta
1070 2903 1115 2954 est
1144 2894 1322 2956 Harmonia
1333 2899 1412 2974 typis
1442 2901 1594 2974 exprimi
1591 2905 1660 2958 aute

308 2983 383 3042 uem
406 2983 541 3042 vacat
564 2969 780 3056 1666166,
803 2982 978 3042 6666
1003 2981 1059 3040 ιιι.
1084 2982 1147 3041 car
1171 2983 1258 3044 uara
1280 2983 1372 3047 rete
1410 2984 1544 3045 Liberi
1569 2992 1597 3045 a
1619 2985 1659 3045 ιι.

194 3063 199 3088 '
307 3081 372 3146 post
396 3075 457 3129 tres
480 3070 598 3128 ultimos
620 3069 750 3146 expressi
773 3073 802 3126 iu
826 3063 914 3147 optare
936 3071 974 3129 ab
990 3069 1108 3128 arretor'e
1124 3069 1203 3129 66116
1224 3073 1400 3148 peculiarem
1423 3072 1534 3132 babent
1555 3075 1660 3132 seriem

308 3157 490 3234 pagellarum
514 3165 543 3216 et
566 3157 715 3233 peculares
738 3157 919 3234 pagellarum
942 3155 1133 3232 singularibus
1148 3166 1251 3218 netas.
1290 3157 1444 3234 Quomodo
1468 3177 1543 3238 opus
1566 3169 1659 3221 omnm

308 3247 352 3320 sit,
376 3245 523 3321 epistolae
548 3261 623 3320 quac
645 3255 807 3320 sequuntur
829 3245 962 3321 pluribus
985 3251 1128 3303 enarrant.
1234 3247 1237 3254 '

411 3329 557 3408 Keplerus
581 3349 655 3408 opus
678 3349 762 3390 snum
786 3332 934 3392 dedicavit
957 3329 1073 3391 Iacobo
1089 3332 1113 3390 I.
1130 3331 1293 3408 Anglorum
1316 3336 1387 3409 regi,
1411 3331 1498 3410 quem
1514 3331 1660 3412 Keplarus

305 3419 450 3494 ejusmodi
466 3419 758 3480 commentationibus
775 3419 911 3482 delectari
927 3420 1013 3478 sciret
1031 3421 1087 3480 teir.
1106 3415 1127 3478 1.
1146 3423 1215 3489 3701
1237 3421 1438 3498 Manuseripta
1449 3419 1659 3482 Puloovieusia

307 3507 501 3567 demessionis
525 3507 612 3582 hujus
635 3508 756 3566 termam
779 3507 904 3567 releuant
927 3507 994 3574 ab
988 3523 1127 3582 impressa
1147 3506 1358 3584 discrepantem
1381 3507 1469 3588 (quae
1484 3507 1659 3586 discrepant,

308 3598 429 3655 66161.
454 3591 706 3674 comparavimus)
755 3595 864 3654 Fadem
893 3594 929 3652 66
956 3611 1058 3664 66666,
1090 3606 1149 3668 qua
1175 3596 1319 3681 impulsus
1347 3595 1491 3673 Keplerus
1523 3598 1584 3672 regi
1615 3596 1659 3654 illi

306 3681 499 3740 Harmoniam
530 3681 689 3754 dedicarit,
714 3683 807 3741 eidem
835 3682 941 3740 librum
972 3679 1007 3739 de
1030 3679 1133 3739 Stella
1153 3681 1249 3741 N·ova
1276 3687 1476 3744 transmiserat
1510 3691 1539 3743 61
1567 3683 1658 3743 literis

306 3769 444 3846 adjectis,
470 3785 543 3843 quas
566 3769 624 3827 Vol
658 3767 696 3826 II.
719 3787 748 3845 p.
775 3769 836 3828 606
860 3767 1063 3844 exprImeudas
1086 3771 1265 3844 curavimus,
1296 3773 1405 3847 pariter
1427 3789 1462 3830 ae
1485 3771 1514 3828 16
1537 3771 1659 3832 666166-

307 3859 385 3916 tioue
409 3857 518 3932 quibus
540 3857 637 3915 666616
659 3863 755 3914 66166
778 3856 807 3914 16
830 3857 939 3916 fuceret
959 3857 1212 3932 pronunciaverat.

408 3944 538 4018 Figurae
567 3940 604 4004 66
633 3943 822 4003 Harmoniam
855 3943 971 4002 additae
999 3941 1197 4005 aGuilielmo
1225 3943 1418 4018 Schiclxardo,
1447 3952 1510 4003 tum
1533 3943 1657 4005 6166666

306 4031 503 4106 Nortingensi,
527 4029 707 4091 delineatae
713 4035 793 4106 6161,
825 4030 903 4090 61166
923 4027 1004 4106 ligno
1028 4031 1192 4105 inscriptae,
1223 4031 1299 4089 aliae
1322 4033 1383 4090 aeri
1405 4033 1524 4125 incisae.
1569 4030 1657 4112 (Vide

307 4119 404 4193 inira.)

411 4201 581 4280 Bibliopola
594 4167 723 4282 Heplero
739 4209 854 4264 eentum
877 4201 1056 4288 exemplaria
1079 4203 1175 4279 operis
1198 4205 1353 4262 commisit
1365 4222 1417 4280 pro
1439 4203 1581 4282 mercede,
1604 4205 1657 4266 illa

308 4299 405 4350 aetate
428 4307 486 4348 nou
510 4293 628 4365 6611616,
652 4309 688 4351 ea
710 4291 890 4364 conditione,
914 4305 950 4349 ne
974 4283 1050 4350 6666
1074 4289 1211 4350 darentur
1233 4294 1384 4371 cuiquam,
1406 4291 1458 4352 sed
1480 4292 1540 4353 lixo
1562 4296 1656 4370 pretio

309 4381 443 4438 binorum
464 4378 637 4437 tlorcnornm
660 4395 725 4438 666
749 4377 868 4438 6161616
891 4377 1093 4438 venderentur.

413 4465 611 4543 Archetypum
634 4481 725 4542 parvo
749 4467 841 4524 iolio'
834 4477 1002 4541 impressum
1019 4467 1081 4524 331
1100 4468 1224 4542 paginas
1242 4462 1442 4544 complacatur
1457 4484 1523 4528 cum
1538 4467 1658 4545 pagella

309 4552 425 4611 titulum
454 4562 484 4610 et
515 4551 726 4612 dedicationem
758 4554 908 4612 referente.
954 4549 988 4610 16
1011 4551 1096 4612 111616
1124 4557 1212 4616 61166
1238 4555 1366 4614 6666666
1393 4551 1489 4621 661116
1505 4555 1656 4615 Prodromi
1701 4596 1705 4602 -

311 4641 429 4699 retertur
458 4637 616 4716 („accesslt
637 4655 715 4700 nunc
737 4647 855 4716 propter
877 4641 1081 4716 cognationem
1103 4645 1241 4700 materiae
1269 4637 1399 4718 eju'sdem
1426 4642 1500 4702 liber
1523 4649 1591 4703 6616
1613 4645 1654 4702 13

310 4743 400 4786 annos
423 4725 518 4786 661166
530 4724 693 4804 Iubiugae,
718 4729 763 4786 oui
785 4727 902 4786 titulae:
925 4723 1101 4786 Prodromus
1118 4726 1216 4806 etc.“).
1248 4728 1364 4788 Titulus
1388 4736 1486 4789 antem
1508 4729 1656 4791 secundae

311 4813 444 4874 editionis
470 4813 660 4888 „Prodromi“
685 4815 772 4875 refert
795 4831 902 4875 anuum
928 4815 1019 4886 1621,
1044 4831 1138 4889 aeque
1161 4833 1195 4874 ae
1217 4815 1363 4876 dedicatio
1386 4819 1654 4892 (61619661105),

311 4911 340 4959 nt
355 4902 458 4960 titulus
473 4900 651 4963 Harmoniae
674 4902 781 4978 duplex
803 4905 959 4978 impressus
975 4914 1039 4960 esse
1054 4901 1197 4975 videatur,
1221 4904 1300 4979 quod
1315 4901 1501 4964 confirmatur
1513 4905 1655 4981 inspecto,

311 4988 377 5047 dnm
400 4989 474 5048 baec
501 4990 667 5062 scribimus,
701 4987 759 5049 alio
788 4988 945 5065 exemplari
967 4988 1161 5063 Harmoniae,
1191 4993 1220 5046 in
1250 5009 1308 5067 quo
1332 4990 1436 5065 verba,
1470 5009 1545 5068 quae
1567 4992 1655 5051 modo

312 5077 473 5149 6116ιί666,
491 5073 600 5136 661666
615 5083 691 5135 6661.
718 5075 822 5136 Nonne
833 5071 898 5136 'alia
914 5079 1031 5154 insuper
1045 5079 1233 5153 inscriptione
1249 5086 1351 5138 ornata
1365 5095 1432 5155 pars
1447 5077 1654 5155 exemplarium

311 5161 489 5224 1161666166
523 5163 663 5240 prodierit
700 5168 864 5240 quaeratur,
900 5171 1055 5242 propterea
1082 5164 1173 5240 quod·
1188 5166 1287 5224 moltis
1314 5165 1436 5243 Kepleri
1466 5165 1655 5243 epistolarum

194 5301 195 5316 2
311 5249 383 5310 locis
408 5265 504 5310 mame
536 5251 569 5311 dt
598 5251 635 5312 dc
666 5251 884 5326 „admonitione
912 5251 951 5311 ad
980 5247 1158 5328 bibliopolas
1190 5255 1335 5330 enteros“,
1370 5270 1428 5331 qua
1458 5254 1655 5314 admonitione
