4242 6384
615 794 753 861 tatiana
770 794 882 873 chlcri
901 796 937 859 de
955 810 1142 859 mensurarum
1159 790 1330 872 aequatione.
1589 796 1651 865 ddi

386 978 435 1033 llis
453 978 531 1035 lectis
549 980 582 1034 D.
596 980 735 1049 dmeyden
753 976 901 1047 respondit,
920 977 1001 1048 uulgo
1020 994 1075 1033 non
1094 976 1246 1045 dicendum,
1266 976 1340 1045 quod
1358 974 1516 1030 affectemus
1535 974 1653 1029 Ιιιοιοιιι

295 1058 368 1111 assis
386 1059 526 1124 unitatem,
544 1056 593 1111 scd
611 1057 769 1125 simpliciter
786 1056 970 1131 imperandam
989 1054 1089 1113 ulnam
1107 1056 1275 1122 cantharum,
1295 1057 1390 1110 libram
1403 1065 1462 1116 etc,
1480 1054 1653 1109 retinendam

295 1136 325 1189 in
344 1138 466 1204 arcanis,
491 1136 565 1205 qued
589 1152 624 1189 ex
647 1137 751 1190 unitate
770 1136 864 1190 lateris
882 1136 982 1190 assium
1001 1136 1140 1203 negotium
1157 1135 1297 1203 procedat.
1334 1135 1440 1188 Eodem
1459 1132 1538 1185 modo
1556 1140 1585 1186 ct
1602 1148 1653 1186 nu·

293 1214 419 1267 merendi
436 1215 594 1269 methodum
611 1215 692 1283 vulgo
710 1214 821 1282 remisit,
840 1212 875 1268 ad
893 1215 1067 1286 magistratus
1084 1214 1230 1268 revocavit.
1266 1214 1316 1267 His
1341 1213 1440 1267 cuditis
1466 1212 1583 1266 vicissim
1601 1228 1652 1281 ego

292 1290 397 1358 largiar
414 1299 441 1345 et
459 1292 574 1351 laterum
593 1294 664 1348 assis
682 1295 825 1355 unitatem,
854 1292 998 1347 dummodo
1021 1308 1051 1347 as
1074 1293 1111 1346 sit
1133 1307 1261 1360 magnus,
1287 1300 1354 1361 pnte
1373 1291 1503 1359 amphora
1521 1291 1652 1357 Romana,

292 1378 322 1423 ct
341 1370 499 1425 divisionem
518 1370 762 1439 collectionemque
780 1371 806 1423 in
825 1372 1003 1438 proportione
1022 1374 1158 1426 continua.
1195 1372 1274 1425 Hanc
1293 1374 1408 1441 optarim
1428 1386 1487 1422 resse
1500 1384 1650 1439 sexagena·

292 1449 371 1515 mam,
390 1448 424 1501 ob
442 1448 616 1503 articulatum
636 1463 777 1503 ursmarum
796 1458 823 1503 et
842 1451 906 1517 quia
919 1448 1058 1517 jemante
1079 1460 1123 1506 est
1140 1452 1303 1506 introducta.
1341 1449 1468 1506 Guarcedo
1491 1456 1597 1518 tumen,
1622 1456 1653 1504 ut

295 1525 334 1580 sit
353 1528 500 1596 octonaria,
519 1526 543 1581 si
561 1526 622 1581 finis
641 1526 687 1581 hie
705 1534 855 1595 spectetur,
875 1535 905 1581 ut
924 1536 1033 1583 maneat
1050 1530 1079 1584 iu
1096 1528 1211 1584 arcanis.

387 1606 496 1673 Quodsi·
508 1606 560 1659 bae
579 1612 653 1659 stent
670 1604 846 1671 conditiones,
866 1620 921 1659 non
933 1607 985 1661 erit
995 1622 1074 1677 opus,
1092 1608 1155 1662 huic
1167 1607 1304 1675 methodo,
1323 1622 1394 1677 quac
1405 1606 1432 1660 in
1444 1606 1653 1673 magistratuum

295 1692 325 1739 ct
345 1686 495 1739 scribarum
513 1683 620 1737 arcanis
639 1691 681 1738 est
699 1684 799 1749 lutura,
819 1684 964 1740 conciliare
982 1686 1114 1741 uocabula
1132 1686 1213 1753 vulgo
1231 1696 1376 1757 usurpata3
1403 1686 1459 1739 imo
1477 1685 1566 1739 careri
1584 1686 1653 1739 baec

294 1765 388 1819 omitia
410 1777 553 1817 accessam
580 1761 640 1817 erit.
685 1760 824 1829 Quomodo
850 1778 914 1830 crgo
938 1762 1100 1832 loquemur?
1136 1765 1273 1821 Teubnice
1295 1782 1357 1821 cum
1374 1763 1547 1819 astronomis.
1582 1764 1653 1817 Nam

202 1879 203 1888 ι
295 1849 327 1897 ut
345 1841 372 1895 ia
392 1841 472 1909 vulgo
490 1834 560 1895 ass'is
578 1856 675 1895 nomen
694 1856 728 1895 nc
747 1840 832 1895 audiri
852 1840 960 1911 quidem
980 1844 1063 1899 debet
1080 1844 1243 1912 (valentibus
1254 1846 1297 1901 bis
1309 1843 1510 1899 conditionibus
1518 1842 1575 1910 jam
1589 1858 1653 1898 cun·

295 1920 400 1987 cessis),
419 1920 458 1973 ita
476 1918 503 1973 iu
522 1925 616 1977 nosne
634 1935 733 1973 arcana
751 1928 810 1975 erte
829 1920 867 1973 nil
885 1920 938 1975 nisi
956 1922 1025 1977 assis
1044 1934 1143 1976 nomen
1160 1922 1242 1977 debet
1259 1921 1353 1978 audiri.
1389 1921 1491 1977 Post?
1519 1936 1582 1975 sero
1601 1928 1650 1975 aut

296 2006 362 2067 post
380 1999 413 2053 69
426 2013 501 2053 asses
525 1997 727 2053 numerabimus
748 2013 832 2051 unum
845 2000 1015 2055 octonarium
1033 2001 1157 2069 puniam,
1176 2000 1650 2069 autttnamsextgenariamprimem

202 2138 203 2154 ξ
295 2076 412 2135 ιιιίιιιιι.Ι
436 2085 543 2133 etanta
561 2076 694 2144 integrum
719 2092 807 2131 assem
834 2078 1035 2135 numerabimus
1062 2080 1104 2135 uei
1131 2079 1316 2149 sexagesimus
1341 2080 1384 2133 vel
1410 2086 1520 2133 οοιοιοι
1542 2077 1654 2147 primae,

295 2155 446 2225 sccundus,
469 2154 564 2209 tertias
591 2162 641 2210 etc.
668 2156 746 2211 assis.
783 2156 821 2211 Et
845 2156 910 2224 quia
936 2156 1120 2226 detranatur,
1151 2158 1281 2213 sumimus
1304 2155 1534 2211 nomenclaturam
1556 2170 1654 2210 cuma

294 2234 448 2303 veteribus,
472 2238 529 2311 tum
556 2250 573 2289 a
599 2235 712 2303 nustris;
740 2236 808 2289 nibil
831 2236 913 2291 etiam
938 2236 1093 2304 prohibebit
1114 2252 1165 2291 nos
1184 2236 1272 2291 metiri
1289 2237 1378 2304 ipsam
1396 2235 1476 2289 ctiam
1495 2235 1651 2291 dmehmam

202 2364 204 2372 ,
294 2320 430 2379 ueterum,
454 2322 577 2369 nostrum
595 2328 659 2369 vero
677 2329 767 2369 assem
784 2330 819 2369 ex
837 2314 938 2371 circulo
957 2330 1055 2383 magno
1075 2314 1193 2369 Telluris
1210 2314 1319 2369 ducere.

202 2443 203 2450 ,
385 2405 410 2465 9)
429 2418 487 2466 pag.
501 2406 558 2452 oet.
594 2406 661 2453 luter
674 2420 723 2465 cos,
741 2419 805 2469 quos
817 2406 843 2452 in
856 2390 998 2467 priemtssts
1011 2407 1125 2468 sequitur
1138 2405 1259 2467 licplerus
1272 2408 1395 2459 auctores,
1410 2404 1545 2465 praecipue
1560 2400 1652 2451 Daniel

201 2468 205 2542 ,
293 2472 411 2537 Specie
431 2472 457 2533 (†
472 2476 545 2531 1569)
564 2473 681 2523 inclaruit
699 2476 765 2523 edito
784 2474 856 2533 libro,
875 2490 948 2539 quem
967 2476 1110 2537 inscripsit:
1130 2475 1303 2523 Architectura
1322 2488 1371 2521 vua
1385 2471 1652 2535 Vcstungcnrhrgent.

202 2550 204 2558 “
297 2545 492 2599 1589.1608.).
529 2542 809 2598 LerinusHulsius,
830 2547 1019 2593 mathematicus
1038 2544 1237 2610 (nandandavi,
1256 2538 1652 2606 mortl'rancoha.bi.1606.),

293 2614 369 2675 pedis
387 2612 474 2662 Norib.
494 2618 518 2661 ct
533 2613 650 2665 l'raucot'.
669 2615 852 2675 longitudinem
871 2616 972 2661 cullibet
991 2616 1017 2661 iu
1037 2616 1102 2660 libro
1121 2614 1256 2675 inscripto:
1276 2612 1379 2661 Tractat
1397 2612 1440 2661 der
1459 2612 1651 2659 narttianischeu

294 2684 479 2731 instrumenten
499 2682 621 2743 (Frauooi.
644 2684 735 2747 1604).
773 2684 828 2743 Quo
844 2684 907 2731 loce
927 2683 1083 2743 (lrilgcrus
1102 2682 1192 2745 (comp.
1212 2682 1269 2733 Vol.
1289 2684 1307 2730 l.
1328 2696 1354 2743 p.
1375 2682 1444 2747 659)
1469 2682 1533 2729 hanc
1553 2680 1651 2728 unusn-

201 2765 205 2796 ι
295 2755 395 2801 sienem
412 2753 559 2814 prodiderit,
578 2756 711 2801 nescimus.
749 2754 777 2801 ln
797 2754 876 2801 lituris
894 2760 959 2801 certe
977 2752 1022 2801 llio
1040 2758 1152 2815 tempore
1170 2751 1431 2814 adlieplerumdatis
1451 2753 1486 2799 nit
1504 2750 1649 2810 hujusmodl

202 2868 203 2875 ,
295 2822 517 2885 deprehendimus.
556 2821 679 2884 licplerus
691 2825 837 2877 transmisit,
856 2823 924 2887 qnod
942 2824 1023 2871 obiter
1035 2824 1077 2870 bic
1089 2828 1214 2886 nummus,
1234 2821 1341 2881 crugero
1355 2822 1555 2870 stereometriam
1571 2824 1651 2881 suein,

295 2894 372 2941 illurn
392 2891 537 2957 adhortans,
555 2898 583 2941 ut
601 2892 760 2941 distractioni
778 2894 860 2954 operis
878 2894 1026 2955 prospiciat,
1043 2893 1112 2956 quod
1125 2906 1157 2943 ex
1176 2894 1223 2940 hac
1236 2892 1338 2951 creperi
1350 2891 1512 2952 responsione
1529 2897 1651 2952 apparet:

295 2964 337 3011 De
356 2962 519 3011 distractione
538 2964 732 3027 exemplarium,
758 2968 785 3011 ut
803 2963 882 3011 literis
901 2962 934 3011 ad
952 2964 1052 3011 ethnam
1076 2968 1148 3009 tuum
1165 2964 1278 3019 (tratrem
1300 2965 1387 3009 uaeris
1405 2957 1521 3021 liepliui,
1537 2962 1652 3021 opificem

294 3030 460 3095 creciacum,
480 3034 559 3080 civem
572 3032 763 3091 Dentiscauum)
783 3032 849 3079 datis
868 3046 935 3081 arne
956 3030 1067 3091 voluisti,
1084 3034 1161 3079 rerba
1174 3032 1221 3079 ieci
1240 3032 1274 3079 ad
1287 3031 1440 3092 bibliopolas
1452 3038 1559 3093 uestros,
1577 3043 1651 3090 prac-

294 3103 382 3149 sertim
404 3103 558 3161 primarium.
595 3102 697 3163 Sedis,
719 3108 747 3149 ut
766 3102 872 3149 maxima
890 3098 967 3149 vellet
983 3106 1065 3149 tecuru
1085 3102 1201 3164 mercari,
1228 3115 1278 3149 riou
1302 3107 1385 3149 tamen
1408 3099 1496 3158 audet,
1524 3105 1653 3161 propterca

295 3170 368 3233 quod
386 3172 461 3233 pauci
475 3172 544 3231 sint,
566 3172 780 3233 quibus.reudcrc
799 3170 860 3218 talla
880 3176 971 3233 posset.
1009 3170 1040 3219 Et
1058 3184 1143 3219 rerum
1162 3175 1211 3233 cst,
1240 3184 1403 3234 quaecunque
1424 3169 1450 3215 in
1470 3169 1652 3218 mathematicis

296 3242 395 3301 scripta
414 3240 533 3288 solidiora
551 3240 671 3303 eduntur,
692 3244 712 3289 si
733 3254 810 3288 arnum
829 3238 954 3303 exemplar
972 3242 1048 3289 habet
1067 3236 1258 3287 matbirnsticus
1277 3240 1459 3296 Dentiscanus‚
1478 3236 1584 3285 alterum
1602 3238 1651 3285 lle·

202 3323 204 3353 ι
295 3312 484 3376 glomerandus,
502 3313 603 3358 tertium
623 3312 774 3359 bibliotheca
792 3311 1002 3371 Regiamoutana,
1021 3318 1138 3375 quartum
1157 3308 1254 3361 liubilis
1272 3309 1374 3373 quidam
1394 3310 1522 3362 llorussus,
1544 3308 1651 3355 lilonic-

295 3381 431 3443 schinshy,
450 3389 579 3441 practerea
598 3379 695 3427 nullum
713 3379 839 3441 exemplar
857 3382 882 3427 in
902 3381 947 3427 hac
966 3386 1019 3428 tatu
1038 3382 1156 3428 liorussta
1174 3380 1324 3427 disceditur.
1361 3380 1423 3427 Risu
1442 3378 1542 3439 quidem
1568 3383 1592 3425 et
1610 3378 1652 3424 in-

296 3451 444 3508 dignatione
469 3464 507 3497 ras
526 3450 603 3510 digna
621 3456 669 3509 cst,
694 3451 737 3498 aed
756 3464 815 3499 sera
837 3454 927 3500 umen.
950 3450 1110 3513 bibliopola
1136 3458 1221 3498 nostar
1244 3451 1380 3510 praeterito
1407 3456 1527 3496 autumno
1551 3451 1652 3496 unierunt

296 3518 430 3580 exemplar
447 3525 505 3577 tuae
523 3520 711 3569 Stercemetrlae
729 3520 893 3569 Tranooiurto
911 3522 1016 3584 accepit
1036 3521 1113 3582 quod,
1129 3522 1192 3585 quia
1210 3532 1255 3579 ege
1275 3521 1334 3585 (aba
1352 3526 1377 3567 te
1392 3522 1444 3580 lam
1456 3522 1516 3567 ante
1529 3517 1650 3580 6οιιιιιιι)

296 3602 349 3637 nou
369 3591 482 3653 emerim,
502 3590 582 3639 adhuc
601 3590 707 3638 raudera
726 3591 821 3653 nequit
1360 3628 1364 3635 .
1702 3640 1710 3657 ,

370 3660 415 3707 Ηίι
425 3674 437 3707 a
449 3660 525 3707 literis
537 3658 637 3719 Crdgeri
661 3660 685 3708 d.
701 3658 779 3721 „prid
794 3656 847 3709 eat.
863 3662 921 3723 hpr.
939 3663 1028 3709 1616.“
1040 3661 1169 3724 deauratis,
1179 3660 1301 3720 lieplcrus
1315 3658 1454 3721 respoudit:
1473 3653 1553 3720 Quod
1570 3654 1653 3723 signi·

293 3732 372 3798 ficas,
391 3730 492 3785 nnllam
512 3748 588 3801 spem
607 3748 668 3787 esse
690 3732 872 3787 distractionis
891 3732 1093 3801 exemplarium,
1112 3733 1141 3787 id
1159 3732 1227 3786 nibil
1244 3730 1328 3787 babet
1345 3732 1520 3800 incommodi,
1535 3733 1593 3799 jam
1612 3741 1652 3787 to·

295 3812 353 3865 tius
373 3810 474 3878 negotii
500 3826 574 3865 eram
599 3810 707 3865 oblitus.
745 3811 848 3879 Scripsi
871 3828 920 3881 pre
940 3812 1052 3867 Austris
1072 3813 1186 3880 iamque
1212 3811 1351 3865 solverunt
1376 3818 1403 3865 et
1420 3810 1527 3871 solvent
1549 3811 1653 3879 aliquid

203 3908 204 3913 ¹
295 3886 424 3957 amplius.
462 3890 597 3956 (ditali.
618 3892 641 3941 d.
664 3894 702 3940 17.
721 3891 779 3941 Jun.
801 3894 886 3957 1616.)

390 3978 431 4045 10)
449 3994 505 4042 pag.
522 3983 579 4030 610,
599 3980 671 4041 Quae
691 3982 716 4029 iu
735 3980 808 4029 modo
821 3981 964 4041 praemissis
977 3980 1100 4040 licplcrus
1116 3982 1253 4042 proposuit,
1272 3980 1435 4027 theoreticum
1452 3992 1537 4038 qens.
1554 3979 1651 4038 agendo

297 4051 455 4098 confirmarit
465 4050 501 4098 Ul
509 4065 574 4099 mae
587 4064 651 4099 auno
666 4052 739 4105 1627,
757 4052 871 4097 imitatus
882 4064 919 4109 ea,
938 4065 1002 4111 quac
1013 4053 1037 4097 in
1048 4052 1094 4099 boc
1103 4049 1169 4097 libro
1181 4050 1210 4097 de
1221 4051 1388 4097 Romanorum
1399 4063 1515 4095 mensura
1524 4051 1651 4111 proponit.

388 4118 444 4180 Quo
463 4124 571 4181 tempore
591 4122 638 4168 huc
656 4124 681 4167 iu
702 4123 761 4168 urbe
780 4122 926 4167 versabatur
944 4126 1029 4181 tppaur
1054 4119 1163 4177 dirigens
1182 4118 1335 4167 Tabularum
1348 4119 1564 4179 liudolphinarum
1583 4118 1652 4181 (inde

296 4204 315 4237 a
336 4202 418 4237 mense
437 4189 499 4238 Nou.
529 4192 593 4237 1626
613 4190 644 4237 ad
661 4190 724 4237 hav.
744 4188 829 4253 1627),
848 4190 1006 4251 magistratus
1024 4188 1149 4237 Ulmcnsis
1168 4192 1194 4237 in
1213 4204 1241 4237 eo
1260 4196 1325 4251 erat,
1350 4198 1378 4235 ut
1396 4202 1523 4237 mensures
1547 4194 1572 4236 et
1589 4202 1651 4249 pon·

295 4260 359 4307 ders
376 4259 407 4306 dc
425 4272 489 4307 noro
508 4260 675 4308 construenda
693 4266 802 4322 curaret,
834 4272 889 4305 cum
909 4272 949 4321 ea,
969 4272 1034 4322 quac
1054 4260 1194 4320 antiquitus
1212 4260 1239 4306 ln
1258 4274 1303 4306 usn
1323 4265 1406 4319 crant,
1431 4256 1488 4319 plns
1507 4260 1652 4306 minueres

297 4342 359 4377 vero
378 4331 528 4377 aberrarent.
564 4327 699 4393 lioptacus,
724 4332 795 4390 eujus
813 4327 944 4378 consillum
964 4332 1125 4387 magistratus
1144 4330 1190 4376 bar
1210 4332 1235 4375 in
1254 4342 1279 4375 rc
1298 4330 1415 4389 expetiit,
1438 4327 1561 4389 judicium
1580 4340 1652 4375 snum

299 4400 350 4449 sert
368 4399 394 4445 iu
411 4398 491 4449 literis
510 4400 542 4447 ad
561 4400 734 4455 magistratum
753 4399 833 4459 datia,
861 4398 929 4461 quod
948 4400 1027 4446 secuti
1044 4404 1128 4458 patres
1146 4400 1216 4446 urbis
1237 4400 1325 4445 condet
1342 4401 1468 4457 jusserunt
1485 4410 1530 4445 aas
1548 4410 1652 4445 aeneum

298 4468 439 4517 secundum
464 4468 565 4530 chleri
591 4476 740 4531 praccepta,
769 4468 837 4532 quod
859 4468 988 4529 hucusque
1013 4474 1171 4523 conservatur
1194 4468 1289 4519 [limae.
1325 4469 1421 4515 Literna
1446 4469 1491 4515 has
1514 4466 1616 4529 Kepleri
1639 4481 1654 4514 e

300 4536 459 4586 Bibliotheca
471 4539 582 4587 Ulmcusi
601 4539 728 4595 deauratas
747 4540 854 4599 primum
873 4536 969 4599 publici
985 4539 1048 4599 juris
1061 4539 1121 4585 iecit
1131 4538 1212 4587 editor
1223 4538 1423 4600 ephemeridem,
1441 4550 1507 4600 quae
1518 4540 1654 4597 inscriptae

298 4612 373 4657 sunt:
395 4606 567 4669 „liiirnbcrgcr
586 4606 693 4656 ssltttcre
715 4608 808 4665 (herib.
832 4610 919 4665 1663),
945 4622 1037 4671 easque
1055 4609 1178 4656 exhibeat
1194 4609 1448 4670 sequenteepaginaa.
1485 4608 1538 4655 lice
1556 4612 1654 4655 ιιοιιιιιι

299 4678 511 4741 praemittendum
531 4693 670 4741 censemus,
699 4680 792 4735 virum,
816 4692 890 4741 quem
910 4677 972 4723 dicit
989 4678 1113 4739 lieplerus
1130 4691 1147 4725 a
1164 4678 1311 4737 magistratu
1337 4679 1386 4725 sibi
1404 4677 1436 4723 ad
1454 4677 1519 4725 banc
1535 4690 1586 4725 rem
1604 4676 1653 4723 sd·

296 4750 407 4807 luterem
427 4748 527 4803 datum,
545 4744 685 4799 Joannem
699 4742 916 4803 Faethcbcrmn,
936 4760 984 4795 ιιοιι
1004 4753 1101 4794 tautum
1121 4748 1280 4794 architectum
1300 4746 1376 4793 inisse
1395 4762 1439 4792 ιιιυ
1459 4752 1567 4807 tempore
1587 4747 1652 4793 ccle-

300 4819 384 4878 brem,
408 4818 453 4864 sed
473 4818 547 4864 etiam
567 4818 712 4865 inclaruisse
731 4818 815 4864 multis
836 4818 981 4876 corrsrriptis
999 4814 1071 4863 libris
1091 4830 1144 4863 cunr
1165 4816 1359 4880 ιιιιιιιιοιιοιίοἰι1
1382 4821 1434 4863 tum
1452 4815 1653 4863 architectonlcis

301 4894 331 4934 et
349 4878 509 4949 milliaribus,
528 4892 580 4934 tum
599 4886 707 4950 denique
726 4885 877 4934 caballaricia
896 4884 1007 4949 iustaque
1026 4886 1196 4933 arithmeticis.
1234 4883 1292 4949 (Gir.
1312 4886 1359 4933 vol.
1379 4882 1422 4932 Ν.
1441 4898 1466 4947 p.
1488 4882 1556 4950 176.)

396 4972 445 5022 His
464 4976 540 5035 igitur
558 4972 681 5037 Keplerus
700 4974 732 5022 ad
752 4974 922 5039 quaestionem
941 4978 1041 5022 senatus
1059 4962 1184 5042 Ulmensis
1204 4970 1346 5033 respoudit:

408 5058 479 5112 Duas
499 5057 637 5127 Genitlit,
665 5056 746 5111 Ellen
765 5057 817 5112 and
831 5058 909 5113 binas
928 5070 1017 5124 uegen
1037 5056 1124 5110 rielcn
1139 5056 1296 5112 Gcbrauchs
1316 5071 1351 5108 an
1365 5052 1484 5128 Handeil'
1499 5053 1553 5111 aad
1567 5052 1654 5110 Wan-

309 5134 366 5191 dell
385 5135 439 5191 and
458 5136 582 5206 stettiger
605 5134 799 5206 Vbernemung
822 5136 895 5189 eines
915 5152 966 5189 von
992 5134 1051 5189 dem
1077 5136 1179 5189 andern
1199 5134 1256 5189 sich
1279 5148 1327 5201 gar
1351 5132 1416 5186 bald
1435 5134 1487 5189 rad
1513 5134 1653 5190 leichtlicb

305 5214 466 5281 vertudern,
487 5214 535 5269 das
556 5214 613 5279 gibt
632 5214 703 5269 diser
721 5212 1130 5282 hochenscbnlichenltepnblic
1148 5210 1278 5267 loblicber
1296 5210 1452 5281 Gcbraucb,
1470 5230 1503 5269 an
1522 5214 1655 5283 geuisscu

305 5293 481 5353 Jahrsaeiten
499 5308 534 5348 au
553 5292 665 5364 epcben.
701 5292 772 5347 Dass
791 5294 857 5348 aber
875 5290 945 5347 anch
970 5290 1013 5345 die
1032 5290 1209 5359 Obriglraiten
1228 5290 1357 5365 salbano,
1375 5292 1427 5362 bey
1448 5292 1569 5348 welches
1590 5309 1655 5349 mau

1425 5382 1498 5446 te·
