4242 6384
753 773 839 832 urm
854 750 902 831 1v'
920 774 1089 846 caputvu
1504 775 1566 836 ιιι

231 952 374 1011 enititur
394 951 526 1021 doctrina
547 953 678 1029 erisiam,
701 950 738 1013 de
760 968 820 1043 qna
841 954 915 1013 satis
936 960 1074 1051 accurate
1097 954 1183 1031 egi
1174 970 1205 1013 ιιι
1226 952 1328 1014 Tertio
1352 950 1568 1013 interveniente
1620 934 1626 953 ’

230 1036 650 1117 rum.'10.etsequentibua.

301 1123 383 1185 Satis
403 1128 622 1205 inpraesentia
645 1126 755 1188 dictum
783 1134 846 1188 esto
869 1127 906 1190 ds
926 1126 1074 1189 bumanae
1103 1130 1192 1189 otiam
1214 1129 1330 1189 animae
1358 1124 1529 1191 laenitate
1521 1140 1568 1183 m·

230 1213 321 1271 eriora
345 1211 439 1289 deque
461 1217 601 1275 unisema
621 1214 678 1275 bac
700 1217 835 1277 matoria.

300 1297 395 1358 Porro
417 1300 493 1361 baec
514 1319 570 1377 ego
593 1300 629 1361 de
651 1305 751 1363 anima
771 1302 921 1380 disputavi
942 1303 1096 1379 hactenus,
1119 1318 1177 1363 non
1202 1300 1337 1379 squidem
1359 1300 1417 1359 hoc
1435 1297 1566 1371 oonsilio,

230 1396 247 1443 ιι
265 1384 477 1463 philosophiae
499 1388 617 1449 divinae
639 1389 789 1449 studiosos
810 1393 929 1467 penitus
958 1382 1082 1451 evocem
1110 1407 1130 1449 a
1150 1388 1278 1451 lectione
1300 1387 1568 1464 metaphysieorum

230 1481 379 1547 ustorum,
402 1484 474 1536 utve
497 1483 541 1535 tot
562 1475 696 1536 Platonis
727 1484 757 1537 ct
778 1476 946 1544 Aristotelis
974 1478 1180 1555 interpretibus
1209 1474 1451 1553 profundissimae
1482 1471 1568 1533 inda-

230 1562 297 1635 pnis,
324 1558 464 1635 Graccis,
488 1563 647 1637 nabibus,
670 1563 800 1638 muns,
823 1564 961 1639 Plotina,
984 1564 1166 1638 Themistio,
1196 1561 1362 1639 Simplicio,
1393 1558 1567 1637 Porphyris,

230 1647 396 1722 lkxandro,
420 1649 544 1709 Averroi
567 1658 597 1710 et
619 1667 694 1726 quos
716 1650 766 1710 ills
788 1652 899 1728 allegat
921 1670 994 1713 suae
1015 1654 1114 1730 gentis
1135 1667 1329 1727 poppaucus,
1352 1650 1516 1725 Boetioque
1539 1654 1570 1707 et

230 1737 416 1795 cenimina
445 1738 698 1814 subtilissimoque
726 1737 755 1798 J.
780 1738 814 1798 (l.
842 1739 1012 1817 Scaligero,
1043 1738 1081 1799 de
1111 1740 1211 1799 anima
1242 1738 1336 1813 deque
1366 1734 1569 1811 intelligentiis

231 1821 446 1898 bpnmntibm,
470 1824 572 1884 oculos
587 1824 777 1901 corrigerem
800 1826 853 1885 sed
876 1833 908 1887 ut
929 1827 1003 1888 baec
1018 1844 1055 1887 ex
1068 1844 1135 1887 mea
1149 1826 1327 1907 professione
1350 1841 1444 1901 exque
1467 1824 1574 1911 intimo

230 1908 301 1983 lujns
328 1912 428 1986 operis
448 1906 622 1972 Haimoniai
644 1930 722 1989 penu
746 1912 899 1990 depromta
920 1914 1045 1975 necdum
1062 1914 1143 1975 lacte
1159 1914 1197 1973 ab
1211 1914 1256 1987 iis,
1279 1910 1359 1989 quod
1374 1913 1474 1985 solam,
1498 1898 1570 1971 cod·

230 1995 439 2057 iterationibus
470 1997 585 2059 illorum
615 1999 707 2059 veluti
734 2000 931 2098 supplementi
960 2002 1027 2062 loco
1051 2000 1223 2079 adjicerem,
1256 2000 1333 2061 unde
1368 1999 1436 2059 ab'
1428 2000 1483 2073 ri's,
1517 1998 1569 2075 qai

230 2092 277 2158 rost
298 2102 350 2145 me
371 2102 438 2144 sese
460 2084 529 2146 buic
554 2086 796 2164 contemplationi
808 2076 1038 2167 metaphysloae
1065 2088 1205 2162 dedituri,
1235 2095 1369 2147 auctores
1393 2085 1486 2146 dictus
1507 2082 1569 2147 lec-

230 2173 278 2242 ιιι,
301 2180 414 2241 nostra
429 2172 503 2233 haec
525 2173 620 2235 veluti
641 2177 842 2253 experimenta
864 2194 931 2237 cum
952 2176 1071 2236 illorum
1086 2176 1360 2247 ratiocinationibus
1383 2172 1517 2233 collaturi
1540 2180 1569 2231 et

230 2268 370 2336 tuumque
403 2260 442 2319 ad
463 2261 585 2321 alterius
613 2260 715 2331 limam
746 2262 897 2324 liberrima
927 2266 1050 2324 rationis
1078 2275 1203 2325 censura
1225 2264 1354 2323 exacturi
1384 2268 1453 2319 sunt
1475 2258 1569 2337 (quod

230 2345 307 2404 ‘ateor
329 2364 349 2405 a
372 2365 420 2407 ms
443 2346 500 2407 bac
521 2350 587 2409 vice
609 2348 719 2409 iactum
742 2368 810 2411 esse
833 2347 979 2433 minime),
1002 2351 1078 2413 base
1098 2350 1320 2429 metaphysicae
1339 2350 1480 2409 scientiae
1502 2364 1570 2425 pars

230 2430 342 2508 lenique
365 2434 505 2494 illustrior
527 2444 557 2495 et
579 2429 764 2515 locupietior
779 2439 975 2515 omnibusque
997 2434 1126 2500 numeria
1148 2438 1312 2498 absolutior
1338 2437 1476 2497 constitui
1499 2452 1570 2513 pos-

230 2520 265 2590 tit,
286 2520 369 2595 quod
392 2530 425 2580 ιιι
446 2522 485 2581 ad
506 2521 631 2603 gloriam
654 2524 790 2585 Nominis
812 2524 1064 2603 superbenedicti,
1095 2526 1153 2585 Dei
1177 2524 1323 2585 creatoris
1357 2522 1518 2583 visibilium
1541 2528 1570 2583 et

230 2606 426 2683 brisibilium,
460 2611 551 2687 inque
572 2619 764 2687 augmentum
787 2616 1001 2675 sanctimoniae
1025 2620 1055 2673 st
1076 2596 1261 2673 innocentiae
1286 2612 1363 2671 vitae
1387 2608 1570 2687 corriemple·
1625 2627 1628 2638 “

230 2699 324 2769 torum,
348 2695 505 2773 denique·
497 2716 528 2756 m
549 2694 677 2759 salntem
699 2707 850 2763 aeternam
865 2701 1055 2783 plurimarum
1071 2703 1233 2761 animarum
1249 2692 1361 2767 cedat,
1368 2697 1480 2756 illum·
1473 2714 1570 2775 ipsum

232 2778 317 2841 ileum
340 2783 483 2843 Triunnm
504 2784 630 2864 supplex
650 2792 763 2863 precor.

736 3082 847 3142 Finis
874 3082 964 3142 libri
995 3084 1048 3143 iv.
