4242 6384
523 781 586 846 368
1037 773 1188 836 Ptolemaei
1204 774 1360 835 Emonia

520 955 547 1012 in
566 954 736 1025 aequinoctio
754 953 836 1023 saeta,
854 953 1014 1024 aequaverit
1030 951 1203 1024 longitndlne
1224 951 1278 1009 troc
1295 952 1469 1009 Intervallum
1486 955 1643 1026 systematis
1660 961 1743 1010 tutnm
1760 969 1853 1024 apem

521 1034 725 1090 lambanomeno
743 1031 778 1088 ad
796 1039 890 1101 neten,
916 1040 964 1088 ant
982 1035 1005 1088 si
1024 1033 1161 1104 chartam,
1185 1033 1213 1088 is
1241 1047 1296 1101 qua
1321 1034 1411 1102 pictae
1436 1035 1476 1091 sic
1495 1043 1560 1091 sunt
1583 1035 1701 1091 chordae
1721 1034 1855 1103 quindecim

521 1123 628 1170 erectae
645 1111 807 1183 parallelae,
831 1121 1027 1182 contorqueas,
1052 1113 1093 1168 aie
1110 1119 1142 1167 ιι
1158 1113 1187 1166 in
1204 1127 1235 1167 se
1258 1119 1353 1168 mutuo
1371 1123 1521 1184 congruant
1544 1115 1821 1186 proslambanomenos
1836 1122 1857 1166 et

521 1210 606 1264 mese,
625 1201 690 1249 tunc
706 1187 740 1248 ἰι
757 1193 836 1250 Aries
853 1193 961 1263 Librae,
980 1194 1020 1248 sic
1038 1191 1108 1248 duas
1125 1192 1196 1246 istae
1214 1199 1352 1246 extremae
1369 1193 1423 1262 ipai
1439 1211 1514 1250 mssa
1533 1203 1719 1265 opponentor;
1740 1192 1858 1248 subintel

521 1272 588 1340 tige:
608 1279 635 1327 et
652 1269 807 1342 apparebit,
826 1271 898 1340 quod
918 1279 980 1328 ante
999 1271 1110 1340 dietum,
1129 1271 1265 1340 quomodo
1283 1271 1390 1341 speeies
1408 1273 1541 1344 diapason
1564 1273 1687 1343 undique
1704 1273 1763 1326 sine
1779 1272 1860 1326 discri-

521 1350 592 1406 mine
609 1349 736 1420 principii
754 1355 782 1406 et
799 1350 861 1405 dnis
878 1350 906 1404 ln
925 1350 977 1405 hoc
995 1351 1097 1405 cuculo
1115 1349 1290 1418 systematieo
1309 1351 1445 1421 designari
1461 1353 1578 1422 possint.

607 1428 680 1483 Nota
698 1429 772 1482 XIII.
808 1427 911 1483 Probat
934 1429 1015 1484 tertio
1037 1429 1268 1498 comparationem
1289 1429 1363 1485 bane
1389 1433 1545 1500 systematis
1568 1447 1631 1486 cnm
1658 1431 1782 1499 andiaco,
1810 1431 1862 1498 qnia

519 1507 597 1563 ualde
614 1507 764 1578 probabilis
781 1507 818 1562 sit
834 1507 882 1562 illa
898 1507 960 1577 ipsa
977 1508 1157 1576 oppositionis
1175 1507 1254 1575 ratio,
1273 1523 1343 1576 quae
1361 1511 1495 1581 sequitur,
1514 1511 1538 1566 si
1556 1511 1723 1581 diagramma
1745 1517 1862 1580 systema·

520 1589 555 1642 tis
574 1587 646 1642 dluto
669 1583 749 1640 modo
768 1585 875 1653 redigas
893 1586 922 1640 iu
940 1585 1079 1643 carulum.
1115 1587 1200 1642 Vides
1217 1593 1321 1656 autem,
1345 1589 1532 1646 Ptolemaeum
1555 1603 1610 1645 non
1627 1589 1751 1660 profiteri
1768 1589 1863 1643 demon·

520 1667 678 1736 stratiooea,
706 1663 755 1718 sed
774 1663 870 1719 saltem
888 1665 1105 1734 probabilitates.
1140 1665 1211 1733 Etsi,
1236 1667 1381 1734 quaejam
1399 1667 1520 1736 attingit,
1548 1666 1788 1723 demonstrationis
1804 1667 1865 1733 leges

520 1745 599 1800 facila
617 1745 766 1815 patiuntur.
802 1743 945 1814 Oppositio
964 1743 1131 1804 diametralis
1149 1752 1192 1800 est
1209 1746 1341 1802 termInus
1359 1745 1549 1818 astrologicae,
1568 1746 1641 1802 idem
1658 1745 1733 1816 qnod
1751 1754 1863 1814 asperas

521 1823 673 1894 oppositus.

606 1903 680 1958 Nota
696 1901 767 1956 XIV.
802 1901 909 1972 Potest,
934 1903 1034 1972 lnquit,
1059 1902 1132 1958 eirea
1157 1910 1298 1973 aspectum
1321 1904 1477 1974 oppositum
1500 1903 1608 1972 concipi
1626 1903 1770 1972 proportio
1795 1901 1864 1970 dupla

519 1983 592 2038 inter
608 1988 695 2037 tutum
714 1979 844 2036 cistulam
866 1987 895 2036 et
911 1980 1044 2035 utrumvis
1063 1980 1310 2049 semicirculorum,
1329 1999 1399 2051 quos
1420 1981 1593 2051 distinguunt
1615 1983 1688 2037 inter
1705 1995 1737 2036 se
1754 1983 1866 2051 planetae

521 2061 653 2134 oppositi;
681 2057 822 2115 subsume:
850 2059 922 2115 sieut
945 2058 1233 2128 proslambanomenos
1256 2077 1346 2115 meses
1370 2061 1399 2116 in
1423 2062 1478 2116 boc
1500 2060 1675 2129 systematico
1695 2060 1801 2116 cuculo
1823 2055 1866 2114 sibi

521 2142 677 2213 oppositae,
702 2154 776 2194 mese
795 2147 957 2194 nannetes
976 2137 1061 2208 dupla
1079 2146 1123 2195 est
1139 2139 1167 2194 in
1186 2139 1311 2194 tensione
1334 2155 1386 2210 per
1402 2153 1496 2194 omnes
1514 2139 1637 2207 aequali,
1660 2147 1689 2194 et
1707 2143 1867 2211 generaliter,

521 2223 592 2277 eleut
610 2219 737 2286 chordae,
755 2215 827 2272 iuter
844 2233 913 2288 quas
933 2225 975 2273 est
993 2217 1135 2290 diapason,
1153 2234 1240 2288 seque
1252 2227 1348 2275 tensae
1366 2227 1431 2276 sunt
1443 2219 1516 2272 inter
1528 2234 1559 2272 ae
1570 2220 1758 2288 proportionis
1772 2223 1866 2290 duplae.
1890 2272 1891 2283 ,

609 2301 682 2356 Nota
698 2297 756 2353 XV,
794 2299 862 2353 Prae
881 2297 978 2352 ceteris
997 2298 1256 2367 configurationibus
1274 2299 1420 2368 plurimum
1438 2303 1481 2352 est
1494 2297 1668 2365 aequalitatis
1686 2300 1715 2354 in
1727 2304 1867 2372 configura-

520 2379 595 2436 tione
614 2377 778 2446 diametrali3
798 2377 943 2433 subsannes
962 2375 1034 2431 sieut
1051 2377 1133 2431 etism
1151 2377 1223 2432 Inter
1241 2391 1323 2432 sonos
1341 2375 1621 2447 proslambanomeni,
1644 2393 1736 2433 meses
1756 2389 1786 2435 et
1803 2392 1866 2437 netes

522 2459 655 2530 quaedam
673 2457 748 2514 velut
765 2456 917 2527 aequalitas
941 2461 984 2509 est
1002 2469 1050 2509 seu
1069 2455 1212 2524 identitas,
1238 2471 1301 2510 nam
1317 2456 1497 2511 intermediae
1519 2454 1639 2534 chordae
1657 2455 1823 2515 altrinsecus
1837 2461 1867 2514 di·

520 2541 660 2595 versisone
684 2543 835 2594 consonant
861 2541 910 2592 aut
930 2533 1012 2604 plane
1037 2531 1188 2588 dissonant
1224 2532 1384 2601 aequalitas
1407 2542 1535 2604 aspectus
1554 2535 1674 2604 oppositi
1692 2536 1766 2592 baec
1782 2548 1824 2594 est
1842 2557 1867 2594 er

520 2617 591 2674 libro
610 2633 670 2674 meo
688 2617 735 2672 111.
760 2615 806 2671 iol.
826 2617 861 2670 1¹1
879 2614 966 2684 (139),
990 2613 1055 2684 quia
1077 2629 1128 2682 per
1151 2612 1313 2667 diametrum
1341 2619 1416 2668 totus
1444 2614 1562 2670 cuculus
1585 2615 1716 2670 dividitur
1740 2617 1773 2672 in
1789 2627 1867 2687 partes

521 2697 589 2754 duas
607 2699 679 2754 inter
696 2711 726 2752 se
744 2693 881 2765 aequales,
899 2701 991 2750 cetera
1008 2693 1134 2762 figuralia
1150 2692 1237 2750 latera
1256 2691 1381 2748 disidont
1397 2693 1426 2747 in
1438 2691 1601 2763 inaequalia,
1620 2701 1652 2748 ut
1666 2693 1743 2750 latua
1757 2697 1869 2766 quadrati
1890 2740 1891 2743 ,

520 2777 548 2832 iu
566 2793 650 2832 unum
668 2783 696 2831 et
714 2774 766 2830 tria
783 2781 834 2829 etc

606 2855 679 2912 Nota
697 2852 768 2909 XVI.
805 2849 921 2920 Quando
939 2851 1057 2906 circulus
1076 2865 1126 2921 per
1142 2849 1245 2919 figuras
1267 2849 1398 2907 dividitor
1414 2851 1443 2906 in
1460 2857 1567 2922 partes,
1592 2860 1774 2924 quotcunque
1791 2863 1869 2926 partes
1890 2812 1891 2819 ἵ

518 2933 645 3004 aequales
665 2932 734 2988 fiunt
751 2943 784 2984 er
803 2929 913 2998 circulo,
931 2929 1046 2986 totidem
1063 2929 1146 2983 rectis
1160 2929 1298 2984 subtensis
1311 2930 1454 2998 peragitur
1465 2929 1622 3000 inseriptio;
1643 2940 1672 2987 et
1686 2949 1752 2988 enm
1766 2936 1868 2990 eIreulus

518 3013 546 3068 in
565 3011 633 3067 dnae
652 3009 781 3080 aequales
806 3017 899 3079 partes
918 3015 962 3064 est
979 3008 1155 3075 disidendus,
1179 3007 1224 3062 bie
1246 3023 1300 3062 nou
1325 3007 1409 3062 etiam
1427 3007 1534 3063 daubus
1552 3010 1651 3078 rectis,
1675 3014 1724 3068 sed
1751 3032 1807 3069 nna
1823 3016 1868 3068 ιιι

519 3107 570 3162 per
588 3097 710 3147 centrum
729 3089 812 3144 ducta
829 3105 901 3158 opus
920 3097 969 3158 est,
989 3102 1060 3157 quae
1077 3087 1195 3157 repetita
1211 3086 1239 3140 in
1257 3101 1288 3142 se
1300 3086 1388 3156 ipsam
1403 3086 1531 3141 eoiueidit
1548 3087 1635 3158 fitque
1649 3098 1794 3160 potestate
1806 3095 1870 3153 dnae,

404 3235 406 3242 Ι
441 3209 443 3219 ,
519 3177 583 3224 actu
605 3183 668 3226 una.
705 3165 897 3237 subintellige:
921 3167 1011 3222 etsie
1037 3166 1120 3221 etism
1137 3180 1168 3220 se
1185 3180 1230 3220 res
1249 3163 1412 3219 habet-eum
1430 3164 1519 3234 sonis,
1543 3165 1677 3236 diapason
1702 3169 1869 3239 iacientibuq

519 3263 581 3302 nam
599 3253 662 3316 post
672 3235 787 3302 'multas'
798 3244 980 3300 diversisonas
999 3243 1201 3312 consonantias,
1220 3257 1292 3313 qnae
1309 3251 1374 3298 sunt
1386 3245 1421 3299 ab
1433 3243 1558 3313 unisono,
1577 3246 1689 3300 tandem
1702 3247 1870 3304 consonana‘a

521 3325 651 3395 diapason
669 3323 701 3378 fit
718 3321 837 3378 identica
855 3322 1067 3392 quodammodo;
1087 3337 1172 3378 sonus
1194 3321 1266 3375 enim
1288 3327 1385 3377 acutus
1410 3338 1472 3376 eum
1495 3323 1572 3390 gravi
1594 3325 1622 3378 in
1640 3325 1713 3380 idem
1731 3327 1869 3382 reciditet

520 3401 718 3474 quodammodo
736 3402 832 3487 unitur
849 3402 882 3456 el.

606 3499 681 3556 licta
698 3497 784 3553 XVII.
819 3497 879 3552 Hoc
898 3495 963 3552 ditit
981 3511 1041 3552 ease
1059 3495 1174 3565 primam
1192 3509 1303 3552 ιιιιιιι
1327 3513 1376 3552 ιιι
1394 3497 1557 3568 principiam
1575 3501 1753 3575 aequalitatis
1772 3504 1868 3572 figurae
1890 3544 1891 3551 ,

519 3579 579 3634 Hoc
588 3578 680 3634 multis
692 3577 779 3632 modis
789 3583 882 3647 potest
890 3576 1013 3645 intelligi,
1031 3575 1075 3630 sel
1086 3575 1257 3644 generaliter,
1276 3577 1349 3645 qnod
1359 3576 1500 3644 ἐφαρμοιις
1517 3579 1571 3632 iata
1580 3585 1715 3633 rectarum
1724 3578 1870 3647 planorum·
1890 3584 1891 3645 j

520 3673 574 3727 que
592 3663 623 3712 nt
641 3664 668 3712 et
686 3655 847 3726 angrrlorum
870 3655 907 3710 ait
922 3653 1086 3724 principiam
1105 3654 1309 3710 demonstrandi
1332 3656 1523 3724 aequalitatem
1547 3655 1726 3726 figuratarum
1747 3659 1870 3726 quantia·
1890 3652 1891 3675 ¹

519 3744 577 3792 turn
595 3735 741 3807 planarum
759 3734 916 3804 praecipue,
934 3732 978 3789 sel
995 3734 1023 3787 in
1042 3733 1134 3802 specie
1152 3733 1296 3800 deliacis,
1319 3735 1392 3804 quod
1411 3752 1445 3788 ex
1464 3743 1558 3789 centro
1581 3735 1616 3790 ad
1634 3735 1870 3790 urcumfsrentim

520 3822 548 3872 et
573 3813 613 3870 sio
636 3815 717 3870 etism
741 3814 776 3869 sd
799 3812 927 3883 opposita
944 3819 1047 3880 puncta
1065 3827 1249 3881 quaeeunque,
1268 3814 1503 3870 circumferentiae
1529 3823 1622 3870 rectae
1647 3831 1743 3870 omnes
1763 3817 1834 3870 inter
1848 3828 1870 3866 se

520 3977 548 4024 et
566 3971 728 4040 priucipIum
746 3969 922 4040 aequalitatis
941 3970 1001 4038 ejus
1020 3967 1133 4038 figurae,
1153 3985 1223 4038 quae
1241 3973 1358 4027 circulus
1372 3972 1484 4041 dicitur,
1505 3972 1668 4042 principInm
1681 3971 1804 4041 quidem,
1820 3971 1870 4041 quis

520 4051 638 4108 ιιιιΙιι
656 4051 818 4108 describitur
835 4049 1001 4120 aequalitate
1018 4049 1102 4118 hujus
1120 4049 1214 4104 lineae.
1249 4050 1301 4106 Vel
1319 4052 1367 4112 sic,
1392 4049 1464 4118 quod
1483 4049 1634 4119 aequalitas
1652 4049 1790 4105 lineorum
1809 4051 1870 4120 [qus-

519 4129 553 4184 lit
576 4136 716 4198 spectatur
739 4132 820 4186 edam
841 4130 913 4184 iuter
936 4129 1099 4185 diametrum
1124 4136 1205 4183 etse
1229 4129 1317 4199 ipsam
1334 4128 1488 4197 repetitam)
1512 4129 1548 4182 ait
1573 4128 1772 4199 prineIpIorum
1792 4145 1869 4200 ιιιι1

521 4208 620 4278 quibus
639 4209 844 4266 constituuntur
861 4207 990 4278 aequales
1007 4207 1120 4275 figurae.
1157 4207 1209 4263 Vel
1227 4208 1274 4273 sie,
1294 4206 1366 4275 quod
1384 4205 1420 4275 id,
1440 4205 1513 4274 quod
1532 4206 1664 4262 diameter
1682 4225 1795 4278 semper
1811 4209 1870 4275 ejas·

520 4287 582 4342 dem
600 4294 643 4342 est
660 4285 850 4356 longitudInis,
879 4289 914 4342 sit
931 4287 1094 4356 principium
1118 4285 1321 4342 demonstrandi
1343 4285 1459 4352 figuram
1482 4284 1649 4353 regularem,
1673 4303 1745 4356 quae
1773 4287 1869 4343 demon-

520 4367 617 4425 stratio
636 4365 761 4421 consistit
778 4365 806 4421 in
823 4365 992 4434 aequalitate
1010 4363 1100 4421 liueae
1117 4365 1160 4418 vel
1178 4365 1242 4432 ejus,
1255 4363 1395 4434 potentiae
1420 4370 1447 4417 et
1465 4363 1591 4416 similium
1616 4378 1679 4418 cum
1697 4365 1782 4420 certis
1800 4364 1869 4434 parti·

519 4443 571 4498 boa
597 4443 729 4498 diametri.
769 4443 822 4500 Vel
845 4443 963 4510 denique
990 4442 1147 4498 referuntur
1172 4444 1242 4515 baec
1271 4443 1354 4499 verba
1380 4441 1414 4498 ad
1444 4442 1600 4512 sequentia,
1631 4459 1670 4499 sc
1696 4445 1772 4512 quod
1794 4445 1869 4497 Ιίιιιι

520 4531 628 4577 ιιιιιιι
645 4537 695 4590 per
712 4521 823 4594 planum
842 4520 936 4576 cuculi
953 4520 1097 4576 traductae
1115 4521 1209 4577 ιίιιιΙί
1227 4520 1336 4590 quidem
1354 4521 1598 4576 eiscomierentiam
1622 4521 1651 4576 in
1668 4529 1764 4591 partes
1783 4535 1869 4589 aequa·

519 4600 560 4656 les
579 4600 745 4669 distinguere
763 4599 884 4670 possint,
902 4607 931 4654 at
948 4616 1003 4654 non
1022 4599 1102 4656 simul
1120 4608 1148 4656 ιι
1165 4599 1279 4670 planum
1297 4599 1403 4670 clrcoli,
1428 4600 1496 4654 haee
1514 4599 1647 4654 diameter
1665 4617 1731 4656 vero
1749 4609 1778 4656 et
1795 4603 1869 4655 eben·

406 4743 413 4756 Ι
520 4679 577 4734 lnm
595 4685 624 4734 et
641 4679 752 4748 planum
770 4677 895 4733 similiter
911 4679 939 4734 in
958 4679 1095 4747 aequalia,
1119 4687 1150 4734 ut
1167 4681 1206 4735 ita
1224 4677 1342 4734 circulus
1367 4678 1412 4733 bic
1426 4679 1484 4746 J‘am
1503 4693 1587 4732 causa
1613 4679 1655 4733 sui
1674 4679 1757 4748 plane
1775 4679 1869 4734 dicatur

521 4758 616 4828 figura,
636 4765 663 4813 et
681 4757 785 4828 figurae
803 4755 954 4826 aequalitas
973 4757 1009 4811 sit
1026 4756 1096 4812 haec
1113 4758 1173 4825 ejus
1191 4757 1306 4813 bisectio
1324 4757 1353 4812 in
1370 4756 1425 4811 duo
1442 4755 1524 4825 plana
1542 4756 1764 4814 semicircularis.

607 4837 680 4893 Nota
697 4835 798 4892 XVIII.
835 4835 939 4904 Quarta
956 4849 1040 4890 cansa
1058 4835 1268 4905 comparationis
1287 4834 1424 4889 estlraec:
1443 4835 1471 4887 in
1484 4833 1588 4887 musica
1599 4838 1805 4891 consonantiam
1821 4833 1866 4888 dis·

520 4927 620 4986 paeon.
639 4913 728 4986 qualia
747 4921 790 4970 est
806 4914 878 4970 inter
895 4929 987 4968 mesen
1007 4918 1035 4970 ιι
1053 4920 1203 4982 extremas,
1222 4915 1251 4968 in
1269 4912 1419 4980 aanologia
1435 4927 1499 4966 sero
1517 4911 1761 4980 conagursaionsm
1779 4915 1866 4968 diane

519 4995 631 5064 tralem,
658 4993 746 5064 qualis
770 4999 813 5050 ιιι
835 4993 907 5052 inter
924 4998 1028 5062 puncta
1051 4993 1274 5061 aequinoctialia,
1297 5008 1347 5061 pro
1373 4991 1530 5046 fortissimis
1548 4992 1668 5060 agnosci
1704 4991 1865 5047 Ptolemaeus

520 5072 591 5126 hanc
608 5088 663 5127 non
680 5079 712 5127 ιι
729 5087 839 5128 oausam
856 5071 985 5142 proponit
1002 5071 1222 5140 comparationis,
1238 5070 1290 5126 sed
1307 5070 1360 5124 boc
1371 5068 1461 5138 ipsum
1479 5083 1530 5123 ιιι
1542 5071 1742 5125 consectarium
1754 5087 1789 5125 ex
1799 5080 1864 5138 prae

520 5151 611 5206 missis
629 5151 807 5224 geometricis,
826 5153 912 5207 veluti
930 5150 1021 5206 causis
1039 5149 1229 5218 archetypieis,
1249 5147 1367 5204 deducit.
1403 5149 1481 5202 llaec
1492 5147 1578 5217 igitur
1594 5155 1639 5203 est
1648 5148 1769 5215 genuina
1785 5151 1863 5200 textor

521 5227 680 5286 Ptolemaioi
696 5233 841 5302 sententis,
858 5231 886 5287 in
905 5245 967 5301 qua,
986 5237 1118 5300 quantum
1135 5228 1229 5285 lavore
1245 5235 1374 5285 conatum
1390 5227 1541 5284 Ptolemaei
1557 5228 1587 5283 in
1599 5240 1701 5296 genera
1717 5237 1861 5298 prosequor·

414 3919 419 3932 ·
459 3942 462 3948 ,
520 3891 574 3948 sint
592 3893 731 3962 aequales,
749 3899 780 3948 ut
797 3891 902 3964 figurae
921 3906 1015 3946 vocem
1034 3893 1116 3945 etism
1135 3890 1169 3945 de
1186 3890 1259 3947 linea
1276 3895 1400 3968 scalpist
1437 3894 1487 3948 Vel
1500 3893 1548 3960 sie,
1567 3894 1641 3963 quod
1655 3893 1725 3950 haec
1744 3896 1785 3949 sit
1801 3907 1891 3949 cana,
