4242 6384
523 772 587 832 814
785 791 792 803 ’
908 769 951 825 De
966 767 1090 826 Motibus
1107 768 1283 824 Pirustarum
1299 761 1477 840 liununicip.

522 941 621 1009 Itaque
637 940 725 998 lector
740 945 805 1010 post
821 938 932 1006 lineam,
950 955 1021 1012 quas
1038 941 1138 1000 desinit
1154 941 1194 997 sic
1211 939 1304 1010 Μὴ...
1319 937 1460 996 ‘obturbet
1475 937 1540 994 ister
1565 955 1584 994 a
1599 953 1657 1007 qua
1675 936 1701 994 ι’
1718 935 1818 992 sulum
1831 937 1857 1007 ⁴l,

521 1032 571 1072 seu
588 1018 662 1088 ³⁸1»,
687 1025 774 1073 restat
796 1018 866 1088 ”lm
896 1019 1027 1076 diminuta
1044 1027 1124 1076 sexta
1141 1021 1237 1086 mollir,
1256 1025 1326 1089 quae
1345 1025 1389 1074 cst
1404 1018 1477 1074 inter
1492 1019 1525 1088 dl
1539 1019 1582 1074 vel
1599 1035 1628 1074 ce
1649 1014 1697 1070 vel
1715 1033 1748 1072 sc
1764 1025 1860 1072 ortuo

522 1095 602 1151 etiem
622 1096 758 1166 simplicis.
782 1096 821 1153 Et
836 1099 865 1154 in
882 1100 1007 1169 subjecta
1023 1101 1133 1157 tabella·
1143 1101 1263 1172 primern'
1273 1099 1372 1160 lineum
1390 1105 1523 1167 occupent
1540 1098 1606 1156 ista:
1629 1097 1688 1152 Pro
1708 1095 1742 1165 Ἰ,
1760 1101 1800 1149 est
1816 1097 1863 1163 ’'t„

521 1174 657 1232 deficiens.
1787 1209 1790 1212 -

607 1263 651 1318 Ex
670 1263 768 1332 quibus
785 1272 874 1334 potet,
900 1265 928 1319 in
949 1274 1098 1336 systemate
1116 1265 1234 1333 naturali
1253 1264 1356 1321 elevem
1373 1263 1560 1333 furnulum,
1580 1267 1610 1315 nt
1626 1259 1680 1316 ills
1698 1265 1743 1316 est
1759 1275 1793 1315 ex
1808 1262 1865 1315 meis

520 1341 659 1412 principiis
677 1343 809 1406 ordinate,
827 1361 889 1400 com
906 1345 926 1401 d
942 1343 1018 1400 clave
1036 1345 1203 1400 constituere
1221 1351 1326 1399 sextam
1344 1341 1452 1398 mollem
1471 1339 1641 1405 deiicientem
1671 1353 1724 1392 seu
1751 1338 1866 1394 adulteri

520 1435 590 1475 nam.
628 1421 694 1475 Cum
719 1421 801 1490 igitur
827 1423 898 1477 inter
923 1422 1084 1491 penbelium
1102 1423 1179 1478 Joris
1205 1423 1232 1476 in
1260 1421 1329 1476 slavi
1354 1419 1474 1490 genuine
1500 1417 1519 1474 ri
1543 1417 1729 1474 constitutum
1756 1425 1783 1471 et
1807 1417 1868 1472 inter

520 1497 657 1567 epbeliom
675 1500 771 1554 Martis
791 1500 827 1556 sit
852 1499 974 1568 perlecta
991 1508 1071 1554 sexte
1088 1499 1176 1556 mellis
1186 1515 1278 1570 ¹supra
1296 1497 1487 1568 disdiapason,
1507 1511 1561 1552 non
1579 1509 1642 1552 vero
1663 1493 1811 1557 delicieris,
1827 1509 1868 1562 per

520 1571 597 1645 prop.
617 1577 659 1644 13,
677 1579 801 1647 sequitur
817 1579 934 1633 Martem
960 1577 1071 1648 apbeliu
1087 1582 1163 1634 motu
1190 1578 1297 1648 signare
1323 1577 1427 1640 locum,
1455 1575 1500 1644 qui
1518 1573 1553 1630 sit
1570 1591 1624 1628 uno
1643 1581 1784 1628 commate
1799 1573 1867 1628 altior

520 1651 596 1709 clare
613 1655 731 1722 genuina
746 1657 774 1724 ἡ
791 1656 883 1726 itaque
899 1673 956 1710 non
974 1656 1026 1711 nisi
1042 1655 1253 1725 fedulterinum
1273 1653 1404 1712 obtinebit
1423 1669 1509 1722 eoque
1528 1669 1583 1707 non
1601 1651 1694 1721 plane,
1716 1651 1767 1706 sed
1784 1652 1867 1706 sutem

520 1729 717 1799 quadamtenus
740 1731 768 1788 in
783 1724 867 1787 'benc
895 1731 997 1788 scalam
1024 1735 1166 1790 consentit
1219 1732 1446 1788 Concordantiam
1483 1747 1547 1786 roro
1576 1729 1765 1786 universalem
1791 1746 1867 1798 neque

521 1825 618 1877 puram
635 1827 725 1880 neque
742 1811 921 1868 adulterinam
938 1811 1096 1881 ingreditur.
1132 1813 1202 1868 Nam
1220 1811 1333 1868 Veneris
1351 1809 1498 1880 peribelius
1517 1809 1621 1864 obtinet
1632 1809 1730 1863 locum
1749 1825 1764 1863 e
1780 1809 1867 1863 tensio

520 1887 563 1940 nis
581 1887 671 1958 bajus.
689 1891 727 1944 at
742 1891 815 1944 inter
831 1907 853 1960 e,
861 1893 881 1960 f
892 1899 935 1946 est
952 1891 1129 1961 dissenmia,
1148 1891 1183 1968 ob
1201 1890 1375 1954 vicinitatem.
1401 1889 1531 1944 Dissonat
1548 1889 1631 1958 igitur
1647 1889 1731 1944 Mero
1750 1887 1785 1942 ab
1802 1888 1868 1942 unios

520 1962 707 2033 planetarum.
734 1985 772 2025 sc.
791 1971 938 2026 eveneris
955 1969 1097 2040 peribolio.
1130 1969 1184 2028 Sed
1203 1978 1231 2026 et
1249 1985 1266 2026 a
1283 1969 1382 2026 ceteris
1400 1969 1516 2024 Veneris
1534 1969 1652 2024 motibus
1673 1968 1813 2034 desunt,
1837 1981 1869 2020 re

522 2041 666 2099 mittuntur
682 2062 710 2100 n.
728 2046 748 2100 ii
765 2065 819 2103 uno
838 2055 972 2104 commate
989 2049 1093 2110 minos,
1109 2064 1190 2118 quam
1209 2063 1262 2118 per
1275 2063 1357 2102 unam
1373 2046 1473 2102 diesin:
1500 2061 1584 2114 quare
1601 2063 1663 2100 cum
1683 2046 1760 2101 inter
1777 2045 1869 2114 perite

521 2117 588 2203 lium
606 2121 718 2180 Veneris
736 2133 764 2182 et
780 2127 919 2196 apbelinm
937 2128 1033 2184 liertis
1052 2128 1089 2183 sit
1106 2127 1277 2186 semitonium
1295 2133 1323 2180 et
1341 2137 1459 2187 comme,
1477 2123 1548 2182 inter
1565 2123 1649 2194 igitur
1667 2122 1811 2192 apheliun
1828 2122 1868 2174 l'e

522 2197 595 2252 ueris
613 2208 641 2256 et
657 2203 795 2272 spbelium
806 2205 904 2260 Mortis
921 2205 974 2260 erit
990 2206 1209 2262 semitoniumet
1221 2203 1303 2260 diesis
1315 2201 1504 2271 (dissimulatis
1517 2201 1642 2276 octavis),
1662 2203 1721 2258 boc
1740 2209 1785 2256 ert
1800 2211 1869 2256 tenus

521 2277 623 2347 minor,
642 2282 716 2349 quod
733 2284 823 2340 adhuc
840 2284 980 2340 dissum
997 2283 1232 2340 estintervullnm.
1252 2283 1368 2338 Tantum
1387 2289 1478 2336 eutem
1495 2281 1628 2338 inmollis
1649 2281 1764 2350 generis
1783 2279 1869 2332 scalam

521 2355 646 2424 aphelios
663 2361 759 2417 Martis
777 2362 924 2428 consentit,
949 2377 1003 2416 nou
1021 2361 1103 2417 etiem
1129 2361 1158 2418 iri
1176 2360 1244 2416 duri.
1281 2359 1351 2414 Nem
1379 2375 1441 2414 cum
1459 2359 1585 2428 apbelius
1603 2358 1723 2414 Veneris
1742 2356 1868 2424 conspiret

521 2431 549 2486 in
567 2450 582 2488 c
598 2439 704 2502 generis
722 2441 791 2505 duri,
808 2440 905 2495 Martis
923 2454 988 2493 uero
1005 2439 1129 2508 epb‘elios
1155 2435 1341 2506 (dissimulatis
1359 2435 1472 2505 octavis)
1490 2437 1526 2491 uit
1544 2427 1635 2491 iectus
1662 2436 1749 2494 altior
1768 2451 1867 2504 queue

522 2516 587 2566 tono
605 2515 720 2578 minore,
746 2520 900 2575 necessario
925 2519 1008 2588 igitur
1025 2517 1150 2586 ephelius
1165 2517 1263 2572 Martis
1289 2516 1318 2570 in
1337 2516 1389 2572 bac
1415 2517 1541 2572 tonsione
1557 2512 1664 2572 medius
1683 2517 1760 2572 inter
1775 2515 1791 2582 s
1805 2519 1830 2566 et
1843 2513 1865 2578 Ιρ

522 2587 645 2664 caderet,
674 2594 776 2652 secians
794 2615 856 2654 oum
871 2617 891 2669 p
907 2599 1003 2667 (quem
1019 2598 1048 2652 in
1066 2597 1118 2653 bac
1135 2597 1259 2652 tensione
1277 2603 1395 2665 occupat
1413 2595 1538 2664 aphelius
1555 2594 1687 2665 Telluris)
1706 2591 1867 2650 intervallum

521 2665 576 2737 ”in
594 2670 676 2741 plane
693 2676 893 2733 inconcinnum.
909 2682 1005 2732 tonum
1023 2691 1061 2730 sc.
1081 2676 1216 2746 majorem,
1236 2675 1279 2732 oui
1297 2673 1406 2730 ademta
1423 2674 1459 2729 sit
1477 2673 1568 2728 diesis.

609 2769 713 2827 Eodem
730 2773 812 2827 medo
829 2771 1003 2842 probabitur,
1021 2772 1128 2829 Martis
1155 2771 1297 2846 apheliom·
1318 2769 1399 2826 etiem
1412 2786 1441 2836 ¹a
1456 2768 1574 2826 Telluris
1592 2768 1717 2824 motibus
1737 2763 1865 2822 dissidere.

521 2842 591 2900 Nem
609 2849 673 2916 quie
691 2867 752 2906 cum
769 2851 902 2921 peribelio
919 2851 1034 2906 Veneria
1059 2850 1232 2908 semitonium
1250 2857 1279 2905 et
1295 2863 1400 2904 comma
1416 2849 1495 2916 lacit,
1522 2864 1572 2918 per
1588 2847 1676 2916 dicta,
1699 2846 1730 2901 id
1749 2853 1791 2900 oet
1812 2843 1865 2909 “lm

521 2925 569 2980 sed
594 2927 719 2995 peribelii
743 2928 845 2984 Terrae
870 2937 898 2984 et
915 2929 1029 2984 Veneris
1057 2929 1161 2984 iaciunt
1185 2936 1292 2984 sextam
1317 2927 1425 2984 nollens
1451 2928 1484 2994 ll,
1502 2941 1551 2982 seu
1573 2927 1628 2996 ¹⁵12,
1647 2942 1705 2997 *per
1733 2940 1811 2995 prop.
1828 2923 1864 2976 2¹1:

522 3003 619 3058 Martis
635 3005 718 3074 igitur
735 3006 860 3077 apbelius
878 3023 940 3062 cum
956 3006 1088 3076 peribolio
1101 3005 1218 3062 Telluris
1237 3006 1350 3076 (additis
1368 3005 1407 3060 illi
1425 3005 1542 3074 bourie)
1568 3005 1650 3060 belet
1671 3005 1728 3074 1⁴l„
1748 3019 1798 3058 seu
1819 3000 1865 3066 le,

521 3079 710 3138 inconcinnum
728 3085 913 3155 intendinus,
929 3083 1040 3140 'nedum
1057 3085 1256 3156 harmonicum,
1279 3091 1315 3140 ut
1331 3091 1359 3140 et
1379 3085 1423 3156 Ἴ..
1459 3085 1513 3141 Est
1535 3101 1561 3138 n.
1578 3085 1721 3142 dissonum
1740 3091 1770 3138 et
1785 3082 1863 3136 incon·

522 3158 630 3214 cinnum
647 3161 776 3232 quioquid
794 3169 837 3218 est
853 3168 924 3219 inter
941 3163 974 3232 ll,
992 3170 1021 3218 et
1038 3162 1085 3231 ⁸l„
1113 3171 1145 3218 ut
1168 3163 1214 3219 bic
1231 3165 1271 3230 ‘ir-
1309 3163 1362 3218 Sed
1387 3179 1443 3221 uec
1461 3162 1533 3218 ullus
1558 3161 1628 3218 alios
1647 3161 1768 3217 Telluris
1787 3165 1863 3213 motos

522 3239 687 3307 concordare
704 3247 797 3310 potest
814 3257 876 3296 conr
893 3241 1002 3312 apbelio
1018 3242 1125 3297 Martis.
1161 3242 1231 3297 llam
1249 3258 1331 3312 supra
1344 3241 1453 3310 dlotum,
1471 3241 1586 3312 quodis
1604 3257 1666 3295 cum
1684 3239 1797 3310 apbello
1814 3232 1865 3288 Tel·

522 3315 589 3371 loris
607 3317 689 3373 iroiat
709 3319 763 3388 ¹⁵1„
782 3320 971 3376 inconcinnum
989 3319 1179 3390 rdisumulatis
1206 3319 1336 3388 octavislr
1360 3319 1418 3389 Jsm
1436 3335 1500 3376 vsro
1519 3321 1583 3387 etl,
1603 3317 1647 3374 vel
1666 3318 1724 3387 Ὗ,
1743 3311 1863 3384 usquein

523 3393 580 3462 ²⁵l„
606 3397 697 3452 omnir
722 3407 788 3454 sunt
804 3400 910 3454 minora
926 3399 1036 3454 minimo
1053 3397 1194 3455 intervallo
1211 3399 1374 3454 harmonico.

609 3503 854 3567 Corollarlum
876 3507 989 3579 XLIV.
1034 3507 1122 3567 Patet
1143 3509 1232 3583 lpltur
1254 3523 1289 3566 ex
1312 3505 1368 3566 bec
1390 3521 1472 3584 prop.
1488 3507 1539 3565 43.
1562 3504 1599 3565 ds
1614 3503 1693 3566 Jove
1717 3511 1748 3565 ot
1770 3501 1862 3570 Morte,

523 3597 611 3652 etex
634 3594 684 3656 39.
707 3593 743 3654 de
765 3595 892 3654 Saturno
915 3593 1059 3668 etJoee,
1091 3601 1120 3654 et
1141 3609 1178 3660 cx
1199 3595 1250 3656 36.
1273 3591 1309 3654 de
1331 3591 1411 3653 Jove
1434 3601 1463 3652 et
1485 3591 1620 3665 Tellure,
1649 3599 1740 3654 etex
1764 3593 1812 3650 32.
1835 3585 1863 3642 de

523 3677 667 3751 Suntne,
690 3698 741 3740 cor
762 3699 852 3760 supra
872 3696 938 3760 cap.
956 3682 985 3740 b.
999 3683 1184 3760 planetarum
1195 3689 1295 3750 motus
1311 3688 1456 3742 extremos
1478 3696 1573 3755 neque
1596 3696 1698 3740 omues
1723 3677 1762 3738 ed
1784 3690 1861 3734 uuum

523 3775 654 3842 systema
676 3768 809 3832 naturale
820 3787 884 3840 ,seu
906 3768 1017 3830 scalam
1031 3770 1174 3830 musicem
1195 3763 1405 3846 perfectissime
1420 3765 1656 3853 accommodatos
1668 3783 1746 3845 esso,
1769 3775 1860 3838 oeque

494 3844 498 3855 '
524 3855 574 3928 qui
597 3851 636 3912 ad
658 3865 788 3933 systema
809 3859 951 3917 tensionis
974 3856 1107 3932 eJusdem
1129 3853 1344 3916 accommodati
1367 3863 1457 3926 eraut,
1488 3869 1593 3916 omnes
1615 3852 1681 3914 illos
1704 3853 1772 3913 loca
1794 3848 1859 3908 illius

520 3940 648 4002 nmuroli
671 3944 783 4004 ratione
814 3943 949 4004 divisisse
978 3961 1030 4003 seu
1059 3946 1274 4018 successionem
1308 3943 1514 4002 concinuorum
1542 3939 1765 4000 intervallorum
1794 3949 1859 3994 urere

523 4027 686 4090 naturalem
709 4019 839 4094 etleoisse
861 4022 1073 4112 deprehensum
1096 4034 1143 4092 sit.
1188 4020 1271 4094 Nem
1292 4031 1403 4107 priores
1425 4035 1494 4088 suut
1522 4045 1656 4117 causue,
1678 4029 1786 4103 quibus
1806 4025 1859 4080 sin-

523 4115 585 4190 guli
608 4115 745 4192 planetae
767 4119 899 4195 singulus
921 4126 992 4178 sunt
1012 4120 1091 4178 nacti
1113 4117 1297 4190 barmoulos,
1332 4117 1437 4192 quibus
1459 4123 1488 4175 et
1511 4131 1611 4175 omues
1642 4115 1779 4193 planetae
1801 4111 1858 4168 bar·

522 4205 637 4262 munias
659 4206 849 4280 universales,
873 4207 980 4282 quibos
1003 4205 1128 4282 denique
1151 4215 1181 4264 at
1204 4203 1372 4262 barmoniae
1396 4201 1574 4262 universales
1598 4200 1656 4260 duo
1678 4217 1796 4282 genera,-
1817 4195 1859 4253 du·

522 4305 587 4348 rum
612 4297 642 4350 et
663 4291 767 4351 molle:
791 4295 898 4368 quibus
920 4294 1034 4371 positis,
1054 4293 1118 4369 jem
1132 4292 1288 4370 impeditur
1302 4289 1469 4350 omnimoda
1482 4289 1713 4349 accommodatio
1730 4288 1768 4349 ad
1782 4290 1857 4344 uorr'm

523 4377 657 4437 naturale
679 4386 818 4455 systema
863 4378 976 4454 Quodsi
997 4379 1067 4440 illue
1091 4397 1198 4439 causae
1214 4381 1272 4437 non
1288 4379 1514 4456 praecessissent
1536 4378 1718 4449 necessarlo,
1749 4373 1856 4434 dubium

526 4463 638 4523 nullum
661 4474 722 4536 est,
754 4467 824 4541 quio
848 4465 896 4524 vel
918 4482 1009 4526 unum
1031 4475 1162 4545 systema
1185 4483 1305 4542 unaque
1334 4465 1398 4542 ejus
1421 4465 1515 4524 tensio
1539 4462 1721 4541 planetarum
1745 4459 1855 4524 emulum

524 4558 621 4610 metue
643 4559 787 4633 extremos
810 4553 994 4629 complexum
1016 4545 1109 4630 esset,
1143 4552 1190 4613 vel
1213 4555 1238 4612 ei
1268 4552 1383 4612 duobus
1414 4551 1623 4630 systematibus
1647 4567 1721 4627 opus
1745 4551 1796 4610 luit
1814 4558 1856 4620 pro

525 4637 639 4699 duobus
663 4646 765 4699 cantus
788 4641 963 4715 generibus,
999 4639 1075 4718 duro
1093 4627 1123 4700 'et
1145 4635 1248 4714 molli,
1278 4655 1336 4699 non
1359 4641 1388 4696 iu
1411 4638 1504 4698 altera
1527 4643 1638 4696 tautum
1659 4642 1775 4714 generis
1796 4629 1854 4698 duri·

524 4727 578 4787 sed
600 4729 688 4787 etlam
710 4730 740 4784 in
762 4727 876 4804 relique
906 4729 1021 4803 generis
1049 4724 1147 4787 mollis
1176 4729 1338 4804 ipsissimus
1366 4725 1437 4786 ordo
1466 4723 1563 4790 scalae
1579 4797 1588 4806 Ι,
1596 4723 1740 4798 naturalis
1771 4719 1855 4783 [uiuet

461 4847 467 4852 ·
525 4831 686 4893 expressus
731 4813 834 4874 Habes
860 4817 949 4892 igitur
977 4813 1026 4873 hic
1055 4814 1133 4874 dieto
1157 4831 1220 4892 eep.
1245 4815 1274 4874 b.
1298 4816 1455 4892 promissas
1485 4829 1590 4874 causes
1614 4803 1797 4872 dissidiorum
1815 4817 1855 4883 per

525 4903 654 4975 minime,
677 4909 708 4962 et
730 4903 864 4962 omuibus
886 4900 1006 4980 quidem
1027 4903 1177 4961 concionis
1200 4903 1321 4961 minora.

612 5023 828 5104 Propositio
850 5025 947 5086 XLV.
993 5023 1041 5085 Ad
1067 5041 1252 5106 ,communem
1284 5023 1424 5100 majorem
1447 4989 1577 5108 veneris⁴
1593 5029 1625 5080 et
1647 5017 1783 5082 Mercurii
1804 5012 1852 5072 'dtr-

531 5109 687 5188 dispe'sou,
715 5131 770 5174 uec
799 5131 859 5174 non
888 5113 926 5174 ed
950 5111 1208 5184 Mercurii,etiau1
1235 5113 1398 5192 propriam,
1428 5103 1518 5187 supra
1544 5107 1689 5186 prioribus
1711 5101 1852 5168 rationibus

530 5215 613 5279 prop.
639 5203 677 5260 12
700 5209 732 5262 et
755 5203 804 5261 16.
827 5189 990 5276 stabilitos,
1020 5194 1160 5260 accedere
1191 5189 1325 5276 oportuit
1353 5195 1541 5260 intervallum
1566 5194 1691 5274 aequale
1720 5181 1850 5256 muurlt
