4242 6384
535 758 599 819 tsi
944 752 986 809 De
1006 750 1272 823 configurationibus
1294 752 1474 810 Harmonicia.

534 931 801 1005 accommodatius,
820 933 967 1011 jactatum
981 927 1085 1019 'febrili
1107 948 1301 1011 paroxyamo,
1333 934 1470 1007 quamvis
1492 932 1620 998 tenuiter
1641 919 1755 994 ¹aninmo
1775 934 1862 1005 vitriis,

535 1029 637 1083 auctor
658 1022 906 1095 inflammationis,
927 1040 947 1081 a
969 1028 1075 1095 conatu
1094 1038 1153 1097 ¹auc
1176 1023 1318 1093 remittat,
1347 1024 1456 1097 quippe
1480 1020 1618 1081 defuncta
1641 1038 1696 1083 sno
1718 1031 1864 1083 innuerent

534 1110 656 1171 materia
678 1108 773 1167 febrili
795 1108 843 1169 vel
866 1109 1026 1185 colliqoata
1058 1106 1107 1167 rel
1129 1108 1224 1185 ejecte
1256 1126 1292 1167 ex
1316 1109 1427 1171 intimis
1458 1108 1579 1169 sedibus
1610 1126 1712 1169 versus
1735 1112 1864 1181 exteriora,

534 1213 594 1267 uon
616 1204 714 1257 tamen
737 1198 836 1257 statim
860 1199 939 1258 omni
962 1195 1060 1256 calore
1083 1194 1238 1269 liberatur;
1267 1194 1369 1255 haeret
1398 1197 1475 1255 enirn
1505 1198 1530 1258 ia
1553 1198 1582 1255 in
1605 1198 1729 1257 materia
1751 1200 1866 1273 corporis,

535 1300 637 1354 carne,
661 1284 794 1361 ossibpa,
816 1288 914 1345 nervis
937 1282 1003 1357 diu,
1028 1283 1127 1359 quoad
1150 1284 1213 1359 ipse
1236 1300 1353 1359 quoquo
1377 1290 1471 1343 tractu
1495 1286 1635 1361 temporis
1657 1286 1790 1362 exspiret.

620 1370 697 1431 Sunt
719 1373 808 1449 igitur
830 1370 885 1433 inse
909 1370 1080 1431 barmoniae
1108 1388 1144 1431 ex
1168 1387 1267 1429 earum
1291 1387 1426 1444 numero,
1457 1388 1531 1447 quas
1558 1388 1647 1447 snpra
1669 1388 1747 1449 cap„
1761 1376 1787 1429 2.
1809 1372 1870 1429 dixi·

534 1476 599 1521 mua
621 1476 680 1519 non
703 1459 856 1535 subjacere
878 1457 1081 1537 providentiae
1105 1458 1230 1529 liberae,
1245 1456 1310 1535 ,sed
1333 1460 1508 1519 necessitate
1530 1466 1662 1519 motuum
1686 1462 1798 1519 misceri
1819 1478 1870 1519 curu

533 1546 654 1609 infinitis
676 1550 724 1605 sui
745 1549 860 1623 generis
883 1548 1059 1621 incongruis,
1083 1546 1190 1623 quibua
1213 1544 1295 1607 Deus
1318 1553 1430 1605 mentes
1453 1544 1607 1619 ordinavit,
1631 1564 1708 1623 quae
1727 1546 1799 1619 illas,
1820 1564 1872 1605 cunr

534 1633 675 1705 incidunt,
697 1642 901 1710 agnoscerent.
947 1634 1040 1709 Atqui
1062 1633 1149 1709 longe
1172 1630 1282 1693 felicior
1305 1640 1349 1693 ost
1370 1641 1479 1693 natura
1489 1634 1658 1696 sublunaris
1678 1637 1710 1693 in
1725 1634 1779 1707 bis,
1800 1652 1872 1710 quen

424 1707 456 1780 ,'
534 1739 621 1781 aures
650 1724 679 1779 in
708 1729 811 1794 cantu,
839 1720 1055 1797 dignoscendis.
1102 1716 1228 1779 Auditus
1256 1721 1333 1778 enirn
1356 1736 1414 1779 nou
1438 1716 1524 1779 valdo
1556 1720 1724 1781 delectatur·
1742 1722 1874 1781 hannonia

421 1872 428 1886 ,
534 1809 670 1869 binarum
693 1826 817 1883 vocum,
848 1810 874 1867 si
897 1810 1027 1885 quinque
1049 1808 1127 1867 aliae
1157 1807 1341 1867 dissonantes
1371 1808 1557 1885 obstrepunt,
1586 1816 1692 1869 natura
1714 1809 1872 1881 sublunaris,

535 1904 655 1956 moneta
677 1898 827 1974 perpetuis
849 1898 1016 1972 incongruis
1038 1895 1327 1971 configurationibus,
1352 1910 1403 1954 eas
1425 1912 1478 1971 pro
1494 1894 1583 1955 nullis
1605 1896 1705 1971 habet,
1729 1900 1800 1973 quia
1819 1900 1873 1955 nori

534 1984 607 2045 nihil
629 1983 845 2056 animadvertit,
868 1984 897 2043 ln
920 1982 1121 2043 harmonicum
1143 2000 1213 2043 vero
1236 1980 1376 2059 angulum
1399 1982 1441 2041 sie
1456 1990 1501 2043 ast
1517 1986 1638 2057 intenta,
1663 2002 1700 2045 ac
1722 1986 1748 2045 si
1770 1984 1873 2044 necin

535 2080 624 2133 essct.
667 2070 718 2132 Sic
741 2088 807 2137 cnm
828 2073 1047 2149 prognosticum
1070 2068 1191 2147 aliquod
1214 2069 1321 2129 millies
1343 2076 1436 2143 errat,
1460 2071 1622 2146 negligitur
1640 2080 1740 2133 tantan
1765 2072 1832 2145 hoc,
1852 2082 1875 2130 at

533 2162 559 2219 si
581 2160 673 2221 semel
695 2176 817 2236 scopum
839 2161 967 2237 attingit,
989 2159 1047 2219 hoc
1068 2160 1210 2219 memoria
1232 2156 1353 2235 dignum
1375 2165 1524 2232 censetur,
1548 2158 1606 2219 hoc
1627 2162 1759 2221 omnium
1781 2176 1875 2219 sermo·

533 2246 619 2307 nibus
642 2247 815 2309 celebratur.

553 2390 559 2401 ,
619 2336 665 2417 Ex
686 2334 733 2395 his
755 2336 843 2412 igitur
865 2332 989 2409 intelligi
1012 2332 1115 2407 detur,
1139 2331 1306 2409 harmonias
1329 2334 1358 2391 in
1381 2332 1507 2393 vocibus
1530 2332 1648 2408 qnidam
1675 2334 1799 2393 arbitrio
1819 2350 1878 2392 con·

534 2423 616 2483 stitni
638 2416 820 2501 'corrailioquc
843 2424 991 2494 mensa,
1021 2422 1050 2479 in
1074 2420 1189 2497 angulis
1213 2438 1283 2481 vero
1315 2418 1440 2481 radiosis
1471 2419 1553 2479 nullo
1577 2430 1701 2481 naturae
1727 2422 1877 2483 sublunaria

534 2509 750 2583 considered
772 2526 854 2572 mera
873 2511 1049 2575 nocemltato
1069 2510 1250 2583 geometrica
1272 2514 1405 2569 motuum
1426 2510 1591 2583 provenire.
1635 2508 1713 2569 Nam
1743 2511 1813 2584 quia
1832 2508 1877 2565 dno

534 2598 672 2675 planetae
693 2599 825 2674 separari
846 2596 955 2657 dobant
975 2613 1028 2673 par
1050 2596 1141 2658 totius
1156 2594 1330 2655 semicirculi
1353 2612 1405 2653 seu
1420 2590 1565 2671 graduum
1586 2596 1646 2655 180
1669 2595 1876 2673 longitudinem,

533 2686 567 2745 fit
588 2688 772 2759 necessario,
802 2692 835 2745 ut
856 2685 917 2743 suis
940 2686 1026 2743 certia
1049 2684 1205 2743 momentis
1228 2686 1316 2745 aliam
1340 2682 1491 2759 particulis
1513 2683 1578 2759 ejus
1601 2682 1795 2756 harmonicis,
1826 2684 1875 2741 scil.

535 2774 586 2847 30,
611 2774 662 2845 60,
687 2774 728 2833 90
735 2818 745 2852 ,
770 2774 831 2833 120
854 2779 910 2833 ete.
932 2770 1076 2847 garinum
1099 2769 1217 2829 distent
1261 2770 1366 2847 Itaque
1388 2769 1559 2831 harmoniae
1581 2780 1685 2845 captus
1715 2778 1878 2847 quaeruntu

533 2863 614 2920 intus
635 2879 655 2921 a
677 2866 816 2933 macule,
838 2858 1009 2919 harmoniae
1031 2858 1178 2919 radiorum
1202 2865 1408 2934 exspectantur
1430 2855 1539 2918 doloris
1559 2876 1579 2917 a
1601 2866 1707 2919 natura
1732 2860 1878 2927 sublunari,

535 2948 728 3009 observantur
750 2964 816 3007 cum
838 2946 978 3021 incidunt,
1002 2946 1213 3023 dignoscuntur
1235 2964 1254 3007 a
1276 2963 1333 3005 uon
1349 2945 1526 3005 harmonicis
1548 2940 1595 3027 (et
1613 2947 1657 3005 sic
1678 2947 1717 3007 ab
1734 2946 1788 3007 illa
1809 2962 1879 3005 suun

534 3053 593 3095 eece
615 3036 777 3113 accipiunt)
799 3036 1042 3111 excipiunturque
1066 3042 1096 3095 et
1117 3030 1311 3110 applicantur.
1358 3032 1505 3093 lircviterr
1536 3032 1786 3109 configurationes
1808 3051 1880 3112 prae·

535 3125 654 3196 oinunt,
675 3131 781 3183 natura
802 3122 971 3183 sublunaris
992 3119 1084 3183 sabat
1105 3120 1144 3179 ad
1166 3119 1247 3197 leges
1270 3120 1358 3197 huJua
1382 3120 1555 3181 cantilenae.

621 3210 658 3269 V.
682 3208 824 3285 Quintum
847 3209 1001 3269 discrimen
1024 3216 1070 3269 est
1092 3206 1309 3284 quodammodo
1334 3206 1554 3281 ,annectendum
1575 3209 1681 3283 primo.
1727 3209 1792 3269 Nec
1814 3210 1878 3267 enin

533 3296 690 3357 latitudine
712 3304 825 3357 tantum
849 3295 985 3356 differunt
1004 3295 1174 3358 harmoniae
1205 3296 1294 3371 hujus
1324 3303 1354 3355 et
1375 3294 1578 3372 praecedentis
1603 3295 1686 3365 libri,
1719 3296 1773 3357 sod
1805 3299 1879 3355 etiam

536 3385 638 3445 ordine
659 3391 845 3461 respecturum
869 3383 1064 3457 diversorum,
1099 3382 1206 3459 quibus
1236 3382 1347 3459 figurae
1368 3384 1564 3459 geometricae
1591 3384 1717 3457 gignunt
1730 3392 1880 3457 ¹utrumque

535 3490 629 3548 genus
651 3470 884 3532 harmonicorum
907 3474 1140 3547 proportionum,
1169 3472 1255 3531 tertio
1279 3488 1406 3547 namque
1429 3470 1504 3529 libro
1535 3471 1631 3547 potior
1657 3470 1714 3529 init
1745 3480 1880 3547 respectus

534 3560 711 3634 scibilitatis,
733 3566 838 3636 quarto
861 3561 918 3618 isto
940 3560 1038 3635 potior
1060 3560 1115 3619 erit
1137 3560 1353 3635 congruentiae.
1399 3556 1457 3618 Sed
1479 3555 1515 3617 de
1538 3556 1595 3617 hoc
1610 3559 1715 3634 quinto
1731 3559 1880 3620 discrimine

533 3648 596 3726 jam
619 3665 684 3724 cap.
708 3648 737 3709 ὁ.
761 3664 798 3707 ex
820 3646 952 3725 proleaso
974 3659 1114 3722 agemus,
1135 3648 1166 3705 in
1189 3645 1386 3725 explicatione
1407 3646 1598 3705 ariomatum.

1111 3876 1252 3978 curun
1279 3878 1317 3951 ιι.

525 4016 583 4079 ‘Da
607 4025 720 4081 censis
745 4024 950 4081 efficacium
978 4023 1311 4095 configurationum,
1345 4032 1530 4093 earumque
1557 4038 1694 4077 numero
1713 4032 1749 4077 et
1778 4022 1882 4077 ordine

1130 4112 1299 4179 graduum.

623 4257 817 4317 Definitio
839 4257 865 4316 1.
911 4256 1159 4331 Gonfignrationis
1177 4272 1234 4315 vox
1249 4259 1373 4317 sumitur
1395 4275 1448 4334 pro
1464 4258 1597 4319 binorum
1612 4254 1770 4329 radiorum,
1795 4256 1882 4330 cujac·

536 4362 594 4421 quo
616 4364 636 4405 a
655 4344 776 4421 planeta
796 4362 851 4409 auo
874 4344 1095 4417 descendentis,
1124 4342 1234 4419 angulo
1258 4344 1326 4418 illo,
1358 4363 1418 4422 quo
1440 4346 1550 4422 angulo
1573 4342 1647 4403 radii
1671 4344 1719 4402 bic
1749 4347 1779 4403 in
1803 4344 1882 4401 Terra

537 4428 633 4514 (quac
655 4436 756 4509 puncti
777 4434 921 4495 rationem
942 4431 1047 4504 habet)
1072 4436 1192 4505 colinnt3
1216 4430 1264 4491 vel
1287 4432 1367 4508 quod
1390 4432 1593 4506 eodemredil,
1617 4433 1742 4491 sumitur
1758 4448 1811 4509 pro
1824 4445 1881 4491 ιιιιι

537 4518 638 4579 circuli
659 4522 775 4596 magni,
805 4521 835 4577 in
857 4518 980 4587 andiaco
1003 4519 1157 4595 descripti,
1189 4519 1240 4596 qui
1267 4536 1352 4581 arcus
1375 4538 1512 4582 mensura
1533 4518 1571 4581 ait
1601 4517 1670 4579 dicii
1693 4519 1809 4595 anguli,
1837 4530 1881 4575 seu

538 4624 625 4685 qnam
649 4623 748 4667 areum
770 4607 832 4667 bini
846 4604 989 4684 ,planetae
1012 4622 1166 4683 corporum
1188 4622 1308 4667 snorum
1332 4608 1451 4685 objectu
1474 4610 1628 4671 terminare
1651 4614 1682 4667 el
1697 4610 1785 4682 quasi
1806 4620 1880 4683 prae·

539 4694 637 4757 cidere
658 4696 745 4756 nobis
767 4693 910 4755 terricolis
932 4693 1079 4755 videntur.
1166 4748 1170 4759 ,
1551 4724 1554 4731 ,

623 4828 780 4885 Notandum
799 4830 887 4899 primo
905 4828 940 4900 de
958 4827 1079 4884 nominc:
1104 4826 1277 4883 Ptolemaeus
1303 4828 1331 4884 in
1350 4828 1563 4900 quadripartito,
1587 4830 1614 4884 in
1633 4828 1721 4899 Opera
1739 4842 1832 4895 magno
1848 4824 1879 4876 in-

538 4924 591 4979 que
604 4908 777 4963 Harmonicis
793 4925 981 4976 σχηματισμοιις
999 4906 1132 4977 appellat,
1157 4906 1230 4974 quod
1243 4906 1348 4961 Arabes
1367 4916 1494 4977 aspectus
1513 4914 1665 4975 verterunt3
1688 4906 1766 4975 qnasi
1785 4904 1879 4958 schema

538 4986 576 5040 sit
590 4985 663 5039 idern
680 4986 753 5056 quod
771 4986 871 5055 vultus,
889 4986 988 5055 iaciea3
1013 4986 1087 5055 quod
1106 4986 1187 5041 etiam
1205 4992 1300 5039 noster
1317 4986 1511 5041 Teutonismns
1528 4986 1626 5051 habet,
1645 4986 1691 5053 qni
1709 4985 1803 5040 faciem
1820 4978 1878 5032 solil

538 5073 678 5128 nominare
693 5070 746 5129 bob
767 5070 1068 5147 argentomacum
1087 5081 1115 5128 et
1125 5078 1333 5141 personaturum
1346 5072 1497 5143 schemata,
1517 5072 1596 5128 ionici
1607 5072 1729 5138 obtenta,
1756 5064 1878 5139 dissidia,

538 5166 610 5221 quae
627 5152 690 5207 itali
708 5155 856 5211 Mmoaraa
893 5153 1032 5208 Invenitur
1048 5159 1140 5206 tamen
1159 5162 1186 5208 st
1204 5166 1258 5211 vox
1275 5158 1464 5221 arponplaqrq,
1492 5166 1560 5219 ques
1579 5164 1632 5205 non
1651 5158 1756 5203 tantum
1773 5163 1806 5200 ex
1823 5146 1877 5197 Ara·

536 5230 605 5288 bieia
622 5238 751 5301 aspectas
768 5233 914 5305 partimus,
931 5233 981 5289 aed
999 5231 1081 5289 etiarn
1099 5232 1164 5287 boni
1181 5236 1307 5291 auctores
1325 5232 1411 5288 iatine
1426 5228 1539 5293 inmites
1563 5236 1591 5285 et
1608 5228 1687 5298 signa
1704 5224 1832 5283 intuenda
1846 5218 1877 5273 di·
