4242 6384
513 796 553 854 74
1077 789 1119 846 lle
1135 787 1291 846 Humana.

510 977 566 1020 uon
583 962 639 1020 sint
658 963 829 1035 corporilica,
848 969 938 1022 tamen
955 963 1115 1022 saeuiunt
1129 969 1236 1037 postem
1253 968 1449 1026 mmoumteu
1464 979 1527 1022 tum
1544 967 1603 1018 toto
1621 959 1739 1030 circu103
1766 967 1795 1015 ut
1810 961 1847 1016 tri

510 1041 654 1112 angulum,
685 1043 911 1114 quadrangulum,
938 1039 1130 1113 sexangulam,
1157 1041 1200 1099 vel
1218 1038 1278 1098 sola
1294 1041 1337 1096 vel
1353 1041 1423 1098 inter
1441 1057 1479 1098 se.
1515 1039 1699 1112 Octengulum
1718 1056 1777 1096 cum
1793 1057 1848 1112 qua·

512 1119 654 1195 drangulo,
688 1129 796 1180 auctum
814 1121 987 1193 octaugulum
1010 1139 1071 1178 eum
1089 1119 1196 1190 eodem,
1225 1120 1403 1188 decauqulum
1421 1137 1482 1178 eum
1505 1119 1712 1190 quinquangnlo
1734 1127 1811 1176 aucto
1826 1127 1850 1175 et

509 1195 631 1268 simplici,
651 1199 828 1272 decaugulum
846 1209 956 1258 auctum
983 1217 1044 1256 cum
1062 1199 1273 1271 quinquangulo.
1309 1200 1354 1268 23)
1381 1201 1495 1256 Ceterae
1512 1199 1615 1269 figurae
1634 1204 1744 1254 ceteras
1760 1205 1850 1267 partes

509 1293 578 1346 quae
596 1279 639 1335 rel
661 1280 719 1350 jam
737 1288 802 1338 sunt
825 1281 1026 1338 demonstratae
1049 1279 1092 1334 vel
1119 1278 1231 1352 similem
1258 1277 1360 1334 habeut
1379 1278 1651 1342 demonstrationem,
1678 1284 1851 1334 consonantes

485 1377 491 1396 o
509 1357 611 1414 faciunt
628 1375 689 1416 oum
708 1365 765 1416 toto
784 1361 894 1431 circulo,
913 1369 944 1418 nt
962 1358 1140 1428 sexangulum
1152 1360 1171 1412 .1
1192 1373 1254 1413 oum
1272 1363 1330 1412 tcta
1347 1358 1373 1426 6,
1392 1355 1625 1426 quinquangulum
1643 1357 1658 1410 1
1679 1373 1744 1412 cnm
1761 1361 1850 1426 tutat,

507 1443 615 1492 auctum
633 1439 863 1509 quinquangulum
881 1441 898 1494 2
916 1456 976 1495 oum
994 1447 1053 1496 tota
1071 1441 1104 1507 5,
1122 1437 1365 1509 quadrangulum
1385 1452 1447 1492 cum
1464 1443 1524 1492 tota
1535 1437 1560 1501 4,
1578 1437 1749 1508 triangulum
1767 1441 1779 1494 l
1798 1455 1852 1494 cum

507 1519 565 1569 tota
583 1516 612 1584 3,
641 1516 814 1588 octaugulum
832 1519 846 1572 1
866 1535 927 1574 eum
945 1525 1003 1578 tota
1020 1519 1048 1586 8,
1075 1525 1186 1574 auctum
1203 1515 1411 1585 mauguinus
1429 1531 1491 1570 cum
1507 1523 1566 1574 tota
1581 1516 1614 1585 8,
1643 1505 1854 1588 dnoengduut

510 1607 572 1647 cum
589 1601 650 1650 tota
668 1597 709 1664 10,
737 1597 894 1653 nominatim
912 1613 976 1652 varo
994 1601 1104 1654 auctum
1121 1595 1300 1666 deoangulum
1316 1610 1467 1664 consonare
1483 1593 1550 1650 iacit
1565 1601 1670 1666 partem
1690 1597 1708 1650 3
1724 1613 1786 1652 cum
1801 1601 1853 1650 tota

509 1671 549 1728 10.
585 1672 639 1729 Est
656 1674 726 1728 enim
745 1681 773 1729 et
790 1673 862 1732 latus
880 1673 980 1745 ἄλογον
1003 1677 1130 1748 quidem,
1157 1677 1207 1732 aed
1232 1691 1268 1732 ex
1292 1675 1467 1746 proportione
1495 1674 1600 1736 divina.
1627 1676 1808 1746 compositum
1824 1687 1852 1726 ex

507 1748 583 1806 radio
602 1757 629 1806 et
647 1753 705 1821 eius
723 1759 801 1822 parte
818 1754 928 1824 maiore.
953 1757 1031 1812 Sicut
1048 1754 1192 1824 decanguli
1207 1754 1282 1832 latus
1300 1760 1342 1809 est
1358 1754 1420 1824 ipsa
1436 1771 1502 1824 pars
1519 1755 1613 1824 major.
1644 1755 1692 1821 23)
1711 1755 1786 1822 Ergo
1803 1761 1853 1822 (per

508 1827 542 1883 22
561 1833 589 1882 et
607 1829 649 1892 13)
676 1847 737 1886 cum
755 1838 813 1888 tota
831 1835 846 1890 5
865 1841 996 1890 consonat
1010 1851 1084 1906 ¹pers
1103 1835 1135 1904 3,
1164 1833 1228 1904 quia
1250 1850 1311 1889 cum
1328 1839 1387 1888 tota
1405 1833 1446 1888 10.
1481 1833 1540 1888 Nec
1557 1832 1646 1887 miuus
1665 1849 1729 1889 cum
1748 1829 1852 1902 putea

506 1921 570 1974 pars
588 1908 614 1964 2.
649 1909 696 1975 24)
723 1911 898 1983 autperto,
919 1913 960 1982 ta)
985 1929 1045 1970 cum
1063 1921 1122 1970 tota
1139 1915 1156 1970 6
1174 1921 1307 1970 consonat
1325 1927 1389 1983 pars
1408 1913 1439 1984 5,
1466 1913 1532 1982 quia
1547 1917 1607 1967 tota
1624 1913 1640 1967 5
1656 1927 1724 1983 oum
1742 1918 1817 1980 parte
1832 1906 1857 1962 3

506 1985 554 2054 25)
572 1985 672 2044 Latera
689 1985 836 2058 figurarum
854 1992 1133 2062 indemonstrabilium
1157 1993 1315 2048 rescindunt
1340 1997 1432 2061 partes
1450 1991 1630 2046 dissonantes.
1668 1991 1714 2059 26)
1730 1989 1773 2044 ·Si
1790 1989 1853 2044 duae

506 2077 536 2118 aa
555 2062 658 2120 haberit
675 2068 746 2123 iuter
763 2085 793 2124 se
810 2076 840 2128 ut
857 2087 921 2140 para
934 2071 1075 2130 dissonans
1087 2073 1122 2128 ad
1140 2079 1229 2128 totum
1246 2071 1384 2140 uinclum,
1403 2077 1431 2125 et
1442 2070 1491 2126 illa
1503 2071 1695 2126 dissonabunt.
1719 2071 1766 2139 27)
1783 2069 1853 2137 Quae

506 2139 629 2199 dissonat
645 2147 680 2202 ab
699 2163 753 2202 uua
772 2149 923 2220 duplarem,
941 2149 1065 2207 dissonat
1080 2159 1110 2207 et
1127 2151 1161 2206 ab
1178 2149 1291 2220 reliqua
1321 2151 1372 2212 28)
1388 2149 1463 2218 Ergo
1481 2153 1542 2219 (par
1559 2149 1604 2218 23)
1620 2163 1638 2203 a
1654 2153 1716 2205 tota
1733 2151 1750 2204 7
1767 2148 1849 2217 parat

507 2223 636 2282 dissonat
672 2223 719 2294 23)
739 2226 894 2283 Siuatota
912 2229 928 2284 9
945 2241 1009 2298 pars
1031 2233 1053 2285 l.
1090 2230 1138 2297 30)
1155 2229 1303 2284 Etatota
1316 2231 1346 2284 11
1359 2243 1424 2298 pars
1436 2230 1462 2283 1.
1498 2229 1542 2296 31)
1560 2228 1747 2282 Etatota13
1758 2240 1822 2296 para
1833 2228 1851 2279 l.

507 2302 553 2366 32)
582 2303 621 2359 Ε)
638 2303 698 2374 (per
714 2305 757 2376 28,
775 2307 818 2370 20)
836 2322 853 2362 a
869 2311 928 2364 tota
945 2309 963 2364 7
978 2323 1043 2378 pars
1060 2309 1078 2364 4
1096 2307 1158 2363 eti
1176 2307 1332 2376 dissonant,
1359 2306 1425 2378 quia
1443 2309 1466 2363 1.
1501 2306 1545 2370 33)
1571 2305 1617 2362 Sic
1640 2307 1704 2376 (per
1719 2306 1763 2376 32,
1784 2306 1853 2372 iila

505 2383 604 2440 totad
631 2386 730 2453 parsi
754 2387 883 2447 dissonat.
919 2387 967 2458 34)
993 2387 1037 2446 Sic
1062 2388 1311 2459 (perlitatum
1334 2385 1473 2455 inarsit
1497 2383 1630 2440 dissonat.
1666 2384 1711 2452 35)
1732 2383 1778 2440 Sic
1800 2383 1852 2452 lper

507 2461 541 2520 34
564 2467 592 2518 et
609 2463 635 2532 5)
654 2464 788 2522 existumo
809 2471 868 2522 tota
890 2467 932 2538 10,
957 2483 1021 2538 pars
1043 2469 1060 2522 7
1086 2483 1105 2522 a
1121 2474 1200 2537 parte
1221 2466 1243 2522 3,
1263 2465 1394 2521 dissonat
1430 2465 1472 2525 36)
1490 2463 1528 2518 Ε)
1555 2464 1619 2532 (per
1642 2463 1676 2520 33
1706 2469 1735 2518 et
1753 2463 1784 2530 5]
1801 2458 1852 2514 exi-

506 2544 596 2596 stente
619 2549 679 2598 tota
696 2545 743 2614 10,
767 2547 865 2616 persa
888 2538 1007 2618 aparte'
1026 2549 1039 2604 l
1059 2545 1189 2604 dissonat
1225 2547 1267 2608 37)
1286 2543 1414 2602 Similiter
1436 2541 1614 2600 demonstuari
1634 2549 1729 2614 potest
1751 2543 1778 2596 in
1799 2537 1851 2595 iuti·

506 2620 599 2688 uitam,
619 2630 792 2694 quotcunque
811 2640 892 2696 porro
911 2627 1028 2696 partium
1046 2629 1083 2683 sit
1100 2634 1158 2684 tota
1176 2627 1292 2696 chorda,
1318 2631 1367 2681 aut
1383 2629 1489 2696 partem
1505 2638 1523 2678 a
1540 2629 1600 2680 tota
1619 2629 1666 2677 aut
1683 2621 1852 2678 reddunda

401 2703 402 2706 ’
505 2705 577 2770 tota,
605 2709 652 2757 aut
677 2711 782 2772 partem
809 2705 956 2762 aresidua
981 2707 1129 2763 dissonare.
1165 2705 1213 2775 38)
1230 2707 1440 2760 Demonstratur
1457 2709 1550 2760 autem
1567 2717 1601 2758 ex
1620 2701 1672 2758 hae
1689 2700 1850 2765 inductione,

505 2795 565 2834 cum
583 2785 642 2838 tuta
660 2783 812 2840 secuturis
830 2785 898 2841 duaa
915 2790 1015 2856 partes
1032 2791 1064 2844 ut
1075 2779 1137 2842 'sint
1153 2791 1209 2841 tres
1227 2783 1354 2852 chordae,
1372 2782 1478 2838 uiduae
1491 2789 1635 2849 occurram
1653 2781 1851 2844 consonantiae,

505 2859 587 2915 etiam
606 2863 713 2919 tertiam
732 2881 880 2922 occurrere.
914 2867 1124 2922 Demonstretnr
1140 2865 1193 2932 sic,
1217 2864 1348 2918 siatota
1365 2857 1504 2920 auferatur
1520 2878 1585 2932 pars
1602 2861 1795 2932 eorporissima
1811 2865 1852 2911 aut

504 2941 669 3012 plenissima,
689 2952 737 3000 aut
753 2946 922 3016 propinquae
940 2942 1187 3010 demonstrationis,
1205 2957 1275 3013 quae
1293 2941 1330 2996 sit
1347 2947 1375 2995 et
1392 2941 1502 2997 residua
1518 2941 1582 2996 talis
1598 2957 1671 3011 pars,
1689 2943 1775 2996 mam
1791 2937 1851 2992 rasi·

506 3015 587 3073 duam
605 3021 688 3076 talem
705 3021 771 3078 lora.
808 3023 850 3092 33)
870 3024 917 3080 Sin
934 3039 997 3080 varo
1014 3025 1096 3080 unies
1112 3023 1230 3080 oeouuit
1242 3020 1416 3080 intonanda
1436 3019 1518 3075 etiam
1534 3019 1647 3075 alteram
1665 3035 1729 3076 esse
1746 3029 1851 3074 neeesse

506 3103 556 3154 ost.
594 3099 623 3154 si
642 3101 713 3156 enim
726 3119 796 3158 nou:
815 3103 884 3159 duae
903 3119 966 3171 ergo
985 3109 1065 3158 eruut
1083 3101 1288 3169 consonantiam
1307 3100 1331 3154 sl
1348 3100 1428 3170 dnae,
1446 3101 1511 3168 argo
1528 3113 1580 3170 per
1596 3102 1631 3158 38
1646 3107 1677 3155 ot
1693 3106 1752 3156 tres
1769 3101 1850 3159 artinis

505 3191 561 3233 nun
577 3177 660 3248 igitur
676 3195 732 3236 una
749 3181 1024 3252 dissomutia‘esset3
1044 3190 1075 3240 at
1091 3181 1201 3252 ponitur
1218 3196 1274 3236 una
1291 3195 1354 3236 essa
1371 3179 1546 3236 detonantia.
1574 3179 1664 3234 Aliter
1681 3179 1732 3236 38:
1751 3176 1850 3234 duabus

504 3259 575 3314 iuter
593 3271 623 3328 se
641 3261 861 3330 consonantibus,
879 3261 903 3318 si
920 3261 1037 3318 &cidus
1054 3262 1103 3317 fiat
1120 3277 1155 3316 ex
1171 3267 1287 3330 utraque
1305 3257 1554 3316 demonstrabilium
1571 3260 1743 3328 portionum,
1762 3268 1849 3312 conso

505 3338 581 3396 nabit
593 3337 724 3408 partibus.
749 3341 922 3404 Minoreaim
934 3346 977 3398 eat
988 3347 1157 3413 segmentum
1169 3339 1285 3412 primum
1297 3337 1440 3410 compositi
1453 3335 1553 3406 suomi,
1571 3337 1658 3408 major
1670 3337 1702 3393 iit
1714 3335 1849 3407 reliquum.

506 3417 556 3484 (Nil
574 3425 702 3487 seqnitur.)
