4242 6384
864 779 1006 850 Apologia.
1081 804 1086 810 ’
1546 769 1607 830 sti

261 965 331 1024 libro
355 965 407 1024 lV.
431 965 573 1028 Hannon.
598 983 661 1046 cap.
687 967 715 1025 3.
742 973 771 1024 et
793 965 1010 1023 commentariis
1039 963 1069 1019 ln
1091 957 1254 1020 Protanaet
1282 951 1451 1014 harmonica
1478 943 1610 1052 nondum

260 1053 350 1127 editis,
375 1053 453 1130 qnod
477 1041 596 1120 scilicet¹
610 1057 639 1113 in
663 1053 722 1112 iliis
738 1053 971 1124 harmonicarom
995 1045 1214 1134 proportionum
1232 1045 1308 1104 ratio
1321 1040 1402 1100 nulla
1417 1047 1512 1114 posart
1533 1052 1608 1092 rnna.-

342 1141 395 1198 Ad
423 1143 603 1221 hnalysin
626 1137 747 1202 XXIV.
793 1135 894 1198 Motus
918 1131 978 1196 tdis
1001 1137 1162 1195 harmoniis
1183 1132 1259 1193 tales
1276 1130 1382 1201 ademi,
1406 1125 1508 1228 quales
1524 1139 1609 1222 meac

259 1245 307 1304 pro
331 1231 464 1288 terminis
488 1229 611 1302 habent,
630 1231 682 1306 qui
704 1243 809 1304 nempe
831 1229 952 1286 ardna
974 1224 1306 1301 peometcicia‘possnut
1325 1231 1497 1277 mensurant.
1518 1211 1610 1269 nulia

259 1317 289 1371 ia
317 1315 374 1373 irco
400 1334 537 1376 samone
564 1319 731 1392 temeritas,
760 1315 850 1374 nullo
880 1313 1017 1386 inuidia,
1043 1319 1082 1370 ut
1105 1325 1174 1370 rere
1198 1313 1416 1390 argumentum
1441 1301 1475 1359 id
1495 1299 1551 1358 tibi
1571 1304 1611 1355 art

258 1403 393 1461 inscitiae
416 1421 517 1478 meae,
548 1405 661 1481 patior,'
692 1402 814 1479 quiade
838 1399 897 1460 illis
926 1403 985 1460 tuis
1007 1399 1138 1458 motibus
1166 1396 1343 1472 arraiogicis,
1376 1390 1485 1469 quibua
1514 1389 1609 1445 lones

258 1492 426 1561 materiam,
455 1491 508 1552 lux
531 1491 684 1564 tenebras,
718 1493 816 1549 anima
839 1507 944 1564 corpus
966 1488 1109 1562 subjugat
1132 1485 1304 1560 dematque,
1335 1498 1373 1540 ne
1400 1493 1453 1554 per
1473 1491 1609 1535 somnum

258 1576 374 1651 quidem
399 1579 539 1656 cogitari.
586 1577 683 1654 Quare
706 1580 866 1656 partiamur
882 1575 1007 1654 operas,
1036 1573 1170 1632 ridicula
1191 1573 1246 1631 tibi
1268 1589 1335 1630 mea
1357 1569 1396 1625 sit
1418 1566 1607 1634 mecona,

259 1663 357 1722 ridebo
383 1683 437 1740 ego
464 1667 594 1725 vicissim
617 1674 683 1724 tuus
708 1663 775 1722 illos
797 1672 904 1735 mutua,
930 1681 992 1721 non
1013 1661 1093 1738 qued
1115 1662 1258 1731 neosint,
1280 1659 1331 1718 sed
1353 1656 1423 1732 quia
1437 1653 1609 1753 inhumare

256 1768 338 1808 nemo
372 1751 618 1830 pbilosophorum
639 1753 797 1824 hactenus,
829 1751 908 1826 quod
938 1753 1044 1822 sciam,
1077 1748 1151 1807 dixit
1180 1751 1314 1820 medere,
1348 1749 1468 1801 causant
1490 1755 1608 1840 nomrne

257 1839 392 1912 allectus,
426 1845 455 1899 et
477 1843 547 1916 buia
571 1842 679 1900 trustra
701 1849 733 1898 tu
753 1840 866 1916 jactas,
895 1846 922 1897 te
945 1853 1091 1914 quaaere
1112 1837 1323 1912 proportiones
1350 1829 1560 1928 harmonicas·
1574 1843 1608 1910 sn

257 1926 451 1984 tenebrarum
475 1933 502 1986 ei
524 1915 600 1987 iucr's
621 1925 775 2004 aradibus,
799 1933 934 2002 respectu
957 1933 1065 1999 metas,
1090 1937 1151 2000 qno
1171 1924 1276 1999 ferma
1296 1923 1418 1979 mouera
1435 1919 1606 1985 memsam,

258 2015 280 2068 si
301 2011 383 2071 nulia
407 2015 462 2074 tibi
487 2017 615 2091 vestigia
637 2009 848 2090 magnitudinis
871 2009 1003 2072 motuum
1026 2011 1131 2071 horum
1153 2011 1275 2087 praebet
1297 2011 1362 2084 ipsa
1384 2012 1502 2072 natura,
1530 2011 1608 2076 ‘11¹⁰‘

257 2115 315 2156 rum
346 2101 529 2161 adminiculo
556 2111 593 2184 'tu
624 2119 795 2179 comparare
826 2102 921 2178 possis
943 2091 1054 2160 motuni
1086 2115 1152 2158 cum
1183 2106 1280 2168 motu,
1313 2094 1351 2154 ad
1374 2090 1550 2153 eliciendam
1579 2096 1609 2147 et
1672 2151 1680 2158 .

257 2187 470 2247 aestimandam
494 2207 594 2249 eornm
618 2181 836 2268 proportionem
860 2189 1069 2262 harmonicam.
1117 2185 1242 2260 Quaeris
1265 2188 1294 2244 ct
1309 2181 1421 2241 metiris
1444 2179 1499 2273 itef
1520 2179 1606 2235 navis

259 2275 328 2331 inter
352 2275 469 2350 linctus,
494 2277 623 2356 volucris
646 2295 698 2353 per
720 2279 826 2358 adrem.
873 2276 1063 2352 Comparatio
1086 2276 1164 2333 cuim
1189 2273 1283 2330 omnis
1304 2271 1337 2329 lit
1366 2265 1528 2327 secundum
1550 2281 1608 2321 nn·

259 2378 379 2434 merum,
403 2379 541 2424 numerus
566 2381 760 2424 ermenoara
784 2365 905 2440 capitur.
952 2363 1132 2422 Harmoniae
1152 2377 1222 2421 vero
1238 2358 1403 2436 subjectum
1419 2352 1608 2422 mundanum,
1633 2391 1637 2398 -

259 2449 336 2522 puori
359 2455 465 2532 animo
487 2455 649 2527 respicitur
671 2451 741 2522 seio,
765 2469 829 2511 nera
849 2447 940 2524 etium
964 2451 1067 2517 curib,
1091 2448 1149 2509 hoc
1171 2456 1231 2520 est,
1254 2445 1335 2522 qnod
1352 2452 1458 2521 ‘aptum
1482 2457 1539 2498 non
1563 2448 1608 2498 cat

257 2535 290 2591 ad
313 2527 429 2612 species
453 2547 546 2598 certas
563 2539 791 2611 harmoniarum,
815 2542 979 2614 quantitate
996 2537 1171 2609 differentes,
1195 2542 1227 2595 ut
1246 2534 1436 2602 diatessaron,
1460 2528 1606 2604 diapente,

257 2639 304 2680 sen
335 2621 377 2704 il,
411 2625 457 2683 vel
482 2621 524 2708 '75
554 2625 732 2708 induendas,
764 2626 794 2684 ld
817 2625 888 2684 bero
920 2643 977 2684 non
1006 2633 1119 2684 tanturn
1151 2623 1322 2683 submonita
1347 2618 1449 2689 nulla,
1482 2617 1608 2674 nucinas

257 2708 367 2782 nuilus,
397 2711 449 2770 scd
473 2731 510 2773 ne
534 2711 637 2774 certae*
658 2713 777 2790 quidem
800 2721 861 2784 est,
894 2715 953 2772 imo
982 2713 1095 2773 umbro
1123 2714 1254 2771 estsine
1277 2725 1398 2786 corpore
1428 2712 1457 2766 et
1488 2704 1607 2763 umbrae
1670 2772 1680 2784 Ι

256 2801 408 2857 somnium.
756 2797 761 2806 '
1091 2823 1096 2836 ·
1224 2825 1229 2833 ·

339 2884 395 2942 nd
419 2885 604 2966 Analp'ain
622 2885 732 2946 XXV.
777 2887 895 2946 Novum
918 2885 1072 2946 discrimen
1095 2886 1124 2943 in
1145 2901 1266 2944 numero
1281 2881 1502 2942 intervallorum
1517 2879 1609 2937 statui

257 2969 391 3049 dirique,
424 2968 452 3031 ie
483 2973 630 3052 applicare
662 2973 791 3052 paucula
818 2973 992 3047 intervalla,
1022 2991 1163 3033 merere
1193 2975 1292 3032 omnia
1321 2968 1520 3048 applicatione
1541 2973 1607 3024 urc'a

258 3059 438 3137 complexum
463 3079 535 3138 cese.
579 3059 639 3120 Hic
663 3062 867 3122 tumultuin
891 3061 1067 3132 contrarium
1091 3059 1164 3119 dicis
1191 3059 1360 3137 magnifice,
1390 3055 1499 3132 probas
1522 3055 1604 3113 nihii.

260 3140 549 3208 lic'aemidiometio
578 3145 736 3208 mendice
764 3151 808 3208 ais
837 3147 1077 3209 monochordum
1103 3149 1218 3224 sabbae,
1249 3151 1284 3206 in
1298 3142 1507 3204 ‘monochordo
1535 3159 1606 3200 aero

254 3239 396 3304 potestate
425 3233 520 3293 inesse
548 3237 712 3296 intervalia
740 3235 855 3296 omnia.
903 3237 992 3312 htqui
1023 3251 1081 3293 uon
1105 3244 1150 3294 cst
1178 3235 1251 3303 hec,
1282 3234 1426 3304 lieberto,
1457 3230 1605 3307 applicare

257 3321 409 3380 intervalla
433 3325 531 3380 omnia
554 3325 687 3399 partibus
709 3322 827 3396 mundi,
857 3341 915 3382 non
939 3331 984 3382 est
1006 3321 1063 3384 hoc
1086 3322 1300 3394 demonstrare,
1329 3321 1437 3398 quibus
1461 3319 1489 3374 in
1510 3334 1605 3376 mern·
1643 3344 1647 3351 ·

260 3405 311 3465 bris
331 3407 488 3484 'quaelibet
512 3399 728 3468 harmoniarum
752 3411 831 3469 insit.
881 3412 943 3485 hge
966 3425 1095 3486 namque
1116 3410 1177 3482 dic,
1202 3411 1254 3469 ubi
1278 3418 1309 3467 tu
1332 3408 1517 3468 semitonium
1541 3406 1605 3464 col-

259 3491 340 3568 loces,
365 3497 475 3572 quibua
499 3505 620 3556 naturae
644 3500 729 3556 metis
753 3497 783 3555 id
806 3489 851 3556 sit'
868 3495 1051 3572 distinctum,
1081 3497 1129 3557 dic
1151 3497 1258 3574 quibos
1280 3496 1384 3556 mediis
1407 3510 1544 3571 expressa
1567 3495 1605 3552 eit

260 3581 283 3636 in
306 3583 418 3641 mundo
442 3581 606 3644 differentia
629 3595 767 3660 generum
791 3593 909 3656 cantus,
933 3589 1052 3644 uomina
1075 3587 1214 3644 tenninos
1237 3585 1447 3660 contrapuncti,
1476 3581 1604 3669 caprime
1677 3596 1680 3606 ’

259 3671 384 3742 speciem
416 3671 567 3730 clausulae
598 3689 650 3730 een
680 3672 849 3730 barmoniae
883 3671 1009 3747 aiicujus
1043 3672 1217 3736 universalis
1249 3675 1378 3731 earnium
1407 3672 1603 3741 terminorum,

260 3770 328 3828 qnos
353 3765 384 3815 tn
409 3755 549 3816 adsciscis
572 3757 610 3816 ad
633 3757 895 3835 repraesentandus
925 3761 1128 3837 proportiones
1154 3754 1397 3835 hannouicas.⁶⁸)
1445 3757 1603 3832 llaeccgo

261 3857 446 3919 nequaquam
470 3843 653 3922 provocandi
686 3849 784 3904 animo
814 3863 868 3905 uec
897 3849 1000 3923 scripsi
1031 3845 1086 3905 nec
1108 3863 1185 3906 nunc
1215 3848 1327 3922 scribo,
1358 3863 1424 3904 narn
1449 3848 1503 3904 nisi
1531 3846 1604 3903 lracc

262 3933 354 3989 ornuia
379 3939 409 3989 et
431 3929 516 4007 plura
541 3932 601 3992 alia
624 3933 747 3993 inissent
774 3935 803 3990 in
826 3935 890 4011 ipsa
912 3951 1006 3992 rernm
1030 3940 1160 4006 natura,
1183 3937 1211 4003 in
1236 3937 1308 4010 ipsis
1330 3933 1444 3992 scillcet
1468 3934 1604 4011 plancta-

259 4033 315 4074 rum
342 4021 472 4077 motibus
501 4019 653 4096 expressa,
685 4025 832 4097 nrrirquam
862 4037 916 4096 ego
947 4021 999 4079 ilia
1029 4019 1091 4083 nlla
1119 4023 1409 4097 mentis‘agitotione
1442 4023 1602 4100 potuissem

260 4119 363 4164 eruere.
411 4105 470 4166 Sed
494 4123 559 4165 curn
578 4123 637 4166 ‘nos
660 4097 811 4188 creaturae
837 4109 940 4168 metito
963 4107 1153 4177 admiremur,
1183 4108 1339 4168 adoremus
1367 4119 1396 4168 ct
1418 4109 1604 4186 propalemus

261 4187 327 4249 lrac'c
356 4195 484 4269 vestigia
513 4195 675 4271 sapientiae
707 4197 855 4256 creatricis
884 4191 999 4272 agnita,
1034 4212 1089 4255 uec
1118 4198 1273 4271 quisquam
1303 4195 1375 4254 mibi
1398 4200 1471 4257 vitio
1501 4205 1602 4267 vertet,

260 4279 330 4350 qnod
359 4279 464 4356 plenus
493 4281 667 4342 certitudine
699 4286 742 4342 rei
771 4283 896 4342 lectores
917 4284 1032 4355 monui,
1063 4280 1267 4358 plns'aliquid
1296 4283 1459 4343 divinornm
1484 4303 1604 4361 operum

261 4365 285 4418 in
306 4369 378 4425 meis
402 4367 587 4432 Harmonicis
612 4369 723 4444 detegi,
753 4387 841 4445 qnam
867 4372 990 4441 latnie,
1022 4371 1073 4445 qui
1095 4373 1219 4446 privatis
1243 4371 1279 4430 de
1302 4369 1410 4430 mundo
1431 4375 1604 4448 conceptio·

261 4453 348 4526 nibus,
373 4454 455 4514 nullo
478 4470 565 4514 serrsu
590 4457 767 4515 confirmatis
791 4455 959 4532 indulgeam
983 4473 1037 4516 nec
1059 4475 1136 4515 nunc
1152 4475 1207 4532 ego
1232 4458 1388 4518 connivere
1410 4459 1503 4520 debeo
1520 4463 1604 4536 quie·

263 4547 312 4610 tus,
335 4543 406 4616 quin
430 4545 529 4618 potius
553 4543 783 4619 indignationem
807 4561 902 4604 meam
926 4544 1135 4623 demonstrare,
1158 4543 1238 4620 quod
1260 4554 1289 4605 te
1306 4545 1393 4604 rideo
1408 4549 1604 4606 aemulatione

264 4625 397 4692 irritatum
421 4630 604 4706 injuriaeque
626 4630 726 4706 (quarn
750 4633 802 4690 tibl
826 4633 995 4704 inreginari's
1016 4650 1056 4691 ex
1076 4649 1120 4705 eo,
1143 4632 1221 4708 quod
1247 4648 1302 4708 ego
1319 4635 1382 4692 Deo
1406 4652 1491 4692 snum
1507 4635 1604 4705 tribui,

263 4727 371 4775 munere
394 4733 460 4775 meo
482 4719 598 4776 iunctus
621 4713 826 4794 disting‘uendo
849 4721 924 4777 iuter
946 4729 997 4778 tua
1020 4725 1048 4778 et
1070 4716 1164 4798 mea),
1188 4719 1276 4794 hujus
1299 4723 1418 4796 inquam
1443 4723 1603 4781 offensiun-

267 4799 340 4860 culae
363 4802 525 4863 ultionibus
549 4807 730 4881 exagitatum
754 4814 782 4866 te
805 4811 1001 4865 transversum
1024 4809 1097 4884 rapi,
1123 4814 1157 4865 nt
1179 4809 1383 4884 aspernatione
1406 4817 1435 4867 et
1458 4809 1604 4868 detonda-

265 4887 334 4946 tione
356 4893 413 4948 ruci
439 4893 536 4968 operis
560 4909 648 4970 opera
672 4895 736 4970 ips'a
759 4893 814 4952 Dei
839 4893 1069 4952 diuturnioribus
1092 4897 1274 4971 ignorantiae
1298 4896 1437 4969 tenebris,
1462 4905 1603 4972 quantuor
1682 4883 1686 4897 ’

265 4972 289 5026 in
316 4984 343 5060 te
375 4979 479 5052 sitnm,
511 4979 659 5042 involvas.
705 4979 769 5039 Nou
799 4997 853 5055 ego
882 4981 938 5040 ¹tibi
963 4973 1087 5055 irascar,
1120 4982 1199 5058 qnod
1229 4983 1375 5042 assimilas
1404 4975 1478 5060 opus
1508 4996 1602 5042 meum

265 5057 454 5125 harmonicum
491 5066 645 5126 chimaeris
683 5069 765 5128 vanis
804 5069 832 5123 in
870 5071 937 5126 aiire
971 5071 1156 5146 imaginatis,
1195 5071 1288 5128 multa
1320 5070 1392 5130 talia
1430 5079 1462 5130 nt
1501 5089 1603 5130 occur·
1635 5104 1640 5113 ·

265 5159 321 5206 rant
349 5153 378 5208 in
404 5170 438 5211 eo
463 5150 636 5237 deripuere
659 5163 748 5232 puto;
780 5161 810 5212 at
825 5151 925 5229 ouon
942 5163 1038 5215 motos
1060 5155 1239 5233 planetarios
1268 5175 1321 5235 per
1343 5165 1521 5226 contemtum
1544 5177 1600 5235 ap-

266 5233 349 5306 pellas
372 5235 534 5301 accidentia
556 5237 638 5302 mera
660 5251 856 5303 creaturarum
878 5243 1072 5320 naturalium,
1101 5258 1195 5321 eaque
1224 5243 1260 5305 de
1284 5263 1374 5306 causa
1400 5248 1604 5326 proportiones
