4242 6384
526 776 591 837 sto
939 770 982 825 De
1000 770 1266 839 configurationibus
1284 768 1462 827 Harmonicis.

526 948 674 1025 diapente,
695 947 873 1025 sesquadrus
894 956 996 1009 sextae
1018 948 1109 1022 molli,
1133 946 1297 1024 biquiotilis
1309 954 1411 1007 sextae
1428 946 1528 1021 durae,
1552 950 1704 1025 oppositus
1719 948 1849 1025 diapason

526 1039 598 1112 quia
618 1039 650 1095 si·
666 1037 783 1096 auferas
805 1055 824 1095 a
845 1035 954 1095 chorda
978 1046 1039 1095 tnta
1063 1044 1175 1095 tantam
1198 1037 1380 1111 portionem,
1410 1044 1552 1109 quantam
1574 1038 1737 1111 portionem
1759 1037 1790 1095 de
1808 1041 1851 1097 cir·

526 1124 593 1183 culo
616 1123 710 1183 aulert
732 1123 856 1199 quilibet
877 1132 1031 1200 aspectus,
1063 1123 1211 1183 residuum
1236 1120 1362 1181 chordae
1392 1122 1461 1180 lacit
1484 1139 1550 1181 eum
1573 1132 1637 1180 tota
1669 1123 1748 1181 illam
1769 1142 1852 1182 couro-

525 1213 670 1284 usntiam,
701 1228 778 1287 quae
800 1210 848 1269 hic
870 1211 990 1271 cuilibet
1013 1214 1146 1287 aspectui
1170 1220 1215 1269 est
1237 1208 1394 1285 adscripta.
1442 1208 1515 1267 Cum
1544 1212 1635 1284 igitur
1665 1228 1795 1269 numerus
1815 1216 1853 1269 istc

524 1300 706 1374 septenarius
730 1296 1019 1371 concordantlarum,
1051 1316 1105 1358 seu
1127 1300 1226 1375 potius
1250 1298 1414 1355 sectionum
1438 1295 1690 1371 harmonicarum,
1721 1317 1788 1374 ques
1808 1302 1855 1355 sio·

524 1387 610 1461 gulas
632 1385 765 1461 singulae
788 1386 1014 1445 concordantiae
1037 1387 1111 1444 inira
1135 1386 1278 1461 diapason
1303 1385 1506 1458 insequuntur,
1530 1394 1625 1443 certus
1643 1388 1683 1443 sit
1706 1394 1734 1445 ct
1755 1387 1856 1445 demon-

525 1474 675 1547 strativus,
698 1489 757 1531 non
780 1476 876 1531 minus
900 1491 989 1552 quam
1012 1480 1058 1532 est
1073 1476 1101 1530 in
1119 1474 1279 1547 geometria
1296 1486 1435 1529 numerus
1452 1473 1606 1545 quinarius
1622 1490 1772 1548 corporum
1788 1493 1858 1541 resu-

524 1560 639 1632 lsrium,
662 1568 695 1619 ut
716 1560 790 1619 libro
813 1554 868 1617 ΙΙΙ.
892 1578 956 1637 cap.
981 1563 1011 1618 2.
1034 1563 1145 1636 patuit:
1174 1566 1252 1618 csset
1274 1560 1364 1633 igitur
1386 1560 1461 1617 ratio
1486 1558 1706 1617 demonstrandi
1730 1579 1859 1619 uunremu

524 1655 696 1724 aspectuum
725 1646 820 1706 facilis
851 1656 882 1705 et
910 1647 1048 1723 expedita
1076 1666 1128 1723 per
1150 1654 1316 1723 susceptum
1346 1645 1408 1715 hoc,
1430 1648 1564 1720 axioma,
1597 1664 1651 1705 uec
1682 1648 1782 1707 luisset
1802 1667 1859 1724 opus

524 1752 649 1811 operoso
671 1738 729 1793 isto
752 1751 896 1793 novorum
918 1737 1098 1793 automatum
1121 1735 1186 1793 libri
1210 1734 1263 1791 lv.
1286 1740 1441 1809 apparatu.

610 1822 649 1881 Et
670 1838 742 1881 sane
764 1824 790 1879 si
812 1823 1033 1881 observationes
1055 1821 1301 1897 meteorologieae
1325 1820 1394 1877 huic
1415 1820 1581 1894 septenario
1609 1829 1782 1895 aspectuum
1802 1824 1860 1880 iuis-

524 1916 591 1967 seut
612 1909 790 1986 astipulatae
812 1927 847 1967 ex
871 1927 953 1981 asse,
975 1912 1191 1984 acquievissem
1214 1925 1269 1983 ego
1293 1909 1323 1963 in
1345 1924 1435 1981 supra
1457 1909 1553 1981 posito
1577 1909 1740 1981 axiomata,
1768 1928 1816 1967 nec
1834 1910 1860 1967 de

525 1997 576 2066 iis,
608 2014 685 2073 quse
715 1998 920 2055 curationum
947 1996 1180 2055 harmonicarnnr
1211 2004 1276 2055 ortu
1308 2010 1404 2069 exque
1434 1994 1654 2070 nictrsplrysicne
1678 2014 1784 2056 causae
1806 2016 1862 2054 con-

525 2082 703 2142 sideratione
725 2091 862 2159 poterant
885 2084 988 2159 objici,
1020 2084 1106 2143 valde
1130 2084 1250 2141 fuissem
1272 2080 1426 2139 sollicitus.
1471 2080 1531 2140 Sed
1554 2084 1625 2157 quia
1648 2086 1749 2143 crebro
1776 2084 1863 2160 depre-

524 2170 649 2228 hensum
666 2177 726 2243 est,
750 2179 883 2229 naturam
907 2170 1094 2230 sublunarem
1118 2170 1262 2229 stimulari
1285 2169 1583 2241 etiamasemisexto,
1606 2173 1659 2245 ¹qui
1676 2171 1863 2229 duodecimam

524 2265 638 2333 partem
670 2257 768 2317 circuli
797 2260 956 2333 intercipit,
990 2276 1057 2317 eum
1080 2266 1187 2331 tameo,
1212 2256 1313 2315 ablata
1335 2258 1468 2331 portione
1493 2254 1666 2316 duodecima
1701 2258 1737 2317 de
1762 2259 1862 2329 chorda,

524 2343 672 2403 residuum
697 2347 830 2421 partium
861 2344 995 2405 undecim
1023 2364 1082 2405 nou
1116 2352 1257 2405 consonet
1285 2360 1352 2401 eum
1384 2350 1463 2415 tota,
1495 2352 1525 2401 et
1547 2346 1618 2419 quia
1641 2344 1751 2405 infidae
1773 2347 1863 2421 deprc-

523 2430 634 2490 heusae
656 2442 723 2491 sunt
747 2432 998 2491 exstimulaticnes
1021 2442 1228 2510 tempestatum
1257 2448 1307 2507 per
1330 2428 1537 2505 sesquadrurn,
1570 2434 1622 2507 qui
1646 2432 1797 2509 dispungit
1818 2444 1863 2491 tros

524 2525 646 2578 nemias
670 2518 784 2591 circuli,
809 2536 874 2577 cum
898 2528 1003 2589 tamen
1028 2520 1137 2579 ablatis
1160 2522 1253 2579 tribus
1277 2518 1390 2576 octavis
1414 2516 1450 2575 de
1473 2517 1590 2591 chorda,
1614 2520 1764 2579 residuum
1789 2524 1805 2579 5
1825 2538 1865 2579 oc-

523 2615 658 2665 tavsrum
682 2609 801 2666 omnino
824 2618 964 2667 consonet
986 2624 1053 2665 cum
1076 2616 1140 2666 tots
1164 2610 1198 2679 8,
1223 2607 1292 2664 irinc
1315 2610 1379 2663 orta
1402 2604 1473 2661 mihi
1495 2605 1550 2662 init
1572 2609 1752 2677 necessitas,
1777 2626 1864 2667 causas

525 2691 675 2752 dissensus
698 2703 728 2753 et
751 2694 929 2753 diversitatis
959 2694 1047 2770 hujus
1076 2695 1133 2754 hoe
1156 2694 1209 2752 1v.
1233 2692 1307 2750 libro
1330 2691 1456 2749 rimandi
1487 2692 1669 2775 profundius.
1718 2694 1803 2769 Quod
1824 2696 1865 2753 etsi

523 2788 601 2841 reete
628 2790 779 2857 peractum
810 2789 840 2840 et
869 2798 976 2841 causas
1007 2782 1185 2841 clarissimas
1215 2788 1312 2839 erutas
1336 2782 1485 2849 existimo,
1518 2798 1661 2839 sommam
1685 2792 1785 2841 tamen
1816 2782 1866 2839 dis-

523 2869 685 2943 putationis
709 2872 801 2927 totius
822 2870 927 2928 iterato
950 2870 1099 2931 inculcare
1122 2886 1181 2927 nou
1204 2868 1350 2937 nocuerit,
1374 2883 1439 2925 cum
1463 2866 1492 2923 id
1515 2871 1643 2942 requirat
1667 2871 1802 2928 instituta
1824 2870 1867 2925 hoc

524 2954 592 3013 loco
616 2954 774 3032 explicatio
797 2972 914 3029 eorum,
936 2974 1016 3031 quae
1036 2960 1067 3014 in
1089 2954 1281 3033 praeambulo
1306 2952 1507 3029 Epiremeridis
1530 2958 1675 3013 concisius
1699 2966 1770 3015 sunt
1794 2957 1866 3014 dicta.

612 3043 711 3101 Causa
733 3044 832 3119 igitur,
856 3060 906 3103 cur
920 3060 988 3117 non,
1013 3052 1086 3119 quot
1109 3050 1178 3103 sunt
1199 3046 1228 3100 in
1244 3043 1357 3099 musica
1372 3042 1517 3100 sectiones
1538 3042 1737 3112 harmonicae,
1762 3042 1867 3102 totidem

526 3128 616 3186 stiam
639 3132 697 3189 siut
719 3138 871 3206 aspectus,
905 3134 947 3189 uti
970 3148 1065 3207 usque
1088 3132 1126 3190 sd
1149 3146 1258 3190 annum
1286 3128 1378 3185 1608.
1402 3128 1597 3201 credideram,
1620 3138 1666 3187 est
1688 3131 1778 3209 llaec,
1808 3133 1868 3205 quio

524 3218 643 3274 musica
665 3219 830 3291 &plenarii
852 3220 1081 3294 estprincipio
1102 3218 1256 3279 nonnulla
1280 3233 1316 3273 cc
1337 3216 1405 3289 ipsu
1427 3216 1605 3275 rectitudine
1628 3216 1758 3277 mordas
1781 3218 1868 3285 trrrlil,

525 3318 595 3360 mon
616 3303 763 3375 airastus,
793 3306 827 3361 irs
849 3322 910 3379 quc
931 3314 1076 3365 notamus
1097 3314 1247 3382 aspectus,
1275 3306 1308 3361 in
1337 3318 1367 3359 se
1388 3305 1489 3377 ipsum
1512 3303 1627 3377 radent,
1658 3322 1714 3363 nee
1735 3309 1824 3379 possit
1842 3310 1869 3360 nt

525 3406 563 3447 etr
590 3390 718 3449 merdae
745 3393 788 3448 rie
819 3393 912 3449 edam
941 3411 977 3451 ar·
1007 3393 1125 3453 zodiaci
1153 3392 1274 3451 sendus
1303 3390 1369 3465 tisri
1398 3390 1529 3447 cirerslus
1557 3392 1645 3449 elius.
1693 3392 1793 3451 Verba
1813 3400 1869 3449 sorrt

525 3474 670 3534 dicturum
692 3476 920 3553 prolegomeuon
948 3478 999 3537 iol.
1024 3482 1083 3559 35,
1113 3496 1190 3555 quae
1218 3480 1262 3537 sie
1284 3474 1459 3551 explicanda
1486 3485 1562 3535 sunt.
1607 3478 1689 3537 Nem·
1706 3488 1740 3538 ut
1763 3497 1824 3553 cap
1845 3480 1868 3535 l.

525 3563 614 3637 liujus
637 3563 763 3637 dietum,
795 3564 881 3623 aliter
899 3568 1035 3625 oriuntur
1057 3572 1204 3628 sectiones
1227 3565 1429 3637 harmonicae,
1460 3564 1545 3623 aliter
1573 3576 1725 3643 aspectus,
1756 3568 1821 3625 lieet
1841 3582 1868 3621 cs

526 3650 631 3709 eodem
654 3651 764 3710 circulo
788 3654 918 3710 oriantur
939 3656 1064 3729 utrique.
1110 3654 1186 3713 Nam
1208 3653 1283 3711 libro
1298 3650 1353 3709 111.
1376 3654 1419 3709 sic
1442 3660 1610 3727 comparata
1632 3662 1701 3711 sunt
1724 3658 1868 3721 axiomata,

526 3747 560 3795 ut
581 3738 732 3813 quaelibet
754 3738 863 3801 chorda
886 3740 1071 3817 chordasque
1094 3760 1170 3818 pars,
1195 3758 1249 3799 seu
1262 3740 1353 3813 longa
1366 3757 1418 3797 seu
1433 3734 1541 3811 brevis,
1564 3742 1657 3816 possit
1673 3744 1777 3811 iterium
1801 3756 1870 3799 com·

525 3828 621 3901 parari
646 3828 700 3885 toti
723 3827 840 3899 circulo,
864 3845 923 3887 non
945 3832 1041 3887 minus
1066 3848 1154 3905 quam
1179 3838 1241 3886 tota
1264 3844 1314 3886 seu
1339 3827 1511 3906 longissima
1529 3826 1638 3887 chorda
1661 3829 1756 3887 eidem
1774 3826 1869 3887 circrrlo

525 3914 767 3989 comparabatur3
790 3923 822 3973 at
843 3915 900 3975 hoc
921 3915 997 3974 libro
1020 3917 1074 3974 IV.
1098 3935 1156 3976 non
1181 3914 1278 3993 potuit
1300 3908 1391 3973 arcus'
1408 3914 1525 3985 circuli,
1558 3930 1609 3973 scu
1632 3916 1728 3991 major
1751 3916 1870 3975 semicir-

526 3998 593 4058 culo
615 4018 670 4059 seu
692 4004 803 4080 minor,
834 4007 996 4079 comparari
1024 4010 1089 4063 toti.
1134 4006 1241 4063 Dicam
1271 4000 1394 4061 elarius:
1416 4008 1605 4081 quotcunque
1633 4004 1735 4064 modis·
1758 4000 1870 4063 circulus

527 4085 668 4145 dividitur
691 4088 935 4163 demonstrative,
966 4108 1067 4151 omnes
1090 4092 1134 4151 iili
1158 4091 1236 4150 modi
1259 4094 1385 4166 possunt
1407 4090 1553 4147 translcrri
1583 4092 1610 4148 in
1633 4090 1742 4149 lineum
1765 4098 1869 4153 rectam,

528 4172 584 4233 hoe
615 4186 660 4234 est
687 4176 825 4235 chordam
857 4179 984 4254 ejusque
1013 4188 1127 4254 partem
1160 4193 1376 4254 quamcunque.
1423 4176 1463 4233 At
1490 4192 1549 4233 non
1578 4178 1621 4235 sie
1644 4176 1751 4237 divisio
1782 4172 1870 4236 circuli

526 4264 617 4324 totius
641 4261 887 4337 demonstrativa,
920 4266 1003 4323 serbi
1026 4284 1117 4329 causa
1140 4269 1169 4324 in
1193 4268 1250 4323 tria
1279 4272 1331 4321 aut
1353 4267 1382 4327 iu
1405 4265 1551 4337 quinque,
1583 4270 1681 4339 potest
1703 4265 1771 4325 ideo
1794 4264 1869 4325 etiem

528 4350 558 4404 in
580 4364 680 4406 arcum
707 4349 773 4424 ejns
797 4368 1001 4426 quemcunque
1029 4357 1194 4425 transferri,
1223 4351 1303 4425 quod
1330 4352 1402 4409 satis
1431 4358 1476 4407 est
1498 4350 1728 4410 demonstratum
1759 4355 1787 4409 in
1810 4365 1870 4425 pro·

527 4436 725 4511 positionibus
749 4436 860 4495 ultimis
881 4438 949 4495 libri
971 4442 1066 4515 primi.
1112 4442 1211 4501 Causa
1233 4446 1278 4499 est
1300 4439 1330 4495 in
1353 4436 1458 4512 figura:
1483 4438 1562 4497 ieeta
1578 4441 1655 4497 enim
1678 4448 1778 4499 manet
1792 4446 1868 4503 recte

526 4525 590 4583 sive
605 4552 608 4557 ·
622 4528 770 4585 truncetur
796 4527 860 4582 sive
888 4526 1097 4603 prolongatum
1130 4538 1162 4589 at
1193 4524 1317 4587 circulus
1346 4532 1496 4583 truncatus
1528 4540 1585 4582 rron
1617 4536 1717 4585 manet
1747 4523 1868 4585 circulus.

525 4608 622 4668 Datur
643 4611 733 4686 igitur
753 4612 845 4669 sectio
867 4616 1095 4693 proportionalis
1125 4617 1260 4675 binarum
1289 4628 1528 4687 quarumcunque
1558 4620 1715 4681 rectarum,
1746 4614 1826 4671 datur
1845 4612 1870 4665 et

527 4697 662 4767 binorum
684 4714 926 4775 quorumcunque
949 4698 1132 4777 sicomorum,
1155 4702 1207 4761 sed
1231 4716 1288 4759 oon
1305 4699 1391 4757 datur
1413 4700 1546 4757 binorum
1569 4696 1807 4777 quorumcunque
1827 4712 1868 4753 ar·

528 4800 614 4841 cuum
642 4786 729 4843 nnius
759 4784 867 4847 circuli.
912 4786 997 4845 Haec
1023 4791 1068 4849 sic
1098 4792 1136 4849 ad
1166 4789 1348 4867 propositum
1377 4786 1649 4846 accommodantur:
1681 4790 1705 4846 si
1726 4784 1868 4870 'dividatur

527 4869 639 4929 olrorda
659 4873 691 4929 in
712 4881 811 4948 partes
835 4881 910 4947 ceto,
934 4874 1081 4937 divisione
1104 4896 1144 4938 se.
1160 4877 1260 4937 circuli
1278 4872 1517 4945 demonstrativa,
1542 4892 1600 4932 una
1616 4880 1722 4933 octava
1739 4876 1867 4933 consonat

515 4973 595 5042 eum
617 4966 695 5031 tota,
725 4968 889 5020 consonant
911 4971 940 5020 et
962 4970 1022 5023 tres
1043 4973 1177 5037 octavae,
1200 4970 1368 5041 propterea,
1398 4964 1468 5035 quia
1490 4978 1549 5019 una
1572 4970 1680 5021 octava
1706 4960 1803 5020 circuli
1824 4956 1868 5013 de·

481 5096 490 5107 .
528 5048 720 5106 monstrativa
743 5048 868 5108 rescindi
890 5057 1004 5125 potest,
1027 5060 1060 5111 ut
1084 5062 1114 5112 et
1135 5064 1195 5113 tres
1215 5058 1351 5111 octavae.
1398 5048 1506 5107 Eadem
1531 5050 1760 5107 demonstrativa
1782 5046 1866 5104 deter-

528 5133 650 5189 minatio
673 5143 717 5193 est
740 5140 829 5195 etiam
851 5140 926 5197 inter
948 5150 1064 5213 causas,
1098 5156 1149 5199 cur
1171 5140 1268 5198 octilis
1292 5144 1321 5195 et
1344 5137 1477 5195 trioctilis
1500 5139 1559 5194 sint
1574 5136 1716 5195 elficaees.
1761 5131 1866 5193 Athos

529 5226 576 5287 trit
596 5216 767 5298 discrimen,
797 5224 877 5301 quod
899 5226 960 5289 illic
981 5227 1112 5294 noudum
1135 5234 1181 5289 est
1204 5227 1363 5287 constituta
1384 5225 1476 5283 sectio
1500 5223 1682 5297 harmonica,
1713 5224 1768 5281 uisi
1790 5220 1865 5279 atisu
