<?xml version="1.0" encoding="UTF-8"?>
<!DOCTYPE html PUBLIC "-//W3C//DTD XHTML 1.0 Transitional//EN"
    "http://www.w3.org/TR/xhtml1/DTD/xhtml1-transitional.dtd">
<html xmlns="http://www.w3.org/1999/xhtml" xml:lang="en" lang="en">
 <head>
  <title>
</title>
<meta http-equiv="Content-Type" content="text/html;charset=utf-8" />
  <meta name='ocr-system' content='tesseract 3.04.00' />
  <meta name='ocr-capabilities' content='ocr_page ocr_carea ocr_par ocr_line ocrx_word'/>
</head>
<body>
  <div class='ocr_page' id='page_1' title='image "./joanniskepleria20frisgoog_0356.png"; bbox 0 0 4242 6384; ppageno 0'>
   <div class='ocr_carea' id='block_1_1' title="bbox 564 807 1398 878">
    <p class='ocr_par' dir='ltr' id='par_1_1' title="bbox 564 807 1398 878">
     <span class='ocr_line' id='line_1_1' title="bbox 564 807 1398 878; baseline 0 -14"><span class='ocrx_word' id='word_1_1' title='bbox 564 817 627 878; x_wconf 71' lang='lat'><strong>342</strong></span> <span class='ocrx_word' id='word_1_2' title='bbox 715 849 718 854; x_wconf 85' lang='lat'>-</span> <span class='ocrx_word' id='word_1_3' title='bbox 1077 807 1139 864; x_wconf 86' lang='lat' dir='ltr'><strong>Ptol</strong></span> <span class='ocrx_word' id='word_1_4' title='bbox 1241 807 1398 864; x_wconf 81' lang='lat' dir='ltr'><strong>Harmonia.</strong></span> 
     </span>
    </p>
   </div>
   <div class='ocr_carea' id='block_1_2' title="bbox 561 987 1889 1416">
    <p class='ocr_par' dir='ltr' id='par_1_2' title="bbox 561 987 1889 1416">
     <span class='ocr_line' id='line_1_2' title="bbox 561 987 1884 1070; baseline -0.002 -19"><span class='ocrx_word' id='word_1_5' title='bbox 561 989 710 1066; x_wconf 76' lang='lat' dir='ltr'><strong>incidora3</strong></span> <span class='ocrx_word' id='word_1_6' title='bbox 733 997 763 1050; x_wconf 90' lang='lat' dir='ltr'><strong>ei</strong></span> <span class='ocrx_word' id='word_1_7' title='bbox 784 1007 898 1052; x_wconf 86' lang='lat' dir='ltr'><strong>rursum</strong></span> <span class='ocrx_word' id='word_1_8' title='bbox 920 1007 987 1050; x_wconf 87' lang='lat' dir='ltr'><strong>cunr</strong></span> <span class='ocrx_word' id='word_1_9' title='bbox 1009 1006 1064 1069; x_wconf 83' lang='lat' dir='ltr'><strong>ca,</strong></span> <span class='ocrx_word' id='word_1_10' title='bbox 1086 1003 1162 1066; x_wconf 87' lang='lat' dir='ltr'><strong>quae</strong></span> <span class='ocrx_word' id='word_1_11' title='bbox 1186 989 1252 1048; x_wconf 88' lang='lat' dir='ltr'><strong>risu</strong></span> <span class='ocrx_word' id='word_1_12' title='bbox 1275 989 1393 1066; x_wconf 81' lang='lat' dir='ltr'><strong>cognita</strong></span> <span class='ocrx_word' id='word_1_13' title='bbox 1416 995 1497 1064; x_wconf 91' lang='lat' dir='ltr'><strong>sunt,</strong></span> <span class='ocrx_word' id='word_1_14' title='bbox 1526 989 1650 1070; x_wconf 76' lang='lat' dir='ltr'><strong>poilicis</strong></span> <span class='ocrx_word' id='word_1_15' title='bbox 1672 987 1884 1068; x_wconf 75' lang='lat' dir='ltr'><strong>descriptionibus</strong></span> 
     </span>
     <span class='ocr_line' id='line_1_3' title="bbox 561 1075 1886 1156; baseline -0.001 -19"><span class='ocrx_word' id='word_1_16' title='bbox 561 1083 817 1156; x_wconf 82' lang='lat' dir='ltr'><strong>repraesentantur</strong></span> <span class='ocrx_word' id='word_1_17' title='bbox 838 1076 877 1140; x_wconf 88' lang='lat' dir='ltr'><strong>ad</strong></span> <span class='ocrx_word' id='word_1_18' title='bbox 898 1081 1010 1152; x_wconf 83' lang='lat' dir='ltr'><strong>riuum,</strong></span> <span class='ocrx_word' id='word_1_19' title='bbox 1033 1083 1068 1136; x_wconf 84' lang='lat' dir='ltr'><strong>ut</strong></span> <span class='ocrx_word' id='word_1_20' title='bbox 1088 1085 1156 1136; x_wconf 88' lang='lat' dir='ltr'><strong>sunt</strong></span> <span class='ocrx_word' id='word_1_21' title='bbox 1177 1075 1317 1136; x_wconf 88' lang='lat' dir='ltr'><strong>fluctuum</strong></span> <span class='ocrx_word' id='word_1_22' title='bbox 1341 1085 1478 1154; x_wconf 90' lang='lat' dir='ltr'><strong>aspectus</strong></span> <span class='ocrx_word' id='word_1_23' title='bbox 1507 1087 1536 1136; x_wconf 91' lang='lat' dir='ltr'><strong>et</strong></span> <span class='ocrx_word' id='word_1_24' title='bbox 1558 1077 1690 1136; x_wconf 88' lang='lat' dir='ltr'><strong>locorum</strong></span> <span class='ocrx_word' id='word_1_25' title='bbox 1713 1077 1798 1137; x_wconf 79' lang='lat' dir='ltr'><strong>indes</strong></span> <span class='ocrx_word' id='word_1_26' title='bbox 1818 1081 1886 1136; x_wconf 81' lang='lat' dir='ltr'><strong>sitro-</strong></span> 
     </span>
     <span class='ocr_line' id='line_1_4' title="bbox 567 1161 1886 1243; baseline -0.004 -16"><span class='ocrx_word' id='word_1_27' title='bbox 567 1183 624 1243; x_wconf 87' lang='lat' dir='ltr'><strong>qne</strong></span> <span class='ocrx_word' id='word_1_28' title='bbox 649 1173 678 1225; x_wconf 92' lang='lat' dir='ltr'><strong>et</strong></span> <span class='ocrx_word' id='word_1_29' title='bbox 698 1183 816 1242; x_wconf 78' lang='lat' dir='ltr'><strong>pugnae</strong></span> <span class='ocrx_word' id='word_1_30' title='bbox 837 1173 869 1226; x_wconf 89' lang='lat' dir='ltr'><strong>et</strong></span> <span class='ocrx_word' id='word_1_31' title='bbox 891 1166 1049 1224; x_wconf 76' lang='lat' dir='ltr'><strong>affectuum</strong></span> <span class='ocrx_word' id='word_1_32' title='bbox 1072 1161 1162 1223; x_wconf 90' lang='lat' dir='ltr'><strong>animi</strong></span> <span class='ocrx_word' id='word_1_33' title='bbox 1186 1165 1409 1224; x_wconf 75' lang='lat' dir='ltr'><strong>constitutiones</strong></span> <span class='ocrx_word' id='word_1_34' title='bbox 1432 1165 1619 1239; x_wconf 54' lang='lat' dir='ltr'><strong>subitaneam</strong></span> <span class='ocrx_word' id='word_1_35' title='bbox 1643 1161 1718 1224; x_wconf 91' lang='lat' dir='ltr'><strong>adeo</strong></span> <span class='ocrx_word' id='word_1_36' title='bbox 1734 1165 1848 1241; x_wconf 75' lang='lat' dir='ltr'><strong>quidem,</strong></span> <span class='ocrx_word' id='word_1_37' title='bbox 1867 1178 1886 1222; x_wconf 87' lang='lat' dir='ltr'><strong>ut</strong></span> 
     </span>
     <span class='ocr_line' id='line_1_5' title="bbox 561 1249 1889 1331; baseline -0.005 -17"><span class='ocrx_word' id='word_1_38' title='bbox 561 1251 728 1331; x_wconf 75' lang='lat' dir='ltr'><strong>auditorum</strong></span> <span class='ocrx_word' id='word_1_39' title='bbox 758 1254 848 1312; x_wconf 86' lang='lat' dir='ltr'><strong>animi</strong></span> <span class='ocrx_word' id='word_1_40' title='bbox 877 1253 1031 1329; x_wconf 81' lang='lat' dir='ltr'><strong>speciebus</strong></span> <span class='ocrx_word' id='word_1_41' title='bbox 1058 1259 1239 1310; x_wconf 86' lang='lat' dir='ltr'><strong>narratarum</strong></span> <span class='ocrx_word' id='word_1_42' title='bbox 1278 1259 1306 1310; x_wconf 89' lang='lat' dir='ltr'><strong>et</strong></span> <span class='ocrx_word' id='word_1_43' title='bbox 1338 1249 1549 1330; x_wconf 86' lang='lat' dir='ltr'><strong>descriptarum</strong></span> <span class='ocrx_word' id='word_1_44' title='bbox 1578 1269 1673 1314; x_wconf 87' lang='lat' dir='ltr'><strong>rerum</strong></span> <span class='ocrx_word' id='word_1_45' title='bbox 1702 1252 1889 1312; x_wconf 77' lang='lat' dir='ltr'><strong>conformentur</strong></span> 
     </span>
     <span class='ocr_line' id='line_1_6' title="bbox 561 1333 1361 1416; baseline 0.001 -16"><span class='ocrx_word' id='word_1_46' title='bbox 561 1357 619 1414; x_wconf 82' lang='lat' dir='ltr'><strong>pon</strong></span> <span class='ocrx_word' id='word_1_47' title='bbox 643 1357 743 1413; x_wconf 89' lang='lat' dir='ltr'><strong>secus,</strong></span> <span class='ocrx_word' id='word_1_48' title='bbox 767 1357 803 1400; x_wconf 87' lang='lat' dir='ltr'><strong>ac</strong></span> <span class='ocrx_word' id='word_1_49' title='bbox 824 1343 850 1400; x_wconf 90' lang='lat' dir='ltr'><strong>si</strong></span> <span class='ocrx_word' id='word_1_50' title='bbox 872 1340 938 1401; x_wconf 89' lang='lat' dir='ltr'><strong>ilias</strong></span> <span class='ocrx_word' id='word_1_51' title='bbox 961 1357 1059 1401; x_wconf 89' lang='lat' dir='ltr'><strong>coram</strong></span> <span class='ocrx_word' id='word_1_52' title='bbox 1083 1333 1361 1416; x_wconf 72' lang='lat' dir='ltr'><strong>intueremur¹¹¹lb</strong></span> 
     </span>
    </p>
   </div>
   <div class='ocr_carea' id='block_1_3' title="bbox 531 1458 1896 2759">
    <p class='ocr_par' dir='ltr' id='par_1_3' title="bbox 531 1458 1896 2759">
     <span class='ocr_line' id='line_1_7' title="bbox 650 1458 1885 1540; baseline -0.002 -20"><span class='ocrx_word' id='word_1_53' title='bbox 650 1458 824 1537; x_wconf 71' lang='lat' dir='ltr'><strong>diciteque</strong></span> <span class='ocrx_word' id='word_1_54' title='bbox 845 1462 895 1540; x_wconf 85' lang='lat' dir='ltr'><strong>iit,</strong></span> <span class='ocrx_word' id='word_1_55' title='bbox 928 1469 961 1520; x_wconf 88' lang='lat' dir='ltr'><strong>ut</strong></span> <span class='ocrx_word' id='word_1_56' title='bbox 982 1461 1042 1520; x_wconf 79' lang='lat' dir='ltr'><strong>duo</strong></span> <span class='ocrx_word' id='word_1_57' title='bbox 1064 1463 1112 1520; x_wconf 91' lang='lat' dir='ltr'><strong>isti</strong></span> <span class='ocrx_word' id='word_1_58' title='bbox 1136 1477 1240 1520; x_wconf 85' lang='lat' dir='ltr'><strong>sensus</strong></span> <span class='ocrx_word' id='word_1_59' title='bbox 1267 1475 1326 1518; x_wconf 86' lang='lat' dir='ltr'><strong>non</strong></span> <span class='ocrx_word' id='word_1_60' title='bbox 1348 1475 1385 1518; x_wconf 89' lang='lat' dir='ltr'><strong>ac</strong></span> <span class='ocrx_word' id='word_1_61' title='bbox 1405 1459 1518 1532; x_wconf 85' lang='lat' dir='ltr'><strong>solum,</strong></span> <span class='ocrx_word' id='word_1_62' title='bbox 1547 1459 1627 1536; x_wconf 93' lang='lat' dir='ltr'><strong>quod</strong></span> <span class='ocrx_word' id='word_1_63' title='bbox 1652 1464 1770 1538; x_wconf 90' lang='lat' dir='ltr'><strong>propria</strong></span> <span class='ocrx_word' id='word_1_64' title='bbox 1790 1463 1885 1537; x_wconf 77' lang='lat' dir='ltr'><strong>quilib:¹</strong></span> 
     </span>
     <span class='ocr_line' id='line_1_8' title="bbox 562 1547 1889 1626; baseline -0.001 -18"><span class='ocrx_word' id='word_1_65' title='bbox 562 1549 682 1624; x_wconf 81' lang='lat' dir='ltr'><strong>objecta</strong></span> <span class='ocrx_word' id='word_1_66' title='bbox 702 1549 843 1626; x_wconf 85' lang='lat' dir='ltr'><strong>percipit,</strong></span> <span class='ocrx_word' id='word_1_67' title='bbox 874 1548 926 1608; x_wconf 90' lang='lat' dir='ltr'><strong>sed</strong></span> <span class='ocrx_word' id='word_1_68' title='bbox 949 1551 1038 1608; x_wconf 86' lang='lat' dir='ltr'><strong>ctiam</strong></span> <span class='ocrx_word' id='word_1_69' title='bbox 1061 1563 1113 1622; x_wconf 79' lang='lat' dir='ltr'><strong>eo,</strong></span> <span class='ocrx_word' id='word_1_70' title='bbox 1131 1547 1209 1624; x_wconf 92' lang='lat' dir='ltr'><strong>quod</strong></span> <span class='ocrx_word' id='word_1_71' title='bbox 1233 1549 1385 1608; x_wconf 88' lang='lat' dir='ltr'><strong>conierunt</strong></span> <span class='ocrx_word' id='word_1_72' title='bbox 1406 1563 1512 1623; x_wconf 83' lang='lat' dir='ltr'><strong>operas</strong></span> <span class='ocrx_word' id='word_1_73' title='bbox 1540 1555 1570 1608; x_wconf 89' lang='lat' dir='ltr'><strong>et</strong></span> <span class='ocrx_word' id='word_1_74' title='bbox 1592 1557 1716 1608; x_wconf 87' lang='lat' dir='ltr'><strong>conatus</strong></span> <span class='ocrx_word' id='word_1_75' title='bbox 1738 1551 1889 1608; x_wconf 81' lang='lat' dir='ltr'><strong>mumosai</strong></span> 
     </span>
     <span class='ocr_line' id='line_1_9' title="bbox 560 1633 1891 1712; baseline -0.002 -17"><span class='ocrx_word' id='word_1_76' title='bbox 560 1635 718 1696; x_wconf 80' lang='lat' dir='ltr'><strong>discenda.</strong></span> <span class='ocrx_word' id='word_1_77' title='bbox 732 1645 763 1695; x_wconf 88' lang='lat' dir='ltr'><strong>et</strong></span> <span class='ocrx_word' id='word_1_78' title='bbox 791 1635 1017 1712; x_wconf 87' lang='lat' dir='ltr'><strong>contemplanda</strong></span> <span class='ocrx_word' id='word_1_79' title='bbox 1045 1633 1114 1706; x_wconf 87' lang='lat' dir='ltr'><strong>iila,</strong></span> <span class='ocrx_word' id='word_1_80' title='bbox 1146 1651 1222 1710; x_wconf 89' lang='lat' dir='ltr'><strong>quae</strong></span> <span class='ocrx_word' id='word_1_81' title='bbox 1253 1633 1395 1710; x_wconf 83' lang='lat' dir='ltr'><strong>cnjuique</strong></span> <span class='ocrx_word' id='word_1_82' title='bbox 1426 1635 1544 1710; x_wconf 90' lang='lat' dir='ltr'><strong>propria</strong></span> <span class='ocrx_word' id='word_1_83' title='bbox 1568 1637 1683 1694; x_wconf 90' lang='lat' dir='ltr'><strong>ratione</strong></span> <span class='ocrx_word' id='word_1_84' title='bbox 1713 1637 1891 1696; x_wconf 75' lang='lat' dir='ltr'><strong>elaborans</strong></span> 
     </span>
     <span class='ocr_line' id='line_1_10' title="bbox 560 1720 1892 1804; baseline -0.003 -20"><span class='ocrx_word' id='word_1_85' title='bbox 560 1723 701 1804; x_wconf 85' lang='lat' dir='ltr'><strong>compleri</strong></span> <span class='ocrx_word' id='word_1_86' title='bbox 723 1723 850 1796; x_wconf 87' lang='lat' dir='ltr'><strong>debent,</strong></span> <span class='ocrx_word' id='word_1_87' title='bbox 873 1732 906 1782; x_wconf 89' lang='lat' dir='ltr'><strong>ut</strong></span> <span class='ocrx_word' id='word_1_88' title='bbox 928 1730 1052 1798; x_wconf 87' lang='lat' dir='ltr'><strong>utroque</strong></span> <span class='ocrx_word' id='word_1_89' title='bbox 1074 1720 1177 1792; x_wconf 87' lang='lat' dir='ltr'><strong>modo,</strong></span> <span class='ocrx_word' id='word_1_90' title='bbox 1201 1723 1336 1796; x_wconf 90' lang='lat' dir='ltr'><strong>inquam,</strong></span> <span class='ocrx_word' id='word_1_91' title='bbox 1367 1720 1522 1798; x_wconf 91' lang='lat' dir='ltr'><strong>plurimum</strong></span> <span class='ocrx_word' id='word_1_92' title='bbox 1544 1721 1699 1798; x_wconf 81' lang='lat' dir='ltr'><strong>proficiant</strong></span> <span class='ocrx_word' id='word_1_93' title='bbox 1720 1723 1763 1782; x_wconf 83' lang='lat' dir='ltr'><strong>ed</strong></span> <span class='ocrx_word' id='word_1_94' title='bbox 1787 1724 1892 1800; x_wconf 82' lang='lat' dir='ltr'><strong>pulchri·</strong></span> 
     </span>
     <span class='ocr_line' id='line_1_11' title="bbox 560 1807 1893 1886; baseline -0.002 -16"><span class='ocrx_word' id='word_1_95' title='bbox 560 1807 691 1870; x_wconf 89' lang='lat' dir='ltr'><strong>tudinem</strong></span> <span class='ocrx_word' id='word_1_96' title='bbox 715 1813 744 1869; x_wconf 88' lang='lat' dir='ltr'><strong>&#39;et</strong></span> <span class='ocrx_word' id='word_1_97' title='bbox 767 1809 939 1881; x_wconf 82' lang='lat' dir='ltr'><strong>utilitatem,</strong></span> <span class='ocrx_word' id='word_1_98' title='bbox 963 1812 1065 1886; x_wconf 89' lang='lat' dir='ltr'><strong>sicque</strong></span> <span class='ocrx_word' id='word_1_99' title='bbox 1086 1825 1145 1867; x_wconf 91' lang='lat' dir='ltr'><strong>non</strong></span> <span class='ocrx_word' id='word_1_100' title='bbox 1168 1811 1224 1886; x_wconf 92' lang='lat' dir='ltr'><strong>ipsi</strong></span> <span class='ocrx_word' id='word_1_101' title='bbox 1248 1817 1370 1882; x_wconf 89' lang='lat' dir='ltr'><strong>tantum,</strong></span> <span class='ocrx_word' id='word_1_102' title='bbox 1393 1808 1555 1868; x_wconf 89' lang='lat' dir='ltr'><strong>sedetiam</strong></span> <span class='ocrx_word' id='word_1_103' title='bbox 1578 1812 1727 1883; x_wconf 86' lang='lat' dir='ltr'><strong>scientiae,</strong></span> <span class='ocrx_word' id='word_1_104' title='bbox 1752 1829 1827 1886; x_wconf 88' lang='lat' dir='ltr'><strong>quse</strong></span> <span class='ocrx_word' id='word_1_105' title='bbox 1845 1823 1893 1868; x_wconf 85' lang='lat' dir='ltr'><strong>root</strong></span> 
     </span>
     <span class='ocr_line' id='line_1_12' title="bbox 556 1893 1893 1976; baseline -0.004 -16"><span class='ocrx_word' id='word_1_106' title='bbox 556 1897 694 1962; x_wconf 82' lang='lat' dir='ltr'><strong>alterutri</strong></span> <span class='ocrx_word' id='word_1_107' title='bbox 716 1897 892 1968; x_wconf 87' lang='lat' dir='ltr'><strong>iamiiiaras,</strong></span> <span class='ocrx_word' id='word_1_108' title='bbox 916 1903 950 1955; x_wconf 89' lang='lat' dir='ltr'><strong>ut</strong></span> <span class='ocrx_word' id='word_1_109' title='bbox 971 1912 1107 1972; x_wconf 84' lang='lat' dir='ltr'><strong>quaeque</strong></span> <span class='ocrx_word' id='word_1_110' title='bbox 1129 1893 1246 1956; x_wconf 88' lang='lat' dir='ltr'><strong>iliarum</strong></span> <span class='ocrx_word' id='word_1_111' title='bbox 1270 1905 1316 1954; x_wconf 90' lang='lat' dir='ltr'><strong>est</strong></span> <span class='ocrx_word' id='word_1_112' title='bbox 1337 1897 1450 1954; x_wconf 90' lang='lat' dir='ltr'><strong>ratione</strong></span> <span class='ocrx_word' id='word_1_113' title='bbox 1473 1898 1600 1955; x_wconf 86' lang='lat' dir='ltr'><strong>maxima</strong></span> <span class='ocrx_word' id='word_1_114' title='bbox 1622 1899 1790 1976; x_wconf 77' lang='lat' dir='ltr'><strong>particeps3</strong></span> <span class='ocrx_word' id='word_1_115' title='bbox 1817 1899 1893 1971; x_wconf 81' lang='lat' dir='ltr'><strong>cujus·</strong></span> 
     </span>
     <span class='ocr_line' id='line_1_13' title="bbox 531 1981 1894 2060; baseline 0 -18"><span class='ocrx_word' id='word_1_116' title='bbox 531 2045 535 2052; x_wconf 73' lang='grc'>,</span> <span class='ocrx_word' id='word_1_117' title='bbox 563 1983 643 2050; x_wconf 82' lang='lat' dir='ltr'><strong>modi</strong></span> <span class='ocrx_word' id='word_1_118' title='bbox 667 1993 712 2042; x_wconf 89' lang='lat' dir='ltr'><strong>est</strong></span> <span class='ocrx_word' id='word_1_119' title='bbox 735 2003 771 2044; x_wconf 88' lang='lat' dir='ltr'><strong>ex</strong></span> <span class='ocrx_word' id='word_1_120' title='bbox 792 1993 886 2060; x_wconf 75' lang='lat' dir='ltr'><strong>parte¹</strong></span> <span class='ocrx_word' id='word_1_121' title='bbox 899 1983 1019 2059; x_wconf 87' lang='lat' dir='ltr'><strong>quidem</strong></span> <span class='ocrx_word' id='word_1_122' title='bbox 1041 1986 1124 2042; x_wconf 87' lang='lat' dir='ltr'><strong>risus</strong></span> <span class='ocrx_word' id='word_1_123' title='bbox 1147 1991 1177 2042; x_wconf 89' lang='lat' dir='ltr'><strong>ct</strong></span> <span class='ocrx_word' id='word_1_124' title='bbox 1198 1991 1296 2042; x_wconf 88' lang='lat' dir='ltr'><strong>motus</strong></span> <span class='ocrx_word' id='word_1_125' title='bbox 1312 1981 1414 2042; x_wconf 91' lang='lat' dir='ltr'><strong>localis</strong></span> <span class='ocrx_word' id='word_1_126' title='bbox 1438 1997 1547 2056; x_wconf 89' lang='lat' dir='ltr'><strong>eorum,</strong></span> <span class='ocrx_word' id='word_1_127' title='bbox 1571 2001 1648 2058; x_wconf 88' lang='lat' dir='ltr'><strong>quae</strong></span> <span class='ocrx_word' id='word_1_128' title='bbox 1664 1988 1730 2042; x_wconf 86' lang='lat' dir='ltr'><strong>risu</strong></span> <span class='ocrx_word' id='word_1_129' title='bbox 1745 1985 1813 2044; x_wconf 95' lang='lat' dir='ltr'><strong>solo</strong></span> <span class='ocrx_word' id='word_1_130' title='bbox 1835 2003 1894 2044; x_wconf 86' lang='lat' dir='ltr'><strong>oom-</strong></span> 
     </span>
     <span class='ocr_line' id='line_1_14' title="bbox 560 2069 1895 2150; baseline -0.001 -21"><span class='ocrx_word' id='word_1_131' title='bbox 560 2069 701 2150; x_wconf 90' lang='lat' dir='ltr'><strong>prebendi</strong></span> <span class='ocrx_word' id='word_1_132' title='bbox 723 2079 863 2149; x_wconf 89' lang='lat' dir='ltr'><strong>possunt,</strong></span> <span class='ocrx_word' id='word_1_133' title='bbox 894 2069 952 2130; x_wconf 89' lang='lat' dir='ltr'><strong>hoc</strong></span> <span class='ocrx_word' id='word_1_134' title='bbox 981 2077 1027 2130; x_wconf 91' lang='lat' dir='ltr'><strong>cst</strong></span> <span class='ocrx_word' id='word_1_135' title='bbox 1049 2069 1220 2129; x_wconf 87' lang='lat' dir='ltr'><strong>coelestium</strong></span> <span class='ocrx_word' id='word_1_136' title='bbox 1244 2085 1412 2148; x_wconf 88' lang='lat' dir='ltr'><strong>corporum,</strong></span> <span class='ocrx_word' id='word_1_137' title='bbox 1444 2073 1637 2143; x_wconf 87' lang='lat' dir='ltr'><strong>astronomia,</strong></span> <span class='ocrx_word' id='word_1_138' title='bbox 1667 2089 1703 2130; x_wconf 92' lang='lat' dir='ltr'><strong>ex</strong></span> <span class='ocrx_word' id='word_1_139' title='bbox 1735 2081 1820 2148; x_wconf 85' lang='lat' dir='ltr'><strong>parts</strong></span> <span class='ocrx_word' id='word_1_140' title='bbox 1846 2089 1895 2129; x_wconf 81' lang='lat' dir='ltr'><strong>usn</strong></span> 
     </span>
     <span class='ocr_line' id='line_1_15' title="bbox 560 2151 1894 2236; baseline -0.001 -18"><span class='ocrx_word' id='word_1_141' title='bbox 560 2160 759 2218; x_wconf 74' lang='lat' dir='ltr'><strong>uuonomiae</strong></span> <span class='ocrx_word' id='word_1_142' title='bbox 791 2167 823 2219; x_wconf 88' lang='lat' dir='ltr'><strong>et</strong></span> <span class='ocrx_word' id='word_1_143' title='bbox 854 2157 1039 2217; x_wconf 87' lang='lat' dir='ltr'><strong>harmonicas</strong></span> <span class='ocrx_word' id='word_1_144' title='bbox 1063 2151 1291 2236; x_wconf 66' lang='lat' dir='ltr'><strong>cognationi).</strong></span> <span class='ocrx_word' id='word_1_145' title='bbox 1339 2156 1465 2215; x_wconf 82' lang='lat' dir='ltr'><strong>Auditus</strong></span> <span class='ocrx_word' id='word_1_146' title='bbox 1494 2165 1525 2216; x_wconf 92' lang='lat' dir='ltr'><strong>et</strong></span> <span class='ocrx_word' id='word_1_147' title='bbox 1552 2167 1649 2216; x_wconf 85' lang='lat' dir='ltr'><strong>motus</strong></span> <span class='ocrx_word' id='word_1_148' title='bbox 1678 2159 1786 2218; x_wconf 89' lang='lat' dir='ltr'><strong>iterum</strong></span> <span class='ocrx_word' id='word_1_149' title='bbox 1817 2159 1894 2218; x_wconf 85' lang='lat' dir='ltr'><strong>iocui&#39;n</strong></span> 
     </span>
     <span class='ocr_line' id='line_1_16' title="bbox 560 2241 1893 2328; baseline 0 -24"><span class='ocrx_word' id='word_1_150' title='bbox 560 2261 675 2316; x_wconf 89' lang='lat' dir='ltr'><strong>corunr,</strong></span> <span class='ocrx_word' id='word_1_151' title='bbox 700 2261 776 2321; x_wconf 90' lang='lat' dir='ltr'><strong>quac</strong></span> <span class='ocrx_word' id='word_1_152' title='bbox 799 2245 901 2306; x_wconf 87' lang='lat' dir='ltr'><strong>auditu</strong></span> <span class='ocrx_word' id='word_1_153' title='bbox 925 2243 992 2304; x_wconf 93' lang='lat' dir='ltr'><strong>aolo</strong></span> <span class='ocrx_word' id='word_1_154' title='bbox 1016 2241 1221 2322; x_wconf 87' lang='lat' dir='ltr'><strong>comprehendi</strong></span> <span class='ocrx_word' id='word_1_155' title='bbox 1244 2253 1382 2328; x_wconf 81' lang='lat' dir='ltr'><strong>possunt,</strong></span> <span class='ocrx_word' id='word_1_156' title='bbox 1406 2243 1463 2302; x_wconf 89' lang='lat' dir='ltr'><strong>boo</strong></span> <span class='ocrx_word' id='word_1_157' title='bbox 1486 2253 1530 2304; x_wconf 92' lang='lat' dir='ltr'><strong>est</strong></span> <span class='ocrx_word' id='word_1_158' title='bbox 1551 2261 1704 2304; x_wconf 89' lang='lat' dir='ltr'><strong>sonorum:</strong></span> <span class='ocrx_word' id='word_1_159' title='bbox 1732 2245 1893 2306; x_wconf 80' lang='lat' dir='ltr'><strong>barmoniae·</strong></span> 
     </span>
     <span class='ocr_line' id='line_1_17' title="bbox 559 2321 1895 2408; baseline 0.001 -18"><span class='ocrx_word' id='word_1_160' title='bbox 559 2321 664 2391; x_wconf 81' lang='lat' dir='ltr'><strong>ambae</strong></span> <span class='ocrx_word' id='word_1_161' title='bbox 687 2331 805 2408; x_wconf 85' lang='lat' dir='ltr'><strong>quidem</strong></span> <span class='ocrx_word' id='word_1_162' title='bbox 828 2334 966 2391; x_wconf 89' lang='lat' dir='ltr'><strong>ministris</strong></span> <span class='ocrx_word' id='word_1_163' title='bbox 990 2340 1020 2394; x_wconf 90' lang='lat' dir='ltr'><strong>et</strong></span> <span class='ocrx_word' id='word_1_164' title='bbox 1040 2334 1240 2390; x_wconf 83' lang='lat' dir='ltr'><strong>instrumentis</strong></span> <span class='ocrx_word' id='word_1_165' title='bbox 1265 2333 1336 2390; x_wconf 89' lang='lat' dir='ltr'><strong>eitra</strong></span> <span class='ocrx_word' id='word_1_166' title='bbox 1354 2335 1584 2391; x_wconf 87' lang='lat' dir='ltr'><strong>controversiam</strong></span> <span class='ocrx_word' id='word_1_167' title='bbox 1599 2333 1787 2393; x_wconf 86' lang='lat' dir='ltr'><strong>arithmetica</strong></span> <span class='ocrx_word' id='word_1_168' title='bbox 1803 2345 1830 2393; x_wconf 90' lang='lat' dir='ltr'><strong>et</strong></span> <span class='ocrx_word' id='word_1_169' title='bbox 1844 2353 1895 2404; x_wconf 79' lang='lat' dir='ltr'><strong>peu·</strong></span> 
     </span>
     <span class='ocr_line' id='line_1_18' title="bbox 558 2417 1896 2496; baseline 0 -18"><span class='ocrx_word' id='word_1_170' title='bbox 558 2421 663 2478; x_wconf 88' lang='lat' dir='ltr'><strong>metria</strong></span> <span class='ocrx_word' id='word_1_171' title='bbox 684 2437 772 2492; x_wconf 88' lang='lat' dir='ltr'><strong>usae,</strong></span> <span class='ocrx_word' id='word_1_172' title='bbox 806 2419 844 2480; x_wconf 84' lang='lat' dir='ltr'><strong>sd</strong></span> <span class='ocrx_word' id='word_1_173' title='bbox 866 2421 1061 2496; x_wconf 72' lang='lat' dir='ltr'><strong>quantitatem</strong></span> <span class='ocrx_word' id='word_1_174' title='bbox 1086 2435 1155 2478; x_wconf 88' lang='lat' dir='ltr'><strong>vero</strong></span> <span class='ocrx_word' id='word_1_175' title='bbox 1188 2426 1218 2478; x_wconf 90' lang='lat' dir='ltr'><strong>et</strong></span> <span class='ocrx_word' id='word_1_176' title='bbox 1240 2417 1413 2494; x_wconf 89' lang='lat' dir='ltr'><strong>qualitatem</strong></span> <span class='ocrx_word' id='word_1_177' title='bbox 1436 2421 1595 2494; x_wconf 86' lang='lat' dir='ltr'><strong>primorum</strong></span> <span class='ocrx_word' id='word_1_178' title='bbox 1625 2427 1761 2480; x_wconf 88' lang='lat' dir='ltr'><strong>motuum</strong></span> <span class='ocrx_word' id='word_1_179' title='bbox 1789 2433 1896 2480; x_wconf 74' lang='lat' dir='ltr'><strong>conum·</strong></span> 
     </span>
     <span class='ocr_line' id='line_1_19' title="bbox 557 2497 1896 2585; baseline 0 -19"><span class='ocrx_word' id='word_1_180' title='bbox 557 2497 1017 2585; x_wconf 70' lang='lat' dir='ltr'><strong>piandam‚&#39;cooaobrtouo¹¹i¹)</strong></span> <span class='ocrx_word' id='word_1_181' title='bbox 1039 2513 1068 2565; x_wconf 92' lang='lat' dir='ltr'><strong>at</strong></span> <span class='ocrx_word' id='word_1_182' title='bbox 1085 2507 1166 2582; x_wconf 92' lang='lat' dir='ltr'><strong>ipsae</strong></span> <span class='ocrx_word' id='word_1_183' title='bbox 1182 2509 1349 2578; x_wconf 80' lang='lat' dir='ltr'><strong>existentes,</strong></span> <span class='ocrx_word' id='word_1_184' title='bbox 1374 2506 1483 2582; x_wconf 80' lang='lat' dir='ltr'><strong>quippe</strong></span> <span class='ocrx_word' id='word_1_185' title='bbox 1506 2505 1622 2566; x_wconf 88' lang='lat' dir='ltr'><strong>duabus</strong></span> <span class='ocrx_word' id='word_1_186' title='bbox 1645 2517 1732 2570; x_wconf 87' lang='lat' dir='ltr'><strong>natae</strong></span> <span class='ocrx_word' id='word_1_187' title='bbox 1760 2511 1896 2575; x_wconf 81' lang='lat' dir='ltr'><strong>sororibus.</strong></span> 
     </span>
     <span class='ocr_line' id='line_1_20' title="bbox 558 2587 1896 2670; baseline 0.002 -18"><span class='ocrx_word' id='word_1_188' title='bbox 558 2596 625 2653; x_wconf 81' lang='lat' dir='ltr'><strong>eisc</strong></span> <span class='ocrx_word' id='word_1_189' title='bbox 648 2601 678 2652; x_wconf 91' lang='lat' dir='ltr'><strong>et</strong></span> <span class='ocrx_word' id='word_1_190' title='bbox 699 2593 813 2668; x_wconf 88' lang='lat' dir='ltr'><strong>auditu,</strong></span> <span class='ocrx_word' id='word_1_191' title='bbox 836 2615 855 2654; x_wconf 89' lang='lat' dir='ltr'><strong>a</strong></span> <span class='ocrx_word' id='word_1_192' title='bbox 876 2593 1037 2654; x_wconf 86' lang='lat' dir='ltr'><strong>nutricibus</strong></span> <span class='ocrx_word' id='word_1_193' title='bbox 1063 2609 1131 2652; x_wconf 88' lang='lat' dir='ltr'><strong>vero</strong></span> <span class='ocrx_word' id='word_1_194' title='bbox 1155 2609 1190 2652; x_wconf 89' lang='lat' dir='ltr'><strong>ex</strong></span> <span class='ocrx_word' id='word_1_195' title='bbox 1215 2593 1390 2668; x_wconf 71' lang='lat' dir='ltr'><strong>cognatione</strong></span> <span class='ocrx_word' id='word_1_196' title='bbox 1412 2610 1467 2652; x_wconf 86' lang='lat' dir='ltr'><strong>sua</strong></span> <span class='ocrx_word' id='word_1_197' title='bbox 1481 2587 1804 2670; x_wconf 82' lang='lat' dir='ltr'><strong>proxronu&#39;oducatao,</strong></span> <span class='ocrx_word' id='word_1_198' title='bbox 1826 2597 1896 2654; x_wconf 84' lang='lat' dir='ltr'><strong>ariti-</strong></span> 
     </span>
     <span class='ocr_line' id='line_1_21' title="bbox 557 2677 1020 2759; baseline 0.002 -17"><span class='ocrx_word' id='word_1_199' title='bbox 557 2684 666 2742; x_wconf 83' lang='lat' dir='ltr'><strong>metica</strong></span> <span class='ocrx_word' id='word_1_200' title='bbox 687 2689 717 2742; x_wconf 88' lang='lat' dir='ltr'><strong>et</strong></span> <span class='ocrx_word' id='word_1_201' title='bbox 738 2677 1020 2759; x_wconf 62' lang='lat' dir='ltr'><strong>geometricum).</strong></span> 
     </span>
    </p>
   </div>
   <div class='ocr_carea' id='block_1_4' title="bbox 446 2805 1896 5322">
    <p class='ocr_par' dir='ltr' id='par_1_4' title="bbox 483 2805 1892 2886">
     <span class='ocr_line' id='line_1_22' title="bbox 483 2805 1892 2886; baseline -0.003 -14"><span class='ocrx_word' id='word_1_202' title='bbox 483 2879 487 2885; x_wconf 24' lang='lat'><strong><em>⁴</em></strong></span> <span class='ocrx_word' id='word_1_203' title='bbox 643 2805 717 2872; x_wconf 79' lang='lat' dir='ltr'><strong>Nota</strong></span> <span class='ocrx_word' id='word_1_204' title='bbox 735 2816 809 2873; x_wconf 84' lang='lat' dir='ltr'><strong>XXI.</strong></span> <span class='ocrx_word' id='word_1_205' title='bbox 845 2816 942 2871; x_wconf 85' lang='lat' dir='ltr'><strong>Statim</strong></span> <span class='ocrx_word' id='word_1_206' title='bbox 965 2820 1060 2869; x_wconf 89' lang='lat' dir='ltr'><strong>atota</strong></span> <span class='ocrx_word' id='word_1_207' title='bbox 1078 2811 1283 2884; x_wconf 86' lang='lat' dir='ltr'><strong>mathematica,</strong></span> <span class='ocrx_word' id='word_1_208' title='bbox 1310 2811 1337 2866; x_wconf 89' lang='lat' dir='ltr'><strong>in</strong></span> <span class='ocrx_word' id='word_1_209' title='bbox 1356 2827 1437 2882; x_wconf 88' lang='lat' dir='ltr'><strong>quam</strong></span> <span class='ocrx_word' id='word_1_210' title='bbox 1466 2821 1634 2880; x_wconf 82' lang='lat' dir='ltr'><strong>excurreret,</strong></span> <span class='ocrx_word' id='word_1_211' title='bbox 1661 2831 1690 2868; x_wconf 88' lang='lat' dir='ltr'><strong>sc</strong></span> <span class='ocrx_word' id='word_1_212' title='bbox 1710 2817 1856 2886; x_wconf 80' lang='lat' dir='ltr'><strong>recipiens.</strong></span> <span class='ocrx_word' id='word_1_213' title='bbox 1872 2817 1892 2869; x_wconf 74' lang='lat' dir='ltr'><strong>ul</strong></span> 
     </span>
    </p>

    <p class='ocr_par' dir='ltr' id='par_1_5' title="bbox 446 2889 1896 5322">
     <span class='ocr_line' id='line_1_23' title="bbox 557 2889 1895 2966; baseline 0 -18"><span class='ocrx_word' id='word_1_214' title='bbox 557 2901 664 2966; x_wconf 88' lang='lat' dir='ltr'><strong>partem</strong></span> <span class='ocrx_word' id='word_1_215' title='bbox 684 2893 744 2964; x_wconf 85' lang='lat' dir='ltr'><strong>ejus</strong></span> <span class='ocrx_word' id='word_1_216' title='bbox 761 2893 947 2950; x_wconf 88' lang='lat' dir='ltr'><strong>harmonicam</strong></span> <span class='ocrx_word' id='word_1_217' title='bbox 964 2892 1096 2963; x_wconf 88' lang='lat' dir='ltr'><strong>paulatim</strong></span> <span class='ocrx_word' id='word_1_218' title='bbox 1115 2891 1269 2958; x_wconf 84' lang='lat' dir='ltr'><strong>reuertitur,</strong></span> <span class='ocrx_word' id='word_1_219' title='bbox 1288 2890 1351 2944; x_wconf 89' lang='lat' dir='ltr'><strong>dum</strong></span> <span class='ocrx_word' id='word_1_220' title='bbox 1371 2889 1490 2962; x_wconf 84' lang='lat' dir='ltr'><strong>explicat</strong></span> <span class='ocrx_word' id='word_1_221' title='bbox 1508 2891 1577 2948; x_wconf 90' lang='lat' dir='ltr'><strong>dnos</strong></span> <span class='ocrx_word' id='word_1_222' title='bbox 1592 2909 1689 2952; x_wconf 82' lang='lat' dir='ltr'><strong>sensus</strong></span> <span class='ocrx_word' id='word_1_223' title='bbox 1708 2899 1895 2952; x_wconf 67' lang='lat' dir='ltr'><strong>mathematice</strong></span> 
     </span>
     <span class='ocr_line' id='line_1_24' title="bbox 556 2969 1896 3046; baseline -0.001 -16"><span class='ocrx_word' id='word_1_224' title='bbox 556 2975 665 3046; x_wconf 85' lang='lat' dir='ltr'><strong>quidam</strong></span> <span class='ocrx_word' id='word_1_225' title='bbox 683 2973 734 3027; x_wconf 89' lang='lat' dir='ltr'><strong>toti</strong></span> <span class='ocrx_word' id='word_1_226' title='bbox 753 2972 921 3038; x_wconf 79' lang='lat' dir='ltr'><strong>famulantes,</strong></span> <span class='ocrx_word' id='word_1_227' title='bbox 942 2973 990 3027; x_wconf 92' lang='lat' dir='ltr'><strong>sed</strong></span> <span class='ocrx_word' id='word_1_228' title='bbox 1008 2987 1124 3040; x_wconf 88' lang='lat' dir='ltr'><strong>quorum</strong></span> <span class='ocrx_word' id='word_1_229' title='bbox 1143 2970 1212 3024; x_wconf 89' lang='lat' dir='ltr'><strong>aiter</strong></span> <span class='ocrx_word' id='word_1_230' title='bbox 1230 2969 1386 3024; x_wconf 90' lang='lat' dir='ltr'><strong>harmoniae</strong></span> <span class='ocrx_word' id='word_1_231' title='bbox 1406 2971 1533 3040; x_wconf 85' lang='lat' dir='ltr'><strong>proprius</strong></span> <span class='ocrx_word' id='word_1_232' title='bbox 1552 2974 1595 3042; x_wconf 90' lang='lat' dir='ltr'><strong>sit,</strong></span> <span class='ocrx_word' id='word_1_233' title='bbox 1615 2973 1724 3030; x_wconf 80' lang='lat' dir='ltr'><strong>eruditus</strong></span> <span class='ocrx_word' id='word_1_234' title='bbox 1743 2978 1896 3034; x_wconf 78' lang='lat' dir='ltr'><strong>scilicetne</strong></span> 
     </span>
     <span class='ocr_line' id='line_1_25' title="bbox 555 3047 1896 3128; baseline -0.004 -16"><span class='ocrx_word' id='word_1_235' title='bbox 555 3055 621 3112; x_wconf 88' lang='lat' dir='ltr'><strong>teris</strong></span> <span class='ocrx_word' id='word_1_236' title='bbox 640 3055 711 3108; x_wconf 88' lang='lat' dir='ltr'><strong>enim</strong></span> <span class='ocrx_word' id='word_1_237' title='bbox 731 3051 928 3108; x_wconf 86' lang='lat' dir='ltr'><strong>mathematicis</strong></span> <span class='ocrx_word' id='word_1_238' title='bbox 948 3049 1097 3120; x_wconf 86' lang='lat' dir='ltr'><strong>disciplinis</strong></span> <span class='ocrx_word' id='word_1_239' title='bbox 1116 3055 1222 3104; x_wconf 88' lang='lat' dir='ltr'><strong>tautum</strong></span> <span class='ocrx_word' id='word_1_240' title='bbox 1245 3062 1295 3116; x_wconf 88' lang='lat' dir='ltr'><strong>per</strong></span> <span class='ocrx_word' id='word_1_241' title='bbox 1313 3047 1440 3102; x_wconf 85' lang='lat' dir='ltr'><strong>accidens</strong></span> <span class='ocrx_word' id='word_1_242' title='bbox 1459 3051 1554 3116; x_wconf 76' lang='lat' dir='ltr'><strong>seruit,</strong></span> <span class='ocrx_word' id='word_1_243' title='bbox 1581 3061 1694 3122; x_wconf 85' lang='lat' dir='ltr'><strong>propter</strong></span> <span class='ocrx_word' id='word_1_244' title='bbox 1717 3055 1827 3112; x_wconf 88' lang='lat' dir='ltr'><strong>scilicet</strong></span> <span class='ocrx_word' id='word_1_245' title='bbox 1844 3055 1896 3128; x_wconf 72' lang='lat' dir='ltr'><strong>iuni</strong></span> 
     </span>
     <span class='ocr_line' id='line_1_26' title="bbox 553 3125 1896 3202; baseline -0.002 -15"><span class='ocrx_word' id='word_1_246' title='bbox 553 3132 674 3187; x_wconf 90' lang='lat' dir='ltr'><strong>tutiones</strong></span> <span class='ocrx_word' id='word_1_247' title='bbox 693 3131 790 3200; x_wconf 89' lang='lat' dir='ltr'><strong>craias,</strong></span> <span class='ocrx_word' id='word_1_248' title='bbox 808 3145 879 3201; x_wconf 90' lang='lat' dir='ltr'><strong>qnae</strong></span> <span class='ocrx_word' id='word_1_249' title='bbox 899 3137 1015 3199; x_wconf 89' lang='lat' dir='ltr'><strong>possent</strong></span> <span class='ocrx_word' id='word_1_250' title='bbox 1033 3130 1116 3183; x_wconf 86' lang='lat' dir='ltr'><strong>etiam</strong></span> <span class='ocrx_word' id='word_1_251' title='bbox 1135 3144 1184 3197; x_wconf 90' lang='lat' dir='ltr'><strong>per</strong></span> <span class='ocrx_word' id='word_1_252' title='bbox 1204 3126 1289 3180; x_wconf 88' lang='lat' dir='ltr'><strong>solam</strong></span> <span class='ocrx_word' id='word_1_253' title='bbox 1308 3125 1452 3182; x_wconf 87' lang='lat' dir='ltr'><strong>lectionem</strong></span> <span class='ocrx_word' id='word_1_254' title='bbox 1470 3129 1538 3200; x_wconf 87' lang='lat' dir='ltr'><strong>fieri,</strong></span> <span class='ocrx_word' id='word_1_255' title='bbox 1557 3139 1585 3186; x_wconf 84' lang='lat' dir='ltr'><strong>at</strong></span> <span class='ocrx_word' id='word_1_256' title='bbox 1603 3133 1764 3186; x_wconf 83' lang='lat' dir='ltr'><strong>harmonica</strong></span> <span class='ocrx_word' id='word_1_257' title='bbox 1778 3134 1896 3202; x_wconf 80' lang='lat' dir='ltr'><strong>discipiirl</strong></span> 
     </span>
     <span class='ocr_line' id='line_1_27' title="bbox 557 3205 1895 3280; baseline 0.001 -14"><span class='ocrx_word' id='word_1_258' title='bbox 557 3213 616 3266; x_wconf 89' lang='lat' dir='ltr'><strong>aine</strong></span> <span class='ocrx_word' id='word_1_259' title='bbox 641 3211 736 3266; x_wconf 90' lang='lat' dir='ltr'><strong>auditu</strong></span> <span class='ocrx_word' id='word_1_260' title='bbox 761 3210 850 3280; x_wconf 89' lang='lat' dir='ltr'><strong>(qnod</strong></span> <span class='ocrx_word' id='word_1_261' title='bbox 873 3210 1005 3264; x_wconf 86' lang='lat' dir='ltr'><strong>musicam</strong></span> <span class='ocrx_word' id='word_1_262' title='bbox 1030 3208 1142 3265; x_wconf 84' lang='lat' dir='ltr'><strong>attineti</strong></span> <span class='ocrx_word' id='word_1_263' title='bbox 1171 3205 1242 3262; x_wconf 93' lang='lat' dir='ltr'><strong>tradi</strong></span> <span class='ocrx_word' id='word_1_264' title='bbox 1266 3207 1368 3276; x_wconf 88' lang='lat' dir='ltr'><strong>nequit.</strong></span> <span class='ocrx_word' id='word_1_265' title='bbox 1411 3208 1562 3277; x_wconf 86' lang='lat' dir='ltr'><strong>Propterea</strong></span> <span class='ocrx_word' id='word_1_266' title='bbox 1589 3209 1709 3264; x_wconf 85' lang='lat' dir='ltr'><strong>ostendit</strong></span> <span class='ocrx_word' id='word_1_267' title='bbox 1735 3211 1895 3268; x_wconf 76' lang='lat' dir='ltr'><strong>Ptolemaeus</strong></span> 
     </span>
     <span class='ocr_line' id='line_1_28' title="bbox 557 3283 1895 3360; baseline 0 -16"><span class='ocrx_word' id='word_1_268' title='bbox 557 3283 694 3360; x_wconf 80' lang='lat' dir='ltr'><strong>quomodo</strong></span> <span class='ocrx_word' id='word_1_269' title='bbox 718 3296 835 3357; x_wconf 84' lang='lat' dir='ltr'><strong>uterque</strong></span> <span class='ocrx_word' id='word_1_270' title='bbox 860 3304 959 3342; x_wconf 86' lang='lat' dir='ltr'><strong>sensus</strong></span> <span class='ocrx_word' id='word_1_271' title='bbox 984 3287 1058 3341; x_wconf 83' lang='lat' dir='ltr'><strong>circa</strong></span> <span class='ocrx_word' id='word_1_272' title='bbox 1075 3295 1178 3342; x_wconf 90' lang='lat' dir='ltr'><strong>motum</strong></span> <span class='ocrx_word' id='word_1_273' title='bbox 1206 3285 1322 3341; x_wconf 89' lang='lat' dir='ltr'><strong>localem</strong></span> <span class='ocrx_word' id='word_1_274' title='bbox 1348 3303 1425 3342; x_wconf 88' lang='lat' dir='ltr'><strong>suam</strong></span> <span class='ocrx_word' id='word_1_275' title='bbox 1445 3289 1581 3356; x_wconf 85' lang='lat' dir='ltr'><strong>propriam</strong></span> <span class='ocrx_word' id='word_1_276' title='bbox 1600 3289 1741 3344; x_wconf 87' lang='lat' dir='ltr'><strong>scientiam</strong></span> <span class='ocrx_word' id='word_1_277' title='bbox 1767 3293 1895 3360; x_wconf 74' lang='lat' dir='ltr'><strong>progignit</strong></span> 
     </span>
     <span class='ocr_line' id='line_1_29' title="bbox 556 3359 1895 3442; baseline 0.001 -22"><span class='ocrx_word' id='word_1_278' title='bbox 556 3365 631 3426; x_wconf 83' lang='lat' dir='ltr'><strong>risus</strong></span> <span class='ocrx_word' id='word_1_279' title='bbox 649 3366 851 3433; x_wconf 79' lang='lat' dir='ltr'><strong>astronomiam,</strong></span> <span class='ocrx_word' id='word_1_280' title='bbox 873 3365 984 3442; x_wconf 81' lang='lat' dir='ltr'><strong>nuditus</strong></span> <span class='ocrx_word' id='word_1_281' title='bbox 1002 3359 1185 3420; x_wconf 81' lang='lat' dir='ltr'><strong>harmonicen.</strong></span> <span class='ocrx_word' id='word_1_282' title='bbox 1223 3364 1305 3418; x_wconf 88' lang='lat' dir='ltr'><strong>Certo</strong></span> <span class='ocrx_word' id='word_1_283' title='bbox 1324 3370 1415 3418; x_wconf 90' lang='lat' dir='ltr'><strong>autem</strong></span> <span class='ocrx_word' id='word_1_284' title='bbox 1434 3366 1548 3420; x_wconf 90' lang='lat' dir='ltr'><strong>consilio</strong></span> <span class='ocrx_word' id='word_1_285' title='bbox 1568 3365 1601 3420; x_wconf 92' lang='lat' dir='ltr'><strong>de</strong></span> <span class='ocrx_word' id='word_1_286' title='bbox 1619 3367 1663 3422; x_wconf 89' lang='lat' dir='ltr'><strong>his</strong></span> <span class='ocrx_word' id='word_1_287' title='bbox 1677 3367 1787 3425; x_wconf 86' lang='lat' dir='ltr'><strong>duabus</strong></span> <span class='ocrx_word' id='word_1_288' title='bbox 1802 3371 1895 3426; x_wconf 63' lang='lat' dir='ltr'><strong>scienti</strong></span> 
     </span>
     <span class='ocr_line' id='line_1_30' title="bbox 556 3441 1895 3512; baseline 0.007 -15"><span class='ocrx_word' id='word_1_289' title='bbox 556 3441 722 3512; x_wconf 63' lang='lat' dir='ltr'><strong>praefatur(</strong></span> <span class='ocrx_word' id='word_1_290' title='bbox 735 3443 896 3510; x_wconf 88' lang='lat' dir='ltr'><strong>ostendens,</strong></span> <span class='ocrx_word' id='word_1_291' title='bbox 920 3445 1056 3512; x_wconf 91' lang='lat' dir='ltr'><strong>quomodo</strong></span> <span class='ocrx_word' id='word_1_292' title='bbox 1075 3445 1148 3499; x_wconf 89' lang='lat' dir='ltr'><strong>circa</strong></span> <span class='ocrx_word' id='word_1_293' title='bbox 1166 3458 1213 3498; x_wconf 91' lang='lat' dir='ltr'><strong>eos</strong></span> <span class='ocrx_word' id='word_1_294' title='bbox 1233 3441 1329 3498; x_wconf 78' lang='lat' dir='ltr'><strong>sensus</strong></span> <span class='ocrx_word' id='word_1_295' title='bbox 1355 3444 1464 3499; x_wconf 87' lang='lat' dir='ltr'><strong>nuditus</strong></span> <span class='ocrx_word' id='word_1_296' title='bbox 1483 3453 1510 3500; x_wconf 90' lang='lat' dir='ltr'><strong>et</strong></span> <span class='ocrx_word' id='word_1_297' title='bbox 1529 3444 1602 3498; x_wconf 86' lang='lat' dir='ltr'><strong>visus</strong></span> <span class='ocrx_word' id='word_1_298' title='bbox 1630 3445 1681 3502; x_wconf 87' lang='lat' dir='ltr'><strong>sibi</strong></span> <span class='ocrx_word' id='word_1_299' title='bbox 1699 3447 1817 3504; x_wconf 83' lang='lat' dir='ltr'><strong>inuicem</strong></span> <span class='ocrx_word' id='word_1_300' title='bbox 1837 3451 1895 3506; x_wconf 78' lang='lat' dir='ltr'><strong>lanu</strong></span> 
     </span>
     <span class='ocr_line' id='line_1_31' title="bbox 556 3520 1895 3594; baseline 0.001 -18"><span class='ocrx_word' id='word_1_301' title='bbox 556 3521 663 3589; x_wconf 89' lang='lat' dir='ltr'><strong>lentur,</strong></span> <span class='ocrx_word' id='word_1_302' title='bbox 680 3520 785 3576; x_wconf 89' lang='lat' dir='ltr'><strong>scilicet</strong></span> <span class='ocrx_word' id='word_1_303' title='bbox 802 3531 832 3577; x_wconf 88' lang='lat' dir='ltr'><strong>nt</strong></span> <span class='ocrx_word' id='word_1_304' title='bbox 852 3523 895 3578; x_wconf 86' lang='lat' dir='ltr'><strong>vei</strong></span> <span class='ocrx_word' id='word_1_305' title='bbox 913 3523 953 3578; x_wconf 91' lang='lat' dir='ltr'><strong>sic</strong></span> <span class='ocrx_word' id='word_1_306' title='bbox 972 3522 1064 3578; x_wconf 86' lang='lat' dir='ltr'><strong>statim</strong></span> <span class='ocrx_word' id='word_1_307' title='bbox 1083 3520 1159 3574; x_wconf 89' lang='lat' dir='ltr'><strong>initio</strong></span> <span class='ocrx_word' id='word_1_308' title='bbox 1179 3527 1290 3590; x_wconf 78' lang='lat' dir='ltr'><strong>gustum</strong></span> <span class='ocrx_word' id='word_1_309' title='bbox 1308 3521 1438 3590; x_wconf 88' lang='lat' dir='ltr'><strong>praebeat</strong></span> <span class='ocrx_word' id='word_1_310' title='bbox 1463 3523 1601 3576; x_wconf 85' lang='lat' dir='ltr'><strong>societatis</strong></span> <span class='ocrx_word' id='word_1_311' title='bbox 1621 3524 1764 3594; x_wconf 86' lang='lat' dir='ltr'><strong>utriusque</strong></span> <span class='ocrx_word' id='word_1_312' title='bbox 1792 3521 1895 3583; x_wconf 64' lang='lat' dir='ltr'><strong>semotio</strong></span> 
     </span>
     <span class='ocr_line' id='line_1_32' title="bbox 556 3597 1894 3672; baseline 0.004 -20"><span class='ocrx_word' id='word_1_313' title='bbox 556 3597 589 3652; x_wconf 90' lang='lat' dir='ltr'><strong>in&#39;</strong></span> <span class='ocrx_word' id='word_1_314' title='bbox 602 3598 810 3668; x_wconf 84' lang='lat' dir='ltr'><strong>participatione</strong></span> <span class='ocrx_word' id='word_1_315' title='bbox 828 3601 1035 3670; x_wconf 85' lang='lat' dir='ltr'><strong>proportionum</strong></span> <span class='ocrx_word' id='word_1_316' title='bbox 1053 3597 1272 3652; x_wconf 82' lang='lat' dir='ltr'><strong>harmonicorum</strong></span> <span class='ocrx_word' id='word_1_317' title='bbox 1297 3607 1325 3652; x_wconf 86' lang='lat' dir='ltr'><strong>et</strong></span> <span class='ocrx_word' id='word_1_318' title='bbox 1343 3599 1382 3654; x_wconf 85' lang='lat' dir='ltr'><strong>sic</strong></span> <span class='ocrx_word' id='word_1_319' title='bbox 1401 3600 1538 3654; x_wconf 79' lang='lat' dir='ltr'><strong>axiomata</strong></span> <span class='ocrx_word' id='word_1_320' title='bbox 1556 3609 1725 3670; x_wconf 82' lang='lat' dir='ltr'><strong>praestruat,</strong></span> <span class='ocrx_word' id='word_1_321' title='bbox 1752 3607 1894 3672; x_wconf 80' lang='lat' dir='ltr'><strong>quibusda</strong></span> 
     </span>
     <span class='ocr_line' id='line_1_33' title="bbox 555 3675 1894 3750; baseline 0.004 -19"><span class='ocrx_word' id='word_1_322' title='bbox 555 3683 703 3741; x_wconf 86' lang='lat' dir='ltr'><strong>monstret,</strong></span> <span class='ocrx_word' id='word_1_323' title='bbox 718 3677 883 3732; x_wconf 72' lang='lat' dir='ltr'><strong>&#39;harmonias</strong></span> <span class='ocrx_word' id='word_1_324' title='bbox 907 3679 936 3732; x_wconf 90' lang='lat' dir='ltr'><strong>in</strong></span> <span class='ocrx_word' id='word_1_325' title='bbox 955 3677 1031 3732; x_wconf 88' lang='lat' dir='ltr'><strong>coeio</strong></span> <span class='ocrx_word' id='word_1_326' title='bbox 1055 3691 1123 3731; x_wconf 88' lang='lat' dir='ltr'><strong>esse.</strong></span> <span class='ocrx_word' id='word_1_327' title='bbox 1161 3675 1236 3730; x_wconf 90' lang='lat' dir='ltr'><strong>Haec</strong></span> <span class='ocrx_word' id='word_1_328' title='bbox 1261 3675 1429 3733; x_wconf 89' lang='lat' dir='ltr'><strong>discurrendi</strong></span> <span class='ocrx_word' id='word_1_329' title='bbox 1454 3680 1523 3734; x_wconf 88' lang='lat' dir='ltr'><strong>ratio</strong></span> <span class='ocrx_word' id='word_1_330' title='bbox 1548 3679 1679 3734; x_wconf 90' lang='lat' dir='ltr'><strong>lectorum</strong></span> <span class='ocrx_word' id='word_1_331' title='bbox 1699 3681 1840 3750; x_wconf 85' lang='lat' dir='ltr'><strong>aliquibus</strong></span> <span class='ocrx_word' id='word_1_332' title='bbox 1864 3685 1894 3736; x_wconf 88' lang='lat' dir='ltr'><strong>nui</strong></span> 
     </span>
     <span class='ocr_line' id='line_1_34' title="bbox 556 3753 1894 3840; baseline 0.002 -31"><span class='ocrx_word' id='word_1_333' title='bbox 556 3753 623 3810; x_wconf 86' lang='lat' dir='ltr'><strong>satis</strong></span> <span class='ocrx_word' id='word_1_334' title='bbox 640 3754 723 3808; x_wconf 81' lang='lat' dir='ltr'><strong>firma</strong></span> <span class='ocrx_word' id='word_1_335' title='bbox 742 3771 793 3810; x_wconf 86' lang='lat' dir='ltr'><strong>uec</strong></span> <span class='ocrx_word' id='word_1_336' title='bbox 810 3755 930 3825; x_wconf 79' lang='lat' dir='ltr'><strong>legitima</strong></span> <span class='ocrx_word' id='word_1_337' title='bbox 949 3763 976 3810; x_wconf 89' lang='lat' dir='ltr'><strong>et</strong></span> <span class='ocrx_word' id='word_1_338' title='bbox 994 3755 1084 3826; x_wconf 74' lang='lat' dir='ltr'><strong>logica</strong></span> <span class='ocrx_word' id='word_1_339' title='bbox 1102 3769 1162 3810; x_wconf 89' lang='lat' dir='ltr'><strong>esse</strong></span> <span class='ocrx_word' id='word_1_340' title='bbox 1181 3753 1329 3824; x_wconf 79' lang='lat' dir='ltr'><strong>videbitur,</strong></span> <span class='ocrx_word' id='word_1_341' title='bbox 1356 3757 1404 3811; x_wconf 92' lang='lat' dir='ltr'><strong>sed</strong></span> <span class='ocrx_word' id='word_1_342' title='bbox 1430 3757 1528 3812; x_wconf 87' lang='lat' dir='ltr'><strong>saltem</strong></span> <span class='ocrx_word' id='word_1_343' title='bbox 1548 3758 1710 3826; x_wconf 80' lang='lat' dir='ltr'><strong>symbolica,</strong></span> <span class='ocrx_word' id='word_1_344' title='bbox 1736 3768 1764 3813; x_wconf 89' lang='lat' dir='ltr'><strong>et</strong></span> <span class='ocrx_word' id='word_1_345' title='bbox 1791 3759 1894 3840; x_wconf 63' lang='lat' dir='ltr'><strong>sequeii</strong></span> 
     </span>
     <span class='ocr_line' id='line_1_35' title="bbox 556 3831 1894 3906; baseline 0.004 -16"><span class='ocrx_word' id='word_1_346' title='bbox 556 3849 605 3890; x_wconf 88' lang='lat' dir='ltr'><strong>ssu</strong></span> <span class='ocrx_word' id='word_1_347' title='bbox 623 3836 787 3890; x_wconf 78' lang='lat' dir='ltr'><strong>connexioni</strong></span> <span class='ocrx_word' id='word_1_348' title='bbox 808 3838 992 3906; x_wconf 87' lang='lat' dir='ltr'><strong>qualicunque</strong></span> <span class='ocrx_word' id='word_1_349' title='bbox 1015 3835 1171 3890; x_wconf 79' lang='lat' dir='ltr'><strong>fabularum</strong></span> <span class='ocrx_word' id='word_1_350' title='bbox 1190 3831 1337 3888; x_wconf 83' lang='lat' dir='ltr'><strong>Ouidionao</strong></span> <span class='ocrx_word' id='word_1_351' title='bbox 1355 3835 1610 3904; x_wconf 84' lang='lat' dir='ltr'><strong>Metamorphoseos</strong></span> <span class='ocrx_word' id='word_1_352' title='bbox 1636 3836 1756 3892; x_wconf 86' lang='lat' dir='ltr'><strong>similior.</strong></span> <span class='ocrx_word' id='word_1_353' title='bbox 1797 3843 1832 3893; x_wconf 72' lang='lat' dir='ltr'><strong>rit</strong></span> <span class='ocrx_word' id='word_1_354' title='bbox 1857 3847 1894 3897; x_wconf 82' lang='lat' dir='ltr'><strong>cui</strong></span> 
     </span>
     <span class='ocr_line' id='line_1_36' title="bbox 556 3912 1893 3989; baseline 0.003 -19"><span class='ocrx_word' id='word_1_355' title='bbox 556 3915 593 3970; x_wconf 88' lang='lat' dir='ltr'><strong>sit</strong></span> <span class='ocrx_word' id='word_1_356' title='bbox 609 3913 688 3969; x_wconf 91' lang='lat' dir='ltr'><strong>iocus</strong></span> <span class='ocrx_word' id='word_1_357' title='bbox 706 3929 805 3984; x_wconf 77' lang='lat' dir='ltr'><strong>perse</strong></span> <span class='ocrx_word' id='word_1_358' title='bbox 817 3915 957 3986; x_wconf 85' lang='lat' dir='ltr'><strong>jucundas</strong></span> <span class='ocrx_word' id='word_1_359' title='bbox 975 3923 1004 3970; x_wconf 89' lang='lat' dir='ltr'><strong>et</strong></span> <span class='ocrx_word' id='word_1_360' title='bbox 1015 3912 1110 3982; x_wconf 82' lang='lat' dir='ltr'><strong>utilis,</strong></span> <span class='ocrx_word' id='word_1_361' title='bbox 1138 3913 1267 3980; x_wconf 80' lang='lat' dir='ltr'><strong>detegens</strong></span> <span class='ocrx_word' id='word_1_362' title='bbox 1286 3914 1386 3968; x_wconf 84' lang='lat' dir='ltr'><strong>artium</strong></span> <span class='ocrx_word' id='word_1_363' title='bbox 1404 3914 1656 3970; x_wconf 85' lang='lat' dir='ltr'><strong>matirematicarum</strong></span> <span class='ocrx_word' id='word_1_364' title='bbox 1682 3933 1866 3989; x_wconf 81' lang='lat' dir='ltr'><strong>sensuumque</strong></span> <span class='ocrx_word' id='word_1_365' title='bbox 1881 3919 1893 3974; x_wconf 85' lang='lat' dir='ltr'><strong>ir·</strong></span> 
     </span>
     <span class='ocr_line' id='line_1_37' title="bbox 554 3991 1893 4066; baseline 0 -16"><span class='ocrx_word' id='word_1_366' title='bbox 554 3993 758 4050; x_wconf 76' lang='lat' dir='ltr'><strong>inservientium</strong></span> <span class='ocrx_word' id='word_1_367' title='bbox 770 3995 959 4063; x_wconf 76' lang='lat' dir='ltr'><strong>cognationem</strong></span> <span class='ocrx_word' id='word_1_368' title='bbox 977 3994 1047 4052; x_wconf 84' lang='lat' dir='ltr'><strong>inter</strong></span> <span class='ocrx_word' id='word_1_369' title='bbox 1066 4008 1097 4048; x_wconf 90' lang='lat' dir='ltr'><strong>se</strong></span> <span class='ocrx_word' id='word_1_370' title='bbox 1114 3998 1223 4060; x_wconf 87' lang='lat' dir='ltr'><strong>mutuo,</strong></span> <span class='ocrx_word' id='word_1_371' title='bbox 1247 3992 1332 4045; x_wconf 87' lang='lat' dir='ltr'><strong>lector</strong></span> <span class='ocrx_word' id='word_1_372' title='bbox 1351 3991 1562 4066; x_wconf 69' lang='lat' dir='ltr'><strong>aequusiliarn,</strong></span> <span class='ocrx_word' id='word_1_373' title='bbox 1588 4009 1754 4064; x_wconf 89' lang='lat' dir='ltr'><strong>quacunque</strong></span> <span class='ocrx_word' id='word_1_374' title='bbox 1775 3999 1893 4050; x_wconf 70' lang='lat' dir='ltr'><strong>occmios</strong></span> 
     </span>
     <span class='ocr_line' id='line_1_38' title="bbox 474 4069 1893 4146; baseline 0.006 -23"><span class='ocrx_word' id='word_1_375' title='bbox 474 4073 484 4123; x_wconf 88' lang='grc'><strong>.’</strong></span> <span class='ocrx_word' id='word_1_376' title='bbox 555 4073 734 4144; x_wconf 86' lang='lat' dir='ltr'><strong>propositam,</strong></span> <span class='ocrx_word' id='word_1_377' title='bbox 753 4082 831 4146; x_wconf 73' lang='lat' dir='ltr'><strong>grato</strong></span> <span class='ocrx_word' id='word_1_378' title='bbox 848 4074 939 4134; x_wconf 79' lang='grc' dir='ltr'>ιιιίιιιο</span> <span class='ocrx_word' id='word_1_379' title='bbox 956 4073 1083 4142; x_wconf 88' lang='lat' dir='ltr'><strong>accipiet.</strong></span> <span class='ocrx_word' id='word_1_380' title='bbox 1119 4072 1164 4126; x_wconf 85' lang='lat' dir='ltr'><strong>bie</strong></span> <span class='ocrx_word' id='word_1_381' title='bbox 1183 4071 1256 4140; x_wconf 91' lang='lat' dir='ltr'><strong>quod</strong></span> <span class='ocrx_word' id='word_1_382' title='bbox 1274 4069 1534 4138; x_wconf 73' lang='lat' dir='ltr'><strong>attinetexplicari</strong></span> <span class='ocrx_word' id='word_1_383' title='bbox 1550 4071 1609 4126; x_wconf 89' lang='lat' dir='ltr'><strong>libr.</strong></span> <span class='ocrx_word' id='word_1_384' title='bbox 1629 4073 1677 4128; x_wconf 93' lang='lat' dir='ltr'><strong>ill.</strong></span> <span class='ocrx_word' id='word_1_385' title='bbox 1696 4091 1755 4146; x_wconf 88' lang='lat' dir='ltr'><strong>cap.</strong></span> <span class='ocrx_word' id='word_1_386' title='bbox 1775 4077 1801 4144; x_wconf 82' lang='grc'><strong>3,</strong></span> <span class='ocrx_word' id='word_1_387' title='bbox 1820 4079 1893 4146; x_wconf 83' lang='lat' dir='ltr'><strong>quibu</strong></span> 
     </span>
     <span class='ocr_line' id='line_1_39' title="bbox 555 4148 1893 4222; baseline 0 -14"><span class='ocrx_word' id='word_1_388' title='bbox 555 4151 590 4208; x_wconf 79' lang='lat' dir='ltr'><strong>ds</strong></span> <span class='ocrx_word' id='word_1_389' title='bbox 608 4151 698 4219; x_wconf 83' lang='lat' dir='ltr'><strong>causis</strong></span> <span class='ocrx_word' id='word_1_390' title='bbox 716 4152 745 4208; x_wconf 89' lang='lat' dir='ltr'><strong>in</strong></span> <span class='ocrx_word' id='word_1_391' title='bbox 764 4152 887 4220; x_wconf 91' lang='lat' dir='ltr'><strong>qualibet</strong></span> <span class='ocrx_word' id='word_1_392' title='bbox 903 4169 934 4208; x_wconf 90' lang='lat' dir='ltr'><strong>re</strong></span> <span class='ocrx_word' id='word_1_393' title='bbox 951 4155 1038 4207; x_wconf 87' lang='lat' dir='ltr'><strong>totius</strong></span> <span class='ocrx_word' id='word_1_394' title='bbox 1057 4150 1177 4204; x_wconf 85' lang='lat' dir='ltr'><strong>uniuersi</strong></span> <span class='ocrx_word' id='word_1_395' title='bbox 1195 4149 1278 4204; x_wconf 89' lang='lat' dir='ltr'><strong>insint</strong></span> <span class='ocrx_word' id='word_1_396' title='bbox 1296 4148 1453 4206; x_wconf 87' lang='lat' dir='ltr'><strong>harmoniae</strong></span> <span class='ocrx_word' id='word_1_397' title='bbox 1471 4152 1652 4220; x_wconf 79' lang='lat' dir='ltr'><strong>ecquomodo</strong></span> <span class='ocrx_word' id='word_1_398' title='bbox 1673 4155 1844 4222; x_wconf 69' lang='lat' dir='ltr'><strong>inungeris,</strong></span> <span class='ocrx_word' id='word_1_399' title='bbox 1863 4171 1893 4214; x_wconf 80' lang='lat' dir='ltr'><strong>ou</strong></span> 
     </span>
     <span class='ocr_line' id='line_1_40' title="bbox 556 4217 1893 4306; baseline 0 -20"><span class='ocrx_word' id='word_1_400' title='bbox 556 4229 661 4306; x_wconf 85' lang='lat' dir='ltr'><strong>scilicet</strong></span> <span class='ocrx_word' id='word_1_401' title='bbox 678 4224 740 4286; x_wconf 86' lang='lat' dir='ltr'><strong>ideo</strong></span> <span class='ocrx_word' id='word_1_402' title='bbox 759 4231 934 4298; x_wconf 80' lang='lat' dir='ltr'><strong>singulariter</strong></span> <span class='ocrx_word' id='word_1_403' title='bbox 956 4230 1051 4285; x_wconf 89' lang='lat' dir='ltr'><strong>insunt</strong></span> <span class='ocrx_word' id='word_1_404' title='bbox 1077 4225 1105 4280; x_wconf 91' lang='lat' dir='ltr'><strong>in</strong></span> <span class='ocrx_word' id='word_1_405' title='bbox 1132 4233 1214 4282; x_wconf 89' lang='lat' dir='ltr'><strong>cantu</strong></span> <span class='ocrx_word' id='word_1_406' title='bbox 1236 4227 1318 4295; x_wconf 89' lang='lat' dir='ltr'><strong>inque</strong></span> <span class='ocrx_word' id='word_1_407' title='bbox 1345 4233 1420 4282; x_wconf 90' lang='lat' dir='ltr'><strong>nrotu</strong></span> <span class='ocrx_word' id='word_1_408' title='bbox 1438 4228 1571 4296; x_wconf 89' lang='lat' dir='ltr'><strong>siderum,</strong></span> <span class='ocrx_word' id='word_1_409' title='bbox 1598 4231 1662 4300; x_wconf 87' lang='lat' dir='ltr'><strong>qnia</strong></span> <span class='ocrx_word' id='word_1_410' title='bbox 1681 4232 1726 4286; x_wconf 90' lang='lat' dir='ltr'><strong>iric</strong></span> <span class='ocrx_word' id='word_1_411' title='bbox 1744 4231 1843 4298; x_wconf 85' lang='lat' dir='ltr'><strong>oculis,</strong></span> <span class='ocrx_word' id='word_1_412' title='bbox 1869 4217 1893 4286; x_wconf 83' lang='lat' dir='ltr'><strong>tl</strong></span> 
     </span>
     <span class='ocr_line' id='line_1_41' title="bbox 554 4301 1892 4380; baseline 0.001 -16"><span class='ocrx_word' id='word_1_413' title='bbox 554 4301 666 4364; x_wconf 79' lang='lat' dir='ltr'><strong>auduus</strong></span> <span class='ocrx_word' id='word_1_414' title='bbox 685 4309 841 4379; x_wconf 90' lang='lat' dir='ltr'><strong>percipitur,</strong></span> <span class='ocrx_word' id='word_1_415' title='bbox 859 4308 908 4362; x_wconf 92' lang='lat' dir='ltr'><strong>sed</strong></span> <span class='ocrx_word' id='word_1_416' title='bbox 921 4308 986 4378; x_wconf 92' lang='lat' dir='ltr'><strong>quia</strong></span> <span class='ocrx_word' id='word_1_417' title='bbox 1001 4305 1146 4374; x_wconf 88' lang='lat' dir='ltr'><strong>utrobique</strong></span> <span class='ocrx_word' id='word_1_418' title='bbox 1160 4314 1248 4360; x_wconf 89' lang='lat' dir='ltr'><strong>motus</strong></span> <span class='ocrx_word' id='word_1_419' title='bbox 1268 4313 1322 4374; x_wconf 88' lang='lat' dir='ltr'><strong>eat,</strong></span> <span class='ocrx_word' id='word_1_420' title='bbox 1339 4301 1453 4375; x_wconf 83' lang='lat' dir='ltr'><strong>uterque</strong></span> <span class='ocrx_word' id='word_1_421' title='bbox 1472 4315 1599 4364; x_wconf 87' lang='lat' dir='ltr'><strong>accurate</strong></span> <span class='ocrx_word' id='word_1_422' title='bbox 1618 4311 1783 4380; x_wconf 83' lang='lat' dir='ltr'><strong>percipitur,</strong></span> <span class='ocrx_word' id='word_1_423' title='bbox 1805 4322 1892 4379; x_wconf 78' lang='lat' dir='ltr'><strong>rutrrqn</strong></span> 
     </span>
     <span class='ocr_line' id='line_1_42' title="bbox 555 4383 1892 4459; baseline 0.001 -17"><span class='ocrx_word' id='word_1_424' title='bbox 555 4387 731 4456; x_wconf 89' lang='lat' dir='ltr'><strong>dispensatur</strong></span> <span class='ocrx_word' id='word_1_425' title='bbox 748 4401 783 4440; x_wconf 87' lang='lat' dir='ltr'><strong>ex</strong></span> <span class='ocrx_word' id='word_1_426' title='bbox 801 4385 913 4441; x_wconf 82' lang='lat' dir='ltr'><strong>arbitrio</strong></span> <span class='ocrx_word' id='word_1_427' title='bbox 931 4385 1046 4459; x_wconf 70' lang='lat' dir='ltr'><strong>mentis,</strong></span> <span class='ocrx_word' id='word_1_428' title='bbox 1073 4383 1228 4440; x_wconf 84' lang='lat' dir='ltr'><strong>hermenias</strong></span> <span class='ocrx_word' id='word_1_429' title='bbox 1251 4383 1429 4454; x_wconf 81' lang='lat' dir='ltr'><strong>intelligentis</strong></span> <span class='ocrx_word' id='word_1_430' title='bbox 1454 4392 1481 4438; x_wconf 89' lang='lat' dir='ltr'><strong>et</strong></span> <span class='ocrx_word' id='word_1_431' title='bbox 1507 4387 1630 4442; x_wconf 88' lang='lat' dir='ltr'><strong>amantis.</strong></span> <span class='ocrx_word' id='word_1_432' title='bbox 1669 4387 1706 4442; x_wconf 84' lang='lat' dir='ltr'><strong>Et</strong></span> <span class='ocrx_word' id='word_1_433' title='bbox 1724 4389 1784 4442; x_wconf 83' lang='lat' dir='ltr'><strong>risu</strong></span> <span class='ocrx_word' id='word_1_434' title='bbox 1809 4392 1892 4458; x_wconf 78' lang='lat' dir='ltr'><strong>quidet</strong></span> 
     </span>
     <span class='ocr_line' id='line_1_43' title="bbox 554 4457 1892 4538; baseline -0.002 -17"><span class='ocrx_word' id='word_1_435' title='bbox 554 4467 617 4534; x_wconf 85' lang='lat' dir='ltr'><strong>iux,</strong></span> <span class='ocrx_word' id='word_1_436' title='bbox 645 4463 740 4520; x_wconf 89' lang='lat' dir='ltr'><strong>auditu</strong></span> <span class='ocrx_word' id='word_1_437' title='bbox 759 4479 843 4518; x_wconf 89' lang='lat' dir='ltr'><strong>sonus</strong></span> <span class='ocrx_word' id='word_1_438' title='bbox 859 4463 1064 4538; x_wconf 88' lang='lat' dir='ltr'><strong>percipiuntur,</strong></span> <span class='ocrx_word' id='word_1_439' title='bbox 1092 4461 1149 4518; x_wconf 90' lang='lat' dir='ltr'><strong>iilic</strong></span> <span class='ocrx_word' id='word_1_440' title='bbox 1173 4457 1193 4516; x_wconf 85' lang='lat' dir='ltr'><strong>a&#39;</strong></span> <span class='ocrx_word' id='word_1_441' title='bbox 1208 4461 1352 4530; x_wconf 87' lang='lat' dir='ltr'><strong>superficie</strong></span> <span class='ocrx_word' id='word_1_442' title='bbox 1372 4477 1515 4532; x_wconf 87' lang='lat' dir='ltr'><strong>corporum</strong></span> <span class='ocrx_word' id='word_1_443' title='bbox 1540 4463 1653 4533; x_wconf 88' lang='lat' dir='ltr'><strong>delapsa</strong></span> <span class='ocrx_word' id='word_1_444' title='bbox 1673 4467 1793 4533; x_wconf 87' lang='lat' dir='ltr'><strong>species,</strong></span> <span class='ocrx_word' id='word_1_445' title='bbox 1821 4463 1892 4520; x_wconf 78' lang='lat' dir='ltr'><strong>bird</strong></span> 
     </span>
     <span class='ocr_line' id='line_1_44' title="bbox 553 4540 1892 4615; baseline -0.001 -17"><span class='ocrx_word' id='word_1_446' title='bbox 553 4545 616 4615; x_wconf 84' lang='lat' dir='ltr'><strong>ipsa</strong></span> <span class='ocrx_word' id='word_1_447' title='bbox 634 4543 805 4612; x_wconf 79' lang='lat' dir='ltr'><strong>corpulentia</strong></span> <span class='ocrx_word' id='word_1_448' title='bbox 827 4557 929 4606; x_wconf 87' lang='lat' dir='ltr'><strong>rerum,</strong></span> <span class='ocrx_word' id='word_1_449' title='bbox 959 4548 990 4596; x_wconf 89' lang='lat' dir='ltr'><strong>nt</strong></span> <span class='ocrx_word' id='word_1_450' title='bbox 1013 4547 1078 4596; x_wconf 89' lang='lat' dir='ltr'><strong>suni</strong></span> <span class='ocrx_word' id='word_1_451' title='bbox 1100 4540 1128 4593; x_wconf 87' lang='lat' dir='ltr'><strong>in</strong></span> <span class='ocrx_word' id='word_1_452' title='bbox 1146 4545 1224 4595; x_wconf 84' lang='lat' dir='ltr'><strong>motu</strong></span> <span class='ocrx_word' id='word_1_453' title='bbox 1242 4543 1415 4598; x_wconf 79' lang='lat' dir='ltr'><strong>constituite.</strong></span> <span class='ocrx_word' id='word_1_454' title='bbox 1452 4543 1550 4611; x_wconf 85' lang='lat' dir='ltr'><strong>Itaque</strong></span> <span class='ocrx_word' id='word_1_455' title='bbox 1573 4559 1607 4597; x_wconf 86' lang='lat' dir='ltr'><strong>ex</strong></span> <span class='ocrx_word' id='word_1_456' title='bbox 1626 4543 1684 4597; x_wconf 85' lang='lat' dir='ltr'><strong>risu</strong></span> <span class='ocrx_word' id='word_1_457' title='bbox 1714 4545 1836 4614; x_wconf 86' lang='lat' dir='ltr'><strong>simplice</strong></span> <span class='ocrx_word' id='word_1_458' title='bbox 1860 4563 1892 4598; x_wconf 78' lang='lat' dir='ltr'><strong>nur</strong></span> 
     </span>
     <span class='ocr_line' id='line_1_45' title="bbox 551 4614 1891 4694; baseline -0.004 -15"><span class='ocrx_word' id='word_1_459' title='bbox 551 4624 707 4694; x_wconf 85' lang='lat' dir='ltr'><strong>judicamus</strong></span> <span class='ocrx_word' id='word_1_460' title='bbox 719 4614 760 4676; x_wconf 87' lang='lat' dir='ltr'><strong>de</strong></span> <span class='ocrx_word' id='word_1_461' title='bbox 776 4622 905 4690; x_wconf 74' lang='lat' dir='ltr'><strong>interum,</strong></span> <span class='ocrx_word' id='word_1_462' title='bbox 933 4621 985 4674; x_wconf 89' lang='lat' dir='ltr'><strong>uisi</strong></span> <span class='ocrx_word' id='word_1_463' title='bbox 1003 4619 1118 4676; x_wconf 89' lang='lat' dir='ltr'><strong>accedat</strong></span> <span class='ocrx_word' id='word_1_464' title='bbox 1143 4617 1312 4688; x_wconf 83' lang='lat' dir='ltr'><strong>experientia</strong></span> <span class='ocrx_word' id='word_1_465' title='bbox 1330 4635 1421 4674; x_wconf 85' lang='lat' dir='ltr'><strong>rurum</strong></span> <span class='ocrx_word' id='word_1_466' title='bbox 1439 4619 1606 4675; x_wconf 88' lang='lat' dir='ltr'><strong>internarum</strong></span> <span class='ocrx_word' id='word_1_467' title='bbox 1633 4623 1667 4676; x_wconf 87' lang='lat' dir='ltr'><strong>ab</strong></span> <span class='ocrx_word' id='word_1_468' title='bbox 1687 4625 1808 4678; x_wconf 88' lang='lat' dir='ltr'><strong>externis</strong></span> <span class='ocrx_word' id='word_1_469' title='bbox 1834 4639 1891 4676; x_wconf 83' lang='lat' dir='ltr'><strong>nexu</strong></span> 
     </span>
     <span class='ocr_line' id='line_1_46' title="bbox 555 4693 1891 4771; baseline -0.004 -12"><span class='ocrx_word' id='word_1_470' title='bbox 555 4721 624 4771; x_wconf 86' lang='lat' dir='ltr'><strong>rnrn,</strong></span> <span class='ocrx_word' id='word_1_471' title='bbox 642 4708 674 4756; x_wconf 88' lang='grc' dir='ltr'><strong>ιιι</strong></span> <span class='ocrx_word' id='word_1_472' title='bbox 690 4717 725 4756; x_wconf 87' lang='lat' dir='ltr'><strong>ex</strong></span> <span class='ocrx_word' id='word_1_473' title='bbox 745 4699 839 4756; x_wconf 68' lang='lat' dir='ltr'><strong>suffitu</strong></span> <span class='ocrx_word' id='word_1_474' title='bbox 856 4697 926 4765; x_wconf 90' lang='lat' dir='ltr'><strong>soni,</strong></span> <span class='ocrx_word' id='word_1_475' title='bbox 945 4697 980 4753; x_wconf 91' lang='lat' dir='ltr'><strong>de</strong></span> <span class='ocrx_word' id='word_1_476' title='bbox 997 4697 1111 4752; x_wconf 84' lang='lat' dir='ltr'><strong>internis</strong></span> <span class='ocrx_word' id='word_1_477' title='bbox 1129 4695 1244 4752; x_wconf 86' lang='lat' dir='ltr'><strong>iacimus</strong></span> <span class='ocrx_word' id='word_1_478' title='bbox 1261 4698 1399 4767; x_wconf 86' lang='lat' dir='ltr'><strong>propriam</strong></span> <span class='ocrx_word' id='word_1_479' title='bbox 1411 4693 1605 4766; x_wconf 76' lang='lat' dir='ltr'><strong>conjecturam.</strong></span> <span class='ocrx_word' id='word_1_480' title='bbox 1642 4700 1731 4756; x_wconf 83' lang='lat' dir='ltr'><strong>Aliter</strong></span> <span class='ocrx_word' id='word_1_481' title='bbox 1743 4703 1826 4770; x_wconf 75' lang='lat' dir='ltr'><strong>igitur</strong></span> <span class='ocrx_word' id='word_1_482' title='bbox 1837 4699 1891 4755; x_wconf 88' lang='lat' dir='ltr'><strong>andi</strong></span> 
     </span>
     <span class='ocr_line' id='line_1_47' title="bbox 491 4773 1891 4846; baseline -0.004 -9"><span class='ocrx_word' id='word_1_483' title='bbox 491 4837 494 4842; x_wconf 82' lang='grc'>,</span> <span class='ocrx_word' id='word_1_484' title='bbox 556 4790 603 4838; x_wconf 81' lang='grc' dir='ltr'><strong>ιιι</strong></span> <span class='ocrx_word' id='word_1_485' title='bbox 620 4780 655 4835; x_wconf 91' lang='lat' dir='ltr'><strong>de</strong></span> <span class='ocrx_word' id='word_1_486' title='bbox 673 4787 756 4836; x_wconf 82' lang='lat' dir='ltr'><strong>cantu</strong></span> <span class='ocrx_word' id='word_1_487' title='bbox 775 4785 907 4845; x_wconf 86' lang='lat' dir='ltr'><strong>testatur,</strong></span> <span class='ocrx_word' id='word_1_488' title='bbox 937 4776 1017 4830; x_wconf 87' lang='lat' dir='ltr'><strong>aliter</strong></span> <span class='ocrx_word' id='word_1_489' title='bbox 1034 4776 1109 4838; x_wconf 80' lang='lat' dir='ltr'><strong>visus</strong></span> <span class='ocrx_word' id='word_1_490' title='bbox 1129 4775 1162 4832; x_wconf 89' lang='lat' dir='ltr'><strong>de</strong></span> <span class='ocrx_word' id='word_1_491' title='bbox 1182 4773 1363 4832; x_wconf 82' lang='lat' dir='ltr'><strong>coelestibus:</strong></span> <span class='ocrx_word' id='word_1_492' title='bbox 1392 4775 1433 4830; x_wconf 94' lang='lat' dir='ltr'><strong>illi</strong></span> <span class='ocrx_word' id='word_1_493' title='bbox 1452 4793 1536 4832; x_wconf 89' lang='lat' dir='ltr'><strong>sonus</strong></span> <span class='ocrx_word' id='word_1_494' title='bbox 1563 4779 1631 4832; x_wconf 85' lang='lat' dir='ltr'><strong>iacit</strong></span> <span class='ocrx_word' id='word_1_495' title='bbox 1651 4778 1780 4836; x_wconf 82' lang='lat' dir='ltr'><strong>indicium</strong></span> <span class='ocrx_word' id='word_1_496' title='bbox 1798 4779 1891 4846; x_wconf 80' lang='lat' dir='ltr'><strong>iungitur</strong></span> 
     </span>
     <span class='ocr_line' id='line_1_48' title="bbox 556 4852 1891 4924; baseline -0.008 -9"><span class='ocrx_word' id='word_1_497' title='bbox 556 4859 627 4915; x_wconf 87' lang='lat' dir='ltr'><strong>dinis</strong></span> <span class='ocrx_word' id='word_1_498' title='bbox 646 4865 675 4913; x_wconf 88' lang='lat' dir='ltr'><strong>et</strong></span> <span class='ocrx_word' id='word_1_499' title='bbox 691 4857 822 4912; x_wconf 87' lang='lat' dir='ltr'><strong>tensionis</strong></span> <span class='ocrx_word' id='word_1_500' title='bbox 846 4853 1008 4911; x_wconf 84' lang='lat' dir='ltr'><strong>chordarum</strong></span> <span class='ocrx_word' id='word_1_501' title='bbox 1031 4861 1098 4922; x_wconf 83' lang='lat' dir='ltr'><strong>etc,</strong></span> <span class='ocrx_word' id='word_1_502' title='bbox 1126 4852 1224 4922; x_wconf 89' lang='lat' dir='ltr'><strong>quibus</strong></span> <span class='ocrx_word' id='word_1_503' title='bbox 1249 4852 1421 4908; x_wconf 88' lang='lat' dir='ltr'><strong>continentur</strong></span> <span class='ocrx_word' id='word_1_504' title='bbox 1445 4853 1618 4922; x_wconf 61' lang='lat' dir='ltr'><strong>hannoniae,</strong></span> <span class='ocrx_word' id='word_1_505' title='bbox 1647 4855 1711 4910; x_wconf 86' lang='lat' dir='ltr'><strong>huic</strong></span> <span class='ocrx_word' id='word_1_506' title='bbox 1733 4858 1833 4924; x_wconf 71' lang='lat' dir='ltr'><strong>anguli,</strong></span> <span class='ocrx_word' id='word_1_507' title='bbox 1859 4855 1891 4908; x_wconf 77' lang='lat' dir='ltr'><strong>sui</strong></span> 
     </span>
     <span class='ocr_line' id='line_1_49' title="bbox 556 4929 1891 5007; baseline -0.001 -15"><span class='ocrx_word' id='word_1_508' title='bbox 556 4937 655 5007; x_wconf 88' lang='lat' dir='ltr'><strong>quibus</strong></span> <span class='ocrx_word' id='word_1_509' title='bbox 674 4936 804 4992; x_wconf 87' lang='lat' dir='ltr'><strong>coelestia</strong></span> <span class='ocrx_word' id='word_1_510' title='bbox 822 4935 961 5003; x_wconf 88' lang='lat' dir='ltr'><strong>ridentur,</strong></span> <span class='ocrx_word' id='word_1_511' title='bbox 989 4948 1045 4987; x_wconf 89' lang='lat' dir='ltr'><strong>non</strong></span> <span class='ocrx_word' id='word_1_512' title='bbox 1061 4931 1184 5002; x_wconf 84' lang='lat' dir='ltr'><strong>produnt</strong></span> <span class='ocrx_word' id='word_1_513' title='bbox 1203 4929 1321 4992; x_wconf 84' lang='lat' dir='ltr'><strong>visarum</strong></span> <span class='ocrx_word' id='word_1_514' title='bbox 1341 4947 1430 4986; x_wconf 90' lang='lat' dir='ltr'><strong>rerum</strong></span> <span class='ocrx_word' id='word_1_515' title='bbox 1450 4931 1645 5004; x_wconf 79' lang='lat' dir='ltr'><strong>quantitatem,</strong></span> <span class='ocrx_word' id='word_1_516' title='bbox 1666 4931 1714 4987; x_wconf 89' lang='lat' dir='ltr'><strong>sed</strong></span> <span class='ocrx_word' id='word_1_517' title='bbox 1733 4939 1764 4987; x_wconf 87' lang='lat' dir='ltr'><strong>nt</strong></span> <span class='ocrx_word' id='word_1_518' title='bbox 1780 4935 1841 4988; x_wconf 83' lang='lat' dir='ltr'><strong>hoec</strong></span> <span class='ocrx_word' id='word_1_519' title='bbox 1860 4935 1891 4990; x_wconf 86' lang='lat' dir='ltr'><strong>ira</strong></span> 
     </span>
     <span class='ocr_line' id='line_1_50' title="bbox 556 5009 1890 5085; baseline -0.003 -15"><span class='ocrx_word' id='word_1_520' title='bbox 556 5016 668 5085; x_wconf 89' lang='lat' dir='ltr'><strong>beatur,</strong></span> <span class='ocrx_word' id='word_1_521' title='bbox 692 5017 801 5085; x_wconf 85' lang='lat' dir='ltr'><strong>oportet</strong></span> <span class='ocrx_word' id='word_1_522' title='bbox 818 5013 872 5068; x_wconf 88' lang='lat' dir='ltr'><strong>alia</strong></span> <span class='ocrx_word' id='word_1_523' title='bbox 889 5011 971 5082; x_wconf 90' lang='lat' dir='ltr'><strong>plura</strong></span> <span class='ocrx_word' id='word_1_524' title='bbox 988 5028 1038 5081; x_wconf 89' lang='lat' dir='ltr'><strong>per</strong></span> <span class='ocrx_word' id='word_1_525' title='bbox 1056 5009 1231 5081; x_wconf 81' lang='lat' dir='ltr'><strong>longissimas</strong></span> <span class='ocrx_word' id='word_1_526' title='bbox 1251 5009 1422 5066; x_wconf 73' lang='lat' dir='ltr'><strong>inductiones</strong></span> <span class='ocrx_word' id='word_1_527' title='bbox 1442 5013 1580 5068; x_wconf 90' lang='lat' dir='ltr'><strong>accedere.</strong></span> <span class='ocrx_word' id='word_1_528' title='bbox 1618 5013 1744 5068; x_wconf 88' lang='lat' dir='ltr'><strong>Vicissim</strong></span> <span class='ocrx_word' id='word_1_529' title='bbox 1763 5025 1802 5070; x_wconf 86' lang='lat' dir='ltr'><strong>est</strong></span> <span class='ocrx_word' id='word_1_530' title='bbox 1819 5015 1890 5082; x_wconf 77' lang='lat' dir='ltr'><strong>aliqu.</strong></span> 
     </span>
     <span class='ocr_line' id='line_1_51' title="bbox 556 5087 1890 5166; baseline -0.007 -17"><span class='ocrx_word' id='word_1_531' title='bbox 556 5087 653 5162; x_wconf 68' lang='lat' dir='ltr'><strong>lictum</strong></span> <span class='ocrx_word' id='word_1_532' title='bbox 671 5109 800 5148; x_wconf 86' lang='lat' dir='ltr'><strong>sensurum</strong></span> <span class='ocrx_word' id='word_1_533' title='bbox 820 5091 975 5160; x_wconf 86' lang='lat' dir='ltr'><strong>similitude,</strong></span> <span class='ocrx_word' id='word_1_534' title='bbox 995 5087 1077 5162; x_wconf 85' lang='lat' dir='ltr'><strong>quam</strong></span> <span class='ocrx_word' id='word_1_535' title='bbox 1096 5089 1430 5160; x_wconf 59' lang='lat' dir='ltr'><strong>Quoravitffliolemaen&#39;s,</strong></span> <span class='ocrx_word' id='word_1_536' title='bbox 1450 5089 1531 5159; x_wconf 81' lang='lat' dir='ltr'><strong>hujus</strong></span> <span class='ocrx_word' id='word_1_537' title='bbox 1548 5089 1603 5146; x_wconf 90' lang='lat' dir='ltr'><strong>ioci</strong></span> <span class='ocrx_word' id='word_1_538' title='bbox 1620 5097 1744 5164; x_wconf 86' lang='lat' dir='ltr'><strong>propria,</strong></span> <span class='ocrx_word' id='word_1_539' title='bbox 1764 5095 1829 5166; x_wconf 87' lang='lat' dir='ltr'><strong>quod</strong></span> <span class='ocrx_word' id='word_1_540' title='bbox 1847 5111 1890 5148; x_wconf 65' lang='lat' dir='ltr'><strong>son</strong></span> 
     </span>
     <span class='ocr_line' id='line_1_52' title="bbox 556 5159 1890 5244; baseline -0.004 -17"><span class='ocrx_word' id='word_1_541' title='bbox 556 5159 665 5244; x_wconf 87' lang='lat' dir='ltr'><strong>quidem</strong></span> <span class='ocrx_word' id='word_1_542' title='bbox 683 5179 711 5226; x_wconf 90' lang='lat' dir='ltr'><strong>et</strong></span> <span class='ocrx_word' id='word_1_543' title='bbox 728 5181 825 5242; x_wconf 80' lang='lat' dir='ltr'><strong>cantus</strong></span> <span class='ocrx_word' id='word_1_544' title='bbox 839 5161 977 5226; x_wconf 78' lang='lat' dir='ltr'><strong>bemanus</strong></span> <span class='ocrx_word' id='word_1_545' title='bbox 996 5169 1090 5224; x_wconf 88' lang='lat' dir='ltr'><strong>auditu</strong></span> <span class='ocrx_word' id='word_1_546' title='bbox 1108 5167 1313 5238; x_wconf 84' lang='lat' dir='ltr'><strong>percipiuntur,</strong></span> <span class='ocrx_word' id='word_1_547' title='bbox 1332 5175 1422 5222; x_wconf 89' lang='lat' dir='ltr'><strong>motus</strong></span> <span class='ocrx_word' id='word_1_548' title='bbox 1433 5183 1507 5236; x_wconf 87' lang='lat' dir='ltr'><strong>vero,</strong></span> <span class='ocrx_word' id='word_1_549' title='bbox 1528 5169 1654 5225; x_wconf 87' lang='lat' dir='ltr'><strong>coelestis</strong></span> <span class='ocrx_word' id='word_1_550' title='bbox 1674 5171 1825 5234; x_wconf 82' lang='lat' dir='ltr'><strong>harmoniae</strong></span> <span class='ocrx_word' id='word_1_551' title='bbox 1843 5171 1890 5224; x_wconf 88' lang='lat' dir='ltr'><strong>sub</strong></span> 
     </span>
     <span class='ocr_line' id='line_1_53' title="bbox 446 5246 1890 5322; baseline -0.005 -14"><span class='ocrx_word' id='word_1_552' title='bbox 446 5281 457 5292; x_wconf 69' lang='lat'><strong>.</strong></span> <span class='ocrx_word' id='word_1_553' title='bbox 554 5249 672 5322; x_wconf 79' lang='lat' dir='ltr'><strong>lectum,</strong></span> <span class='ocrx_word' id='word_1_554' title='bbox 697 5251 757 5305; x_wconf 84' lang='lat' dir='ltr'><strong>risu</strong></span> <span class='ocrx_word' id='word_1_555' title='bbox 776 5266 824 5308; x_wconf 85' lang='lat' dir='ltr'><strong>seu</strong></span> <span class='ocrx_word' id='word_1_556' title='bbox 843 5248 935 5322; x_wconf 85' lang='lat' dir='ltr'><strong>aliqua</strong></span> <span class='ocrx_word' id='word_1_557' title='bbox 958 5247 1031 5306; x_wconf 81' lang='lat' dir='ltr'><strong>risus</strong></span> <span class='ocrx_word' id='word_1_558' title='bbox 1050 5246 1328 5317; x_wconf 78' lang='lat' dir='ltr'><strong>analoga-facultate,</strong></span> <span class='ocrx_word' id='word_1_559' title='bbox 1358 5261 1428 5318; x_wconf 91' lang='lat' dir='ltr'><strong>quae</strong></span> <span class='ocrx_word' id='word_1_560' title='bbox 1454 5247 1490 5306; x_wconf 84' lang='lat' dir='ltr'><strong>sii</strong></span> <span class='ocrx_word' id='word_1_561' title='bbox 1506 5247 1535 5304; x_wconf 88' lang='lat' dir='ltr'><strong>in</strong></span> <span class='ocrx_word' id='word_1_562' title='bbox 1554 5249 1634 5320; x_wconf 67' lang='lat' dir='ltr'><strong>Sole,</strong></span> <span class='ocrx_word' id='word_1_563' title='bbox 1662 5251 1761 5320; x_wconf 83' lang='lat' dir='ltr'><strong>partim</strong></span> <span class='ocrx_word' id='word_1_564' title='bbox 1785 5247 1890 5306; x_wconf 74' lang='lat' dir='ltr'><strong>edacis</strong></span> 
     </span>
    </p>
   </div>
   <div class='ocr_carea' id='block_1_5' title="bbox 0 0 2126 6384">
    <p class='ocr_par' dir='ltr' id='par_1_6' title="bbox 0 0 2126 6384">
     <span class='ocr_line' id='line_1_54' title="bbox 0 0 2126 6384; baseline 0 2"><span class='ocrx_word' id='word_1_565' title='bbox 0 0 2126 6384; x_wconf 95' lang='lat' dir='ltr'><strong> </strong></span> 
     </span>
    </p>
   </div>
  </div>
 </body>
</html>
