4242 6384
534 793 594 856 878
1044 791 1193 852 etotcnmi
1210 789 1367 850 Hamnls.

533 965 585 1020 lsoc
603 967 690 1035 magis
712 966 777 1022 illae
794 975 850 1024 tem
868 966 991 1036 singulae
1013 968 1071 1024 suis
1089 967 1200 1030 nonus.
1227 984 1308 1036 quam
1327 967 1471 1024 universae
1490 967 1594 1036 jandin
1619 969 1711 1038 operis
1731 979 1854 1040 etms

532 1053 561 1100 et
578 1047 735 1114 conspirent
751 1047 788 1103 ad
804 1053 908 1105 certum
927 1062 1006 1116 opus.
1043 1048 1118 1102 Haec
1136 1053 1180 1100 est
1202 1060 1286 1101 causa
1303 1045 1435 1105 natnmlis
1453 1051 1482 1102 et
1498 1046 1646 1115 generalis,
1669 1048 1787 1116 snpesior
1800 1058 1856 1102 ans·

533 1138 586 1192 que
603 1139 692 1178 reram
716 1125 761 1180 lsic
779 1135 1010 1194 comparatorum,
1035 1124 1100 1196 qnia
1119 1123 1249 1178 informat
1265 1141 1320 1178 non
1338 1131 1444 1180 tentum
1465 1123 1628 1180 fucinum
1644 1123 1753 1180 auditos
1775 1126 1805 1179 sd
1819 1126 1857 1180 dis
1889 1144 1890 1185 i

532 1203 683 1258 cernendos
701 1219 784 1260 sonos
809 1211 837 1260 et
855 1205 1070 1272 dignoscendum
1088 1219 1237 1272 congruum
1259 1201 1294 1256 sb
1312 1195 1488 1272 incongruo,⁸
1501 1200 1592 1271 adqps
1617 1201 1815 1258 delectationem
1829 1220 1860 1258 ce

531 1281 658 1350 piendam
677 1298 711 1336 ex
731 1283 871 1351 congruis.
898 1281 1017 1338 dolerem
1042 1297 1075 1336 ex
1093 1281 1265 1350 incongruis,
1290 1281 1338 1336 sed
1356 1282 1484 1336 iniosmat
1501 1282 1584 1338 esian
1605 1290 1663 1336 tam
1681 1290 1800 1338 nuaram
1815 1283 1862 1338 sni

532 1365 662 1430 tanmem,
681 1377 751 1432 quac
770 1369 812 1417 est
830 1361 920 1418 anima
938 1361 1048 1419 Terrae.
1068 1374 1150 1429 qnam
1168 1360 1272 1415 animas
1291 1371 1452 1415 cunctorum
1469 1362 1625 1419 visentium.
1644 1360 1679 1431 ad
1692 1362 1862 1417 memmio

533 1451 582 1490 sou
602 1439 718 1506 angulos
736 1441 872 1498 radiorum
892 1442 1016 1496 binorum
1035 1443 1063 1496 in
1077 1441 1163 1495 Terra
1180 1439 1322 1507 inroratus,
1341 1455 1390 1494 sen
1402 1455 1545 1496 mensures
1560 1455 1664 1508 eorum,
1681 1455 1762 1498 arcus
1773 1442 1864 1495 rodiam

531 1513 675 1572 distinctos
694 1533 710 1572 a
728 1527 787 1574 toto
807 1537 856 1588 per
874 1519 1009 1588 objectum
1029 1520 1144 1575 duorum
1162 1533 1308 1587 corporum
1325 1518 1553 1586 planetariorum,
1578 1526 1608 1571 et
1625 1518 1817 1587 commendes
1830 1535 1865 1572 cos

534 1609 596 1649 cnm
615 1595 727 1652 zodiaco
746 1605 820 1666 toto,
840 1606 870 1652 nt
889 1597 1040 1666 siquando
1060 1597 1264 1666 proportionem
1281 1597 1466 1652 harmonicam
1488 1597 1696 1667 deprehendant
1716 1599 1789 1653 inter
1802 1599 1865 1652 talen

532 1679 638 1741 punem
657 1683 684 1728 et
702 1683 798 1744 totum,
817 1691 832 1731 e
851 1676 965 1746 vestigio
982 1676 1037 1730 sint
1055 1689 1197 1743 operosae,
1216 1667 1263 1728 ille
1281 1675 1390 1744 quidem
1408 1677 1435 1729 in
1448 1677 1588 1735 eliciendis
1599 1674 1722 1731 innuet
1733 1676 1864 1744 umoribus

530 1767 566 1807 ox
590 1751 689 1820 quibus
713 1754 933 1821 messenium,
960 1753 1029 1807 istae
1051 1753 1162 1808 veroin
1179 1751 1298 1806 motibus
1315 1752 1373 1807 sois
1390 1753 1622 1810 consedentibus
1651 1752 1761 1821 ltaque
1781 1753 1865 1820 quotie

532 1830 603 1885 dnae
622 1831 742 1888 chordae
760 1833 912 1902 aequaliter
930 1841 1026 1888 tensae
1044 1831 1116 1886 inter
1134 1847 1164 1885 se
1181 1839 1350 1898 consonant,
1373 1830 1457 1886 tedes
1474 1829 1592 1888 inemtas
1609 1831 1720 1886 andum
1737 1830 1867 1888 mamis

531 1909 600 1964 sima
618 1925 652 1964 ex
671 1908 805 1981 longiore,
831 1912 872 1966 vti
892 1911 913 1964 si
932 1911 1000 1966 haec
1019 1909 1108 1964 minor
1126 1909 1210 1978 duplo
1228 1907 1365 1977 reliquae,
1390 1917 1455 1964 tunc
1480 1925 1516 1965 ex
1533 1909 1693 1969 alterutrius
1718 1908 1804 1980 duplo
1818 1925 1867 1976 qne

529 1984 662 2056 druplove
690 1988 757 2044 facit
780 1989 923 2058 circulum,
951 1996 1056 2056 etqua
1079 1988 1168 2056 figura
1192 1985 1311 2054 regulari
1339 1989 1367 2042 iu
1398 1987 1451 2042 hoc
1469 1986 1572 2042 circqu
1596 1987 1759 2056 designetur
1775 1987 1868 2054 reliqna,

533 2071 665 2134 tanquam
681 2083 747 2136 pars
764 2069 792 2122 in
810 2067 893 2136 hspes
911 2067 1005 2122 circuli
1023 2067 1150 2133 semisse,
1175 2064 1338 2120 considerat
1374 2065 1411 2119 Et
1436 2065 1465 2120 in
1482 2065 1596 2126 aodmoo
1613 2067 1719 2122 nussnm
1741 2067 1775 2122 tic
1790 2077 1869 2120 statuo

532 2141 653 2209 initiam,
682 2160 733 2201 nac
750 2145 820 2201 ratio
838 2145 955 2202 habetur
976 2145 1007 2200 12
1025 2142 1179 2213 aequalium
1197 2144 1366 2212 portionum,
1383 2159 1454 2214 qnae
1472 2143 1550 2213 signs
1567 2145 1709 2212 dicuntur,
1734 2145 1787 2200 sed
1802 2143 1871 2210 requ-

532 2227 630 2278 runtnr
650 2221 704 2277 dno
723 2222 849 2292 planetae
866 2223 926 2278 sun
945 2238 992 2290 eo,
1017 2221 1052 2278 ad
1070 2221 1241 2276 formandum
1260 2224 1420 2292 'aspectum
1450 2223 1605 2293 ubicunque
1626 2224 1685 2292 J'ans
1706 2225 1783 2280 alter
1797 2239 1871 2278 eamn

533 2297 665 2368 canutus,
682 2299 746 2358 inde
765 2308 875 2372 putatur
892 2299 986 2358 circuli
1004 2299 1117 2356 initium.
1154 2300 1230 2355 llaec
1248 2299 1332 2368 igitur
1354 2310 1397 2357 est
1415 2303 1495 2358 unius
1512 2306 1578 2358 sera
1597 2311 1627 2358 et
1643 2301 1781 2356 muralis
1796 2315 1870 2356 causa

532 2391 582 2430 cur
603 2378 699 2434 merim
724 2387 916 2450 comparentur
943 2384 1071 2447 aspectus
1091 2376 1194 2447 singuli
1217 2393 1278 2434 cum
1303 2377 1417 2448 singulis
1442 2381 1628 2436 consonantiis
1654 2396 1710 2436 non
1737 2379 1890 2437 minorime

533 2471 614 2526 quam
632 2455 776 2528 diapason,
802 2459 906 2530 quippe
924 2467 1069 2526 utrumque
1091 2456 1206 2513 effectus
1223 2465 1268 2514 est
1284 2460 1365 2516 unius
1386 2467 1416 2512 et
1432 2458 1556 2527 ejsudem
1578 2474 1680 2516 caueae
1697 2457 1871 2527 uchetppiesa
1889 2446 1890 2513 l

532 2533 560 2590 in
584 2533 675 2592 anima
698 2536 842 2594 eminentis
869 2539 1037 2606 sentiensque
1062 2551 1216 2596 mensorem
1240 2535 1447 2604 quantitativum
1468 2537 1560 2599 habet
1597 2537 1802 2594 Consonantise
1819 2518 1890 2607 sual

533 2625 604 2681 qnae
622 2621 687 2674 sont
703 2615 821 2672 minoem
839 2633 920 2686 qnam
940 2615 1082 2685 diapason,
1099 2614 1203 2670 habent
1216 2613 1275 2682 jnm
1295 2614 1525 2684 comparationem
1541 2630 1605 2672 cum
1618 2615 1782 2684 aspectibus
1799 2629 1873 2668 secun

531 2691 643 2762 dariam,
660 2700 796 2762 quatenns
814 2695 918 2750 scilicet
940 2693 1002 2748 illae
1021 2709 1070 2762 per
1087 2692 1255 2748 seditionem
1273 2692 1368 2760 nnius,
1393 2691 1508 2746 duousm
1534 2692 1577 2748 sel
1599 2695 1685 2748 mum
1705 2694 1837 2763 diapason
1849 2705 1890 2767 es¹

529 2769 680 2828 moritus
704 2771 773 2828 finnt
800 2771 929 2840 maiores,
954 2773 1130 2840 nasciturque
1154 2771 1223 2828 haec
1247 2771 1365 2840 angendi
1388 2769 1499 2830 licentia
1525 2772 1691 2842 exlegibus
1717 2769 1890 2849 rectitudini}

532 2845 697 2904 chordarum
715 2850 827 2904 seorsim
846 2857 925 2909 exus
942 2850 1082 2906 cuculum.
1119 2851 1158 2904 et
1175 2850 1233 2909 toni
1251 2849 1466 2918 repraesentatio
1484 2849 1513 2904 in
1531 2849 1634 2906 circuio
1651 2848 1727 2904 nulla
1745 2857 1807 2915 est,
1822 2852 1890 2915 qnaet

532 2926 641 2996 quidem
660 2927 695 2982 ad
713 2929 828 2984 eandem
844 2944 966 2986 normam
984 2928 1116 2998 quadram
1133 2927 1226 2984 nullus
1243 2929 1315 2984 enim
1332 2936 1462 2997 aspectus
1481 2937 1535 2996 est,
1557 2928 1636 2997 ciuus
1653 2941 1736 2982 arcus
1755 2941 1817 2980 cnm
1831 2933 1890 2978 tou¹

533 3003 634 3064 cucula
653 3015 826 3075 comparatus
845 3007 969 3076 designet
986 3006 1191 3080 proportionem
1208 3008 1434 3075 sesquioctavam
1472 3009 1594 3075 Cumque
1615 3005 1835 3069 inharmonice,
1856 3016 1890 3054 ns¹

533 3100 604 3152 quse
625 3083 713 3140 multo
727 3085 865 3153 maiorem
889 3087 1046 3144 serietatem
1072 3084 1263 3154 complectitur
1284 3102 1367 3154 quum
1390 3084 1460 3156 ratio
1481 3093 1654 3153 aspectuum,
1682 3097 1753 3138 usna
1778 3080 1832 3136 toni
1851 3080 1890 3153 sis}

533 3161 677 3230 multiplex
702 3163 738 3217 'ad
764 3163 899 3218 sectiones
923 3163 1167 3219 consonantiarum
1189 3166 1217 3219 in
1239 3175 1332 3234 partes
1354 3165 1516 3227 concinnas,
1543 3164 1571 3218 iu
1598 3161 1752 3231 annalogia
1776 3161 1890 3216 vicissim

534 3240 610 3298 nella
633 3257 684 3296 nos
706 3250 786 3310 suget
808 3243 971 3310 necessitas,
999 3249 1028 3300 ut
1053 3248 1181 3310 aspectus
1203 3242 1355 3298 dividamus
1380 3243 1409 3298 in
1434 3249 1528 3312 partes
1553 3243 1693 3312 analogaa
1734 3239 1799 3296 Illic
1822 3241 1877 3293 enin

535 3319 637 3389 gradus
655 3327 832 3390 quaeruntur,
850 3337 900 3390 per
919 3336 988 3390 qnos
1007 3327 1105 3376 cantus
1124 3326 1255 3390 transeat,
1273 3321 1318 3376 hic
1334 3320 1436 3390 gratim
1454 3320 1521 3376 nulli
1534 3319 1645 3390 dantur,
1660 3321 1767 3390 quibus
1784 3319 1878 3388 planen

534 3398 680 3470 aplansta
698 3408 840 3468 separetur
857 3401 941 3458 veluti
959 3415 1009 3470 per
1026 3399 1123 3462 saltus,
1142 3413 1203 3454 cum
1222 3400 1352 3456 continua
1370 3399 1407 3459 sit
1424 3398 1539 3454 duorum
1558 3397 1726 3455 abinvicem
1746 3396 1877 3466 sopanus.

532 3477 707 3545 Supervacua
730 3478 879 3546 igiturest
903 3479 1069 3548 comparatio
1092 3475 1150 3530 toni
1170 3493 1238 3532 cnm
1263 3477 1444 3546 astrologicis.
1480 3478 1557 3536 Haec
1582 3479 1651 3536 satu
1676 3494 1730 3548 pro
1756 3473 1878 3547 praesent

532 3554 660 3624 materis;
678 3561 770 3614 estem
787 3564 916 3625 potentin
934 3572 968 3612 ex
986 3571 1047 3612 meo
1063 3555 1136 3612 iibro
1154 3562 1260 3624 quarto.
1482 3557 1486 3564 '

1101 3829 1245 3902 CAPUT
1273 3827 1314 3902 Χ.

534 3991 631 4060 Quod
656 3993 764 4050 motui
790 3999 962 4052 astrorum
985 3992 1172 4050 secundnm
1194 3991 1442 4063 longitudinem
1467 3983 1690 4065 comparetur
1714 3994 1881 4050 successio

1124 4092 1299 4137 sonorum.

623 4247 697 4304 Cum
721 4248 810 4322 igitur
832 4253 889 4306 tres
913 4248 972 4305 sint
994 4249 1109 4324 species
1130 4241 1319 4319 motnnm1),
1346 4263 1405 4306 una
1427 4263 1559 4321 prorsum
1582 4251 1819 4324 retrorsumque,
1840 4262 1881 4304 seu

534 4335 563 4391 in
588 4333 792 4394 antecedentia
820 4342 850 4392 et
873 4337 1085 4410 consequentis
1112 4341 1142 4392 et
1168 4331 1331 4390 secundum
1360 4329 1588 4408 longitudinem,
1620 4333 1783 4394 secandum
1806 4351 1883 4412 qma

534 4419 608 4480 flunt
636 4419 764 4504 siderum
796 4419 1002 4481 translationes
1032 4423 1070 4481 eb
1101 4427 1166 4479 ortu
1188 4420 1218 4476 in
1242 4436 1377 4479 occasum
1405 4429 1434 4479 et
1457 4415 1623 4496 coenan),
1653 4421 1748 4482 altera
1771 4439 1882 4503 <sumum

536 4508 732 4584 deorsumque
754 4515 784 4568 et
805 4505 966 4568 secandum
989 4507 1190 4580 altitudinem,
1216 4505 1377 4566 secuudum
1399 4524 1473 4583 quas
1498 4507 1738 4588 vetuongissime
1761 4528 1781 4568 a
1803 4509 1884 4568 Terra

534 4603 714 4668 moventur„
738 4594 786 4655 vol
808 4595 940 4672 proxime
965 4595 1061 4669 illem,
1093 4596 1182 4656 tertia
1202 4591 1243 4652 ad
1264 4593 1358 4654 latera
1381 4605 1411 4653 et
1432 4596 1595 4656 secundnm
1615 4596 1815 4668 latitudinem,
1841 4612 1882 4653 se·

539 4682 666 4744 cundum
689 4700 778 4759 quem
801 4683 953 4770 contingit,
978 4693 1011 4744 ut
1033 4684 1218 4744 accessiones
1239 4681 1327 4740 nobis
1349 4681 1421 4742 nant
1443 4683 1622 4743 honestiores
1644 4685 1692 4744 vel
1714 4683 1883 4744 meridiona-

536 4771 641 4830 liores:
671 4773 808 4846 primam,
839 4786 916 4846 quae
939 4777 984 4832 ost
1005 4771 1166 4831 seeundum
1188 4767 1410 4845 longitudinem,
1444 4770 1524 4830 bona
1545 4788 1611 4830 cnm
1633 4775 1749 4839 rodone
1770 4786 1881 4830 socom·

539 4857 724 4917 suodabimus
759 4859 894 4918 transitui
928 4875 1029 4917 serem
1062 4858 1207 4918 acutiores
1239 4855 1412 4931 simpliciter
1445 4851 1509 4916 aut'
1527 4860 1678 4941 graviores
1707 4861 1817 4918 senitns
1827 4851 1881 4918 ¹¹¹i.

536 4945 612 5004 Nam
634 4947 663 5003 iu
687 4952 813 5022 unaque
836 4947 967 5005 motione
990 4945 1094 5004 similis
1118 4952 1164 5004 est
1184 4944 1333 5002 successio
1361 4946 1390 5000 in
1415 4941 1642 5022 consequentia.⁸
1681 4945 1795 5005 Similes
1818 4959 1881 5002 sero

536 5035 625 5092 etiam
656 5043 725 5092 sunt
748 5033 906 5092 orientales
930 5031 1185 5108 occidentalesque
1212 5028 1311 5106 pentes
1333 5031 1517 5112 tensionibus
1545 5035 1742 5110 gravissimis,
1774 5029 1880 5091 coelom

537 5135 606 5178 vcro
647 5119 811 5180 mediantes
843 5121 1028 5180 acutissimis.
1082 5120 1157 5178 Nam
1187 5129 1217 5177 et
1249 5125 1330 5205 ortus
1363 5135 1544 5196 occasusque
1572 5121 1752 5199 ⁴principium
1778 5117 1880 5178 habent

538 5204 684 5284 finemque
714 5209 968 5288 appetendarum,
999 5207 1072 5270 illud
1102 5206 1220 5288 quidem
1249 5213 1389 5283 tanquam
1421 5224 1457 5282 ex
1479 5209 1686 5288 inconspicuo,
1713 5207 1788 5269 hunc
1815 5219 1879 5264 rem
