4242 6384
691 782 869 845 nominee.
902 788 986 844 Inber
999 787 1047 843 111.
1066 788 1214 861 caputii.
1565 800 1624 859 iti

283 966 447 1043 alphabeti,
479 970 566 1030 tidem
588 970 660 1031 iacit
680 970 855 1032 Vincentius
877 968 1048 1045 (iamneae,
1077 970 1205 1048 prolatis
1222 983 1394 1045 graemrurn
1415 968 1626 1034 cautilennmnn

284 1054 416 1131 exemplis
438 1060 658 1134 antiquissimis.
702 1059 742 1119 Et
761 1060 792 1116 in
815 1056 949 1118 confesso
971 1066 1031 1130 est,
1062 1062 1151 1118 etlam
1174 1050 1297 1134 simplex
1317 1072 1455 1133 graeoum
1476 1062 1503 1120 Γ
1525 1064 1555 1119 in
1577 1061 1625 1121 la-

281 1144 342 1200 tina
359 1152 459 1203 nostra
480 1148 592 1205 mnsiea
612 1146 710 1207 locum
731 1147 894 1219 inuenisse,
916 1153 951 1204 nt
967 1146 1031 1221 jem
1052 1146 1173 1205 dicetur.
1443 1192 1447 1199 .

360 1228 444 1291 Haeo
472 1234 561 1310 igitur
584 1230 618 1292 F
634 1242 680 1294 eet
702 1234 795 1294 altere
820 1235 939 1308 signate
968 1233 1076 1309 clavis,
1108 1234 1261 1310 signantur
1284 1236 1380 1291 autem
1409 1234 1513 1295 ambus
1538 1236 1625 1312 iuxta

280 1318 409 1389 invicem,
433 1320 481 1377 obi
505 1320 649 1381 commodi
671 1320 728 1379 loci
750 1336 805 1397 pro
826 1328 947 1396 utraque
970 1320 1133 1379 o'eeorrnnt.
1178 1319 1278 1379 Tertia
1298 1325 1345 1377 est
1363 1315 1399 1393 d,
1422 1336 1498 1396 qnae
1520 1325 1552 1381 in
1567 1340 1623 1383 uo-

280 1403 357 1463 cibus
377 1404 532 1467 altioribus
555 1412 737 1485 exprimitur,
768 1422 834 1467 oneo
856 1410 883 1467 ei
910 1407 993 1466 locus
1016 1416 1061 1467 est
1078 1410 1118 1466 ‘in
1148 1407 1233 1467 linea.
1278 1402 1418 1481 signator
1443 1424 1479 1467 err
1501 1413 1642 1486 antiquo·

279 1507 354 1551 more
375 1494 464 1552 etiam
495 1498 525 1552 in
547 1499 607 1554 irna
635 1494 715 1555 linea
745 1495 972 1571 diagrammatls.
1016 1495 1092 1555 Nam
1121 1494 1203 1554 scala
1224 1496 1336 1553 musica
1363 1492 1451 1554 hodie
1480 1498 1636 1574 incipite·

278 1594 346 1636 noce
369 1582 398 1639 Γ
413 1589 466 1655 rat,
497 1600 551 1642 eeu
576 1581 739 1655 Gammae,
774 1600 851 1658 quae
879 1582 990 1641 indicat
1014 1580 1042 1641 ti
1063 1581 1246 1659 phthongum
1272 1582 1509 1659 gravissimum3'
1526 1588 1623 1647 nt-ltn

277 1664 420 1741 bgamma
442 1676 473 1727 et
494 1686 611 1744 gamma
632 1673 691 1729 sint
710 1668 788 1728 idem
811 1668 890 1747 qnod
914 1666 995 1729 Fet
1019 1668 1055 1730 ti.

355 1752 417 1813 Sed
440 1763 471 1815 et
492 1758 510 1815 b
531 1759 562 1815 in
582 1757 683 1816 mollis
705 1763 806 1817 centos
829 1757 1040 1832 diagrammate
1061 1758 1190 1833 pingitur
1208 1757 1334 1830 insuper,
1358 1754 1397 1815 ad
1419 1754 1622 1820 discriminen-

276 1840 339 1897 dum
360 1858 456 1917 genua
478 1854 589 1920 cantus,
612 1850 676 1904 eine
697 1842 731 1901 in‘
750 1843 858 1904 lineam
874 1852 1021 1921 competat
1041 1846 1106 1903 slve
1128 1847 1158 1902 iu
1173 1841 1374 1918 intervallom3
1398 1844 1542 1920 significet
1557 1845 1633 1920 eiua·

275 1932 438 2003 praesentia
460 1938 578 1990 cantum
599 1931 727 2004 mollem,
752 1933 885 1991 absentia
900 1932 1014 1991 durum.
1058 1932 1099 1989 At
1114 1948 1172 1990 non
1195 1931 1253 1990 hoc
1267 1936 1390 2005 tuntum,
1413 1948 1513 1991 norom
1533 1935 1622 1993 etiem

275 2014 388 2075 inaliis
409 2016 498 2077 lineis
519 2019 568 2078 nel
590 2018 768 2090 intervallis,
797 2036 873 2095 quae
895 2036 955 2078 non
978 2026 1047 2077 snnt
1068 2018 1147 2077 elavi
1169 2019 1187 2077 b
1209 2019 1327 2092 tributa,
1350 2012 1493 2096 'reperitur
1512 2019 1622 2079 nibilo-

275 2104 361 2161 minus
385 2112 415 2162 et
437 2106 530 2164 aboan
553 2106 681 2183 quodam
702 2108 843 2183 repetitui
863 2107 980 2166 literab
1002 2108 1154 2182 prosigue
1170 2106 1315 2165 semitonii
1337 2122 1390 2167 een
1403 2108 1538 2184 syllabae
1555 2106 1620 2168 in.

352 2190 465 2251 Contra
492 2193 611 2268 qnando
634 2193 863 2255 extraordinarie
894 2196 1081 2254 semitonium
1102 2196 1238 2253 statuitur
1267 2193 1332 2251 loco
1359 2196 1421 2253 toni
1453 2202 1483 2255 et
1505 2194 1621 2272 syllaba

274 2276 314 2333 lli
341 2276 409 2337 loco
447 2279 582 2357 syllabae·
605 2278 670 2355 Fa,
701 2288 768 2341 tunc
799 2289 888 2342 notae
917 2282 1112 2358 praemittitur
1140 2277 1264 2361 literni)
1290 2286 1341 2339 aut
1371 2282 1487 2357 siguum
1517 2283 1555 2341 nb
1586 2300 1622 2343 ea

273 2363 441 2426 derivatam.
485 2366 562 2426 Nam
590 2366 705 2429 veterae
730 2369 833 2445 procul
866 2369 959 2429 dubio·
980 2370 1024 2428 sie
1055 2368 1218 2443 pingebant
1234 2360 1270 2441 53
1305 2374 1334 2425 et
1366 2384 1420 2445 pro
1451 2366 1497 2428 eo'
1519 2370 1573 2429 nos
1601 2366 1621 2437 ti

272 2451 313 2509 vol
330 2436 362 2525 ἱ,
392 2453 473 2528 qnod
495 2453 648 2516 Gelilaeue
670 2456 747 2517 idern
769 2456 870 2515 lectori
893 2456 989 2516 dleere
1011 2450 1089 2516 velle
1116 2456 1278 2527 existimat,
1307 2453 1388 2529 quod
1415 2454 1485 2515 olim
1514 2472 1620 2532 gruum

271 2554 325 2596 nnn
350 2538 544 2617 diasobiamn3
573 2546 646 2603 ende
669 2546 747 2603 enlm
775 2542 926 2603 evidenter
947 2544 1081 2602 fissuram
1105 2542 1240 2618 exprimit
1268 2546 1297 2599 et
1317 2540 1427 2601 indicat
1448 2544 1534 2603 uobis
1564 2544 1619 2603 ab·

273 2629 426 2687 mistiones
448 2631 681 2702 semitoniorum,
704 2630 741 2690 de
764 2632 870 2706 quibus
893 2633 1006 2707 egimus
1027 2634 1124 2707 capite
1146 2627 1332 2707 praecedenti
1353 2628 1384 2687 8.

350 2714 386 2771 In
414 2718 578 2776 manubriis
605 2724 754 2778 tensorum
782 2733 956 2795 organorum
985 2734 1044 2776 non
1067 2718 1276 2777 committimus
1300 2715 1376 2774 bane
1395 2715 1619 2793 ambiguitatem

271 2816 329 2857 enm
351 2800 439 2861 litere
461 2802 493 2877 b,
516 2804 583 2864 loon
606 2822 645 2865 sn
669 2823 728 2864 non
750 2822 814 2864 sno.
860 2806 934 2865 iiam
956 2809 1051 2881 primo
1074 2818 1174 2865 omnes
1196 2804 1295 2863 eleves
1318 2818 1368 2861 son
1391 2804 1545 2863 manubria
1566 2822 1618 2863 so-

270 2904 367 2947 norum
388 2889 518 2965 illorum,
550 2894 600 2968 qui
627 2896 843 2952 constituantur
870 2893 1009 2952 abscissis
1038 2893 1202 2951 semitoniis
1230 2908 1249 2951 a
1276 2896 1349 2949 tono
1381 2892 1483 2966 etqui
1507 2898 1616 2965 sugent

270 2992 414 3035 nnmemm
444 2981 625 3038 octonariam
653 2983 820 3057 systematis
849 2987 986 3051 octavae,
1021 2985 1051 3037 et
1080 2980 1239 3038 eminentia
1267 2977 1352 3047 sunl,
1388 2992 1442 3036 seu
1471 2980 1617 3037 exstantia

269 3078 349 3137 snpra
370 3064 526 3124 manubria
546 3068 720 3144 principalia
741 3062 839 3143 piena,
862 3075 893 3127 et
913 3070 997 3142 nigra
1019 3065 1132 3140 colora;
1156 3065 1260 3125 deinde
1280 3064 1401 3123 cuilibet
1414 3068 1516 3139 nigrae
1539 3064 1616 3125 olant

269 3151 428 3210 inscribitur
448 3150 535 3212 litera
556 3156 671 3215 vicinae
693 3155 795 3228 clanis,
818 3154 870 3213 sed
893 3155 1018 3215 caudata
1039 3153 1079 3213 ad
1103 3152 1319 3213 distinctionem
1343 3154 1479 3227 (excepto
1496 3149 1525 3233 Ι),
1548 3151 1614 3212 loco

270 3238 344 3310 enjus
366 3239 385 3297 b
408 3239 534 3315 simplex
556 3242 657 3317 nigrae
671 3241 749 3302 clani
771 3244 916 3319 ponitur),
946 3248 976 3302 et
998 3241 1093 3301 cande
1115 3240 1261 3317 significat
1282 3254 1385 3299 vocem
1407 3238 1554 3313 altiorem,
1582 3246 1616 3299 nt

267 3322 347 3400 Mn,
369 3344 400 3401 φ,
423 3344 471 3403 pp,
495 3327 521 3403 b,
545 3326 572 3409 ly,
595 3348 622 3407 e,
645 3348 687 3406 cp,
710 3330 738 3403 d,
762 3328 811 3406 dp,
834 3329 886 3388 sed
909 3330 985 3389 inter
1003 3331 1035 3407 f,
1057 3331 1107 3406 sp,
1130 3346 1164 3404 p,
1187 3346 1242 3405 995
1266 3345 1297 3400 c,
1320 3342 1354 3403 cp
1378 3323 1423 3385 est
1445 3325 1561 3399 lemma,
1585 3336 1615 3385 et

269 3412 332 3469 inter
353 3412 390 3484 b,
415 3411 433 3492 [y
457 3413 560 3487 diesis,
582 3418 658 3476 inter
680 3414 799 3476 endem
822 3431 862 3475 eo.
885 3416 998 3492 literas,
1031 3416 1109 3475 slent
1130 3417 1219 3474 etiarn
1242 3430 1341 3473 aarum
1364 3414 1450 3471 binae
1474 3428 1561 3473 uocas
1584 3414 1616 3470 in'

248 3513 318 3579 ¹ono
339 3499 406 3558 solo
429 3500 496 3561 looo
520 3501 739 3579 diagrammatis
762 3505 969 3579 exprimuntur.
1014 3503 1055 3562 At
1076 3502 1209 3573 interd,
1230 3502 1271 3577 dp
1294 3508 1340 3560 ant
1353 3500 1550 3571 semitonia,
1571 3502 1615 3561 siu

269 3591 294 3640 nt
312 3586 370 3645 bne
393 3586 471 3646 dnae
493 3588 609 3663 literae,
643 3590 712 3651 lieet
735 3590 870 3661 eaedem,
901 3607 960 3649 non
983 3596 1079 3650 tantm
1103 3588 1306 3648 adscribentur
1333 3586 1400 3645 loon
1422 3586 1532 3660 eidem,
1560 3586 1613 3647 sed

268 3672 492 3733 suceedentibus.
536 3676 636 3738 Dionia
659 3694 729 3737 uero
752 3688 796 3737 est
818 3680 893 3737 inter
914 3678 961 3754 dp,
985 3694 1008 3748 e,
1033 3686 1062 3735 et
1085 3682 1254 3751 competunt
1275 3674 1332 3733 leae
1355 3674 1492 3735 dinomee
1510 3672 1613 3735 litoreo

267 3761 290 3813 in
310 3760 409 3821 locum
432 3762 572 3837 eundem,
596 3774 673 3840 qnae
696 3764 852 3824 diversitas
875 3763 1063 3825 concedenda
1085 3772 1130 3822 est
1151 3765 1224 3821 rnori
1247 3763 1369 3837 antiquo
1397 3769 1428 3821 ct
1449 3778 1505 3821 unu
1533 3764 1612 3821 mol-

267 3844 362 3906 liendn.
402 3848 548 3925 Denique
571 3852 646 3911 inter
665 3854 708 3930 sp,
731 3857 766 3929 93
788 3871 835 3930 pp,
860 3870 897 3927 ας
920 3870 949 3919 a,
973 3852 1009 3925 b,
1032 3849 1059 3931 b,
1082 3860 1114 3924 o,·
1136 3849 1166 3923 d,
1190 3850 1245 3925 dp,·
1267 3866 1297 3923 a,
1319 3850 1610 3926 fnuntsemitonie

267 3930 361 4009 ltaque
384 3939 483 3996 cautio
505 3938 554 3997 irio
578 3946 623 3999 aet
645 3938 820 4014 adhibenda,
842 3956 881 3998 ne
904 3949 955 4015 per
969 3936 1137 4015 analogiam
1152 3936 1280 4013 aliquem
1301 3952 1337 3996 es
1352 3938 1494 4012 scripture
1508 3936 1610 3997 codem

267 4019 297 4078 de
317 4022 466 4083 intervelli
488 4024 642 4085 identitate
666 4030 822 4103 quicquam
844 4041 1074 4102 praesumemus.
1124 4044 1129 4057 ¹
1160 4020 1164 4029 '

340 4108 421 4169 Illud
452 4112 541 4171 etinrn
568 4116 725 4191 praecipua
757 4115 861 4172 mirum
892 4121 921 4172 et
952 4108 1175 4170 condonandum
1208 4108 1345 4169 similiter
1376 4110 1496 4183 antiquo
1516 4113 1610 4185 mori,

267 4196 335 4266 quod
368 4199 398 4253 in
420 4198 570 4259 nonnullis
596 4200 801 4261 elavichordiis
830 4208 859 4260 et
889 4200 1006 4274 organis
1028 4197 1069 4277 (ln
1101 4198 1207 4273 quibus
1230 4198 1436 4255 continuentur
1463 4194 1609 4276 octenae),

267 4296 322 4340 eum
342 4294 464 4361 propter
486 4286 667 4347 identitatem
691 4290 901 4347 consonantiae
924 4282 1066 4363 diapason
1090 4284 1211 4344 eaedem
1233 4282 1335 4343 literae
1355 4282 1421 4357 lure
1436 4285 1538 4343 metite
1562 4302 1609 4343 re-

267 4378 407 4445 petantur,
436 4390 494 4432 non
517 4374 547 4431 id
570 4382 667 4435 tamen
699 4375 731 4434 lit
761 4378 844 4434 initio
866 4376 944 4433 iacto
974 4376 1109 4449 aprime
1130 4374 1176 4445 A,
1206 4371 1257 4429 sed
1287 4370 1458 4430 aseounde
1480 4372 1507 4431 b.
1552 4370 1610 4431 Hic

268 4458 331 4515 enim
353 4467 399 4518 ost
422 4460 493 4520 ordo
516 4462 733 4523 characterom:
763 4450 799 4537 Ὀ,
830 4462 870 4537 D,
895 4462 932 4535 E,
957 4460 993 4534 F,
1020 4459 1055 4535 θ,
1080 4464 1117 4531 Α,
1142 4459 1169 4532 b,
1193 4474 1217 4532 o,
1240 4458 1270 4529 d,
1294 4478 1318 4530 c,
1340 4460 1364 4536 (a
1387 4478 1416 4535 p,
1440 4478 1470 4533 a,
1496 4459 1547 4533 bi,
1567 4476 1607 4533 oo,

268 4540 313 4616 dd,
333 4563 379 4619 ec,
401 4547 440 4623 ff,
463 4566 518 4624 pp,
542 4566 598 4621 aa,
622 4550 692 4619 bbb,
715 4566 776 4625 coc,
800 4550 876 4621 ddd,
900 4566 960 4620 ece,
983 4549 1130 4626 {imnis
1153 4562 1216 4607 ⁰⁰⁰
1237 4548 1289 4604 05⁰2

340 4632 433 4692 Porro
456 4636 535 4709 qnod
558 4644 604 4696 eet
625 4636 806 4711 diagramme
827 4640 858 4694 in
881 4637 995 4709 charta,
1020 4636 1076 4695 lroo
1098 4641 1143 4691 est
1165 4640 1297 4711 systema
1317 4636 1348 4690 in
1371 4648 1495 4708 organo,
1518 4635 1608 4695 series

268 4716 366 4778 scilieet
392 4721 563 4781 chordarum
593 4727 738 4798 omniurn,
770 4740 860 4782 unum
882 4720 1069 4801 intervallum
1093 4736 1253 4781 consonum
1276 4718 1487 4793 dividentium,
1518 4720 1606 4796 quod,

268 4809 293 4858 ct
310 4822 371 4882 nep.
396 4808 425 4866 b.
451 4809 574 4883 dictam,
597 4813 690 4885 primo
714 4812 1003 4876 omninm'convenit
1025 4808 1181 4867 intervallo
1207 4806 1369 4883 diapason,
1392 4819 1426 4865 ex
1450 4822 1486 4866 eo
1508 4808 1606 4883 mej0-

268 4888 334 4950 ntus
355 4896 507 4970 omnibus,
531 4906 642 4973 quanta
663 4899 714 4957 ille
736 4898 889 4975 quodlibet
910 4901 1134 4956 instrumentum
1156 4893 1367 4971 complectitur.

339 4980 401 5040 Etsi
424 5000 496 5042 nero
517 5000 576 5043 non
600 4993 645 5046 eet
666 4989 792 5045 instituti
807 4988 874 5060 esai,
897 4985 1021 5044 ennliom
1035 4984 1183 5043 immorari
1204 4984 1233 5041 in
1248 4985 1361 5041 musice
1375 4990 1516 5055 veterum,
1540 5000 1607 5041 eum

269 5063 299 5117 sit
317 5067 498 5129 obscuritatis
521 5071 623 5148 plena,
645 5090 705 5132 non
727 5075 827 5134 cenaui
850 5082 947 5133 temen
969 5070 1181 5148 praetereunda
1203 5071 1331 5141 nomina,
1359 5068 1465 5145 quibus
1488 5068 1531 5127 illi
1553 5087 1605 5129 so·

269 5150 333 5209 nitas
359 5162 425 5214 octo
456 5160 485 5215 in
513 5160 601 5218 onina
631 5170 756 5221 nemeae
782 5150 942 5238 systemate
975 5160 1179 5235 indigeterint3
1217 5172 1284 5215 nem
1317 5156 1514 5216 denominatio
1549 5158 1613 5219 ista

270 5245 457 5315 ilibrationem
472 5246 573 5309 babet
604 5264 672 5311 oum
699 5248 806 5325 literis,
838 5247 875 5310 de
898 5250 1006 5330 quibua
1037 5248 1151 5329 egimus
1173 5244 1322 5313 hedenus
1368 5244 1463 5339 ,Ιςίῑωἱ
1491 5250 1608 5311 aetnae
