4242 6384
526 745 589 804 898
1042 742 1191 801 Ptolemaei
1207 741 1361 800 Humanis

526 913 628 984 allegat
646 915 794 983 multisque
812 915 943 985 exemplis
962 917 1113 986 confirmat,
1129 919 1278 974 communis
1296 919 1405 986 quidam
1421 931 1511 972 rernm
1529 916 1619 972 nodus
1637 915 1787 975 habebatur:
1801 917 1840 970 hoc

525 999 615 1048 tantan
638 993 708 1050 inter
731 995 793 1050 illos
816 995 959 1064 discrimen
981 1005 1036 1060 cst,
1063 997 1137 1065 quod
1161 997 1330 1066 Pythagoras
1354 997 1463 1064 quidem
1486 995 1567 1050 nnius
1589 994 1716 1064 simplicis
1737 993 1842 1062 diapason

523 1071 666 1132 intervalla
692 1081 795 1144 septem
822 1075 970 1132 admiratus
994 1075 1175 1146 dignatusque
1192 1085 1256 1144 est,
1275 1075 1447 1130 Ptolemaeus
1470 1091 1551 1143 vero,
1581 1082 1722 1142 angustum
1739 1073 1844 1126 mundun

525 1149 584 1206 fieri
601 1167 729 1222 camena,
755 1155 783 1208 in
802 1153 925 1224 ampliori
948 1161 1095 1224 systemate
1118 1155 1234 1224 duplicia
1259 1162 1371 1209 octavae
1394 1154 1579 1222 septenarium
1596 1159 1686 1206 mmen
1709 1159 1736 1204 et
1751 1151 1802 1219 ique
1815 1151 1845 1201 iu·

526 1229 598 1282 venit
615 1245 742 1286 sonorum
761 1232 905 1288 stabilium.
941 1235 978 1288 At
995 1250 1056 1288 cum
1074 1250 1109 1290 ue
1127 1236 1166 1290 sic
1183 1235 1291 1303 quidem
1309 1234 1377 1288 satis
1393 1232 1512 1302 amplum
1525 1231 1575 1286 titt
1586 1232 1680 1285 mnndi
1692 1229 1846 1294 intenallum

524 1307 674 1378 elegantior
697 1313 805 1366 omniuo
831 1321 857 1365 et
881 1313 1071 1380 mysteriorum
1093 1313 1209 1368 fertilior
1233 1314 1338 1368 censeri
1369 1320 1462 1382 potest
1488 1309 1655 1378 comparatio
1681 1307 1848 1377 Pythagorica,
1885 1376 1886 1391 χ

525 1403 604 1456 quum
623 1387 796 1446 Ptolemaica.
834 1391 884 1445 llle
906 1393 978 1446 enim
997 1401 1101 1462 septem
1124 1395 1233 1448 omniuo
1258 1391 1394 1448 naturalia
1411 1398 1550 1458 numerat,
1574 1390 1628 1443 iste
1650 1396 1752 1458 septem
1772 1404 1850 1456 magna
1885 1408 1886 1425 ¹

525 1477 659 1538 exparte
684 1471 840 1538 arbitraria,
866 1477 897 1525 ut
921 1471 949 1526 in
971 1469 1043 1526 uotis
1066 1471 1208 1542 explicavi.
1252 1471 1325 1526 Satis
1351 1471 1387 1526 dc
1410 1469 1613 1539 comparatione
1637 1468 1781 1524 Ptolemaei
1803 1483 1851 1520 cun

524 1545 687 1618 Pythagora.

611 1627 708 1682 Restat
731 1635 762 1682 ut
785 1643 845 1683 mea
869 1629 950 1682 etiam
973 1629 1084 1683 intenta
1106 1645 1168 1684 cum
1185 1629 1358 1684 Ptolemaicis
1380 1641 1541 1696 comparem.
1577 1627 1698 1682 anum
1711 1627 1792 1695 igitur
1811 1641 1852 1678 nou

525 1720 636 1774 possum
655 1722 709 1761 uon
728 1706 864 1762 celebrare
883 1707 999 1762 divinam
1017 1709 1097 1776 qnasi
1114 1707 1246 1778 virgulam
1268 1708 1297 1762 iu
1315 1707 1466 1762 Ptolemaei
1484 1713 1513 1762 et
1529 1706 1703 1777 Pythagorae
1724 1704 1852 1767 cornubus
1885 1706 1886 1767 ξ

525 1785 598 1852 quod
621 1793 787 1852 statuerunt,
816 1795 941 1856 oportere
965 1801 1025 1840 esse
1048 1787 1166 1856 aliquem
1189 1787 1382 1856 archetypum,
1408 1802 1442 1841 er
1466 1802 1521 1854 qno
1544 1801 1600 1840 non
1617 1792 1726 1840 matum
1746 1796 1852 1836 nameus
1885 1800 1886 1853 j

456 1925 463 1934 ,
526 1863 701 1932 sphaerarum
720 1866 885 1934 coelestium,
905 1865 952 1920 sed
972 1865 1053 1920 etiam
1071 1865 1237 1933 singularum
1255 1863 1453 1932 magnitudines
1471 1880 1520 1920 seu
1532 1865 1726 1934 proportiones
1742 1862 1815 1916 nnius
1829 1859 1854 1912 ad
1885 1908 1886 1915 ,

526 1939 638 1996 alteram
657 1943 757 1998 luerint
775 1943 921 2000 desumtae.
958 1943 1076 1998 Axioma
1093 1944 1213 1998 divinum
1231 1952 1285 2007 est,
1310 1945 1384 2014 quod
1400 1944 1509 2013 quidem
1526 1944 1591 1998 mihi
1609 1961 1672 1998 cum
1690 1943 1743 1996 illis
1761 1940 1855 1995 ancari-

524 2019 576 2074 hus
601 2022 778 2076 communiter
801 2023 956 2092 praelucet;
985 2021 1019 2076 de
1043 2029 1134 2078 cetero
1158 2022 1303 2076 dividimur
1346 2022 1472 2078 Secundo
1497 2022 1568 2078 mm
1596 2021 1730 2078 coelestia
1745 2021 1802 2087 ipsa
1820 2033 1855 2072 seu

524 2117 554 2151 ro
573 2097 611 2150 tu
630 2098 762 2153 rationem
780 2099 853 2168 apud
866 2115 908 2154 me
927 2101 1029 2154 habeut
1047 2100 1278 2169 expeditissimam
1291 2116 1325 2155 ex
1337 2101 1496 2170 Copemico,
1515 2116 1566 2154 uec
1584 2099 1641 2154 nlla
1657 2099 1723 2154 talia
1741 2097 1856 2166 qualisir

525 2175 681 2231 Ptolemaeo
700 2185 825 2247 superest
842 2177 1001 2247 haesitatio,
1020 2193 1110 2246 neque
1128 2177 1163 2232 de
1180 2194 1306 2247 numero,
1324 2194 1414 2245 neque
1432 2180 1465 2234 de
1482 2179 1590 2241 ordine,
1615 2193 1707 2246 neque
1726 2177 1759 2232 de
1776 2175 1857 2242 magui·
1885 2196 1886 2241 l

525 2255 628 2310 tndiue.
664 2255 733 2311 Nam
751 2257 778 2312 in
798 2258 963 2313 ashouomia
982 2255 1124 2326 Copernici
1141 2256 1273 2325 sphaerae
1292 2256 1431 2319 mobilium
1454 2264 1519 2312 suut
1536 2271 1648 2312 numero
1668 2272 1733 2311 sex:
1756 2273 1807 2310 aaa
1820 2255 1857 2309 Ss-
1885 2250 1886 2279 Τ

524 2333 605 2402 turni,
625 2349 686 2388 cum
704 2336 850 2403 parastatis
867 2335 982 2402 duobus,
1001 2349 1055 2390 uua
1066 2333 1153 2402 Joris,
1172 2350 1233 2389 cum
1246 2333 1409 2390 satellitibus
1418 2343 1544 2404 quatuor,
1563 2336 1644 2392 tertia
1655 2335 1764 2402 Martis,
1780 2342 1859 2403 quarta

528 2409 723 2475 Telluris.cum
741 2413 828 2482 Luna,
847 2413 941 2482 quinta
958 2411 1081 2480 Veneris,
1100 2418 1179 2468 sexta
1196 2413 1336 2481 Mercurii,
1361 2429 1477 2482 quarum
1494 2413 1614 2469 omniurn
1631 2421 1759 2470 centrum
1774 2413 1859 2467 obtinet
1885 2416 1886 2425 ³

526 2489 579 2544 Sol.
616 2491 685 2546 Nam
703 2493 755 2546 etsi
773 2492 903 2560 sphaeras
921 2491 1020 2547 solidas
1039 2491 1128 2546 serior
1144 2490 1305 2546 coelestium
1321 2507 1411 2546 reram
1430 2491 1573 2562 disciplina
1590 2493 1694 2560 nescit,
1720 2491 1769 2546 illa
1784 2500 1858 2544 mnan
1885 2540 1886 2559 ,

526 2568 650 2640 regiones
668 2569 824 2638 sphaericae
847 2587 897 2638 pro
916 2571 1028 2642 singulis
1051 2569 1169 2640 planetis
1192 2571 1313 2642 singulas
1338 2570 1453 2640 largitur
1474 2571 1545 2626 ultro
1563 2571 1726 2641 stabilitque
1749 2578 1777 2626 et
1791 2567 1858 2621 munit
1885 2610 1886 2627 1

526 2646 687 2704 indubitatis
705 2650 880 2718 argumentis.

603 2725 704 2782 ‘Tertio
730 2727 897 2798 singulorum
920 2725 1091 2797 planetarum
1114 2727 1246 2797 sphaerae
1273 2729 1347 2798 apud
1372 2728 1558 2783 Ptolemaeum
1585 2735 1651 2784 sunt
1678 2727 1811 2796 implexae
1831 2721 1860 2774 ia·

525 2802 776 2874 aequalissimamm
794 2808 1002 2876 proportionum
1021 2805 1149 2876 epicyclis
1168 2806 1282 2875 aliisque
1307 2805 1516 2876 particularibus
1535 2805 1662 2874 orbibns;
1687 2803 1763 2873 apud
1781 2804 1860 2870 Capet-

519 2881 614 2946 ¹uicum
641 2883 721 2940 unico
740 2885 858 2940 Telluris
884 2893 958 2940 motu
985 2885 1057 2942 circa
1080 2885 1170 2940 Solem
1196 2886 1330 2955 sphaerae
1346 2901 1440 2942 omnes
1458 2885 1528 2939 daut
1545 2883 1771 2954 simplicissimae.
1803 2879 1861 2935 llihil

524 2961 606 3030 igitur
623 2961 754 3017 habemus
772 2963 800 3018 in
818 2965 899 3020 rebus
918 2963 998 3036 ipsis,
1025 2978 1141 3033 quarum
1164 2979 1265 3020 causae
1282 2964 1461 3032 inquirendae
1479 2971 1555 3031 snut,
1584 2977 1639 3032 qno
1656 2962 1694 3018 de
1716 2961 1860 3018 dubitemus.

525 3036 569 3092 llli
594 3053 658 3093 vero
684 3046 789 3105 veteres
808 3041 888 3098 simul
915 3053 1010 3098 atres
1034 3049 1063 3097 et
1088 3059 1185 3098 causas
1207 3059 1297 3098 rerum
1320 3042 1483 3112 conjecturis
1505 3041 1574 3096 alias
1600 3041 1682 3096 aliter
1707 3040 1861 3108 indagarunt,

525 3116 603 3186 quasi
620 3115 757 3207 fortunam
775 3119 946 3191 invocantes,
972 3121 1095 3178 destituti
1114 3137 1258 3192 corporum
1276 3130 1305 3177 et
1323 3123 1426 3178 ordinis
1444 3122 1612 3192 experientia
1634 3121 1746 3190 sensili,
1768 3120 1816 3173 hoc
1830 3124 1862 3171 est

527 3203 717 3252 asuonomsca.

612 3290 729 3360 Quarto,
750 3293 824 3360 quod
837 3294 894 3362 jam
913 3295 1011 3352 attinet
1029 3297 1208 3366 archetypum
1225 3297 1315 3365 ipsum
1333 3313 1424 3352 rerum
1442 3298 1614 3366 coelestium,
1640 3297 1686 3352 bic
1704 3296 1862 3352 Ptolemaeus

526 3369 593 3428 nihil
611 3369 726 3426 divinius
745 3371 853 3441 invenit,
873 3380 956 3444 quam'
971 3377 1094 3446 politiam
1107 3393 1197 3432 rerum
1208 3376 1433 3443 harmonicorum,
1452 3392 1541 3446 neque
1552 3385 1652 3445 tamem
1671 3391 1708 3430 ex
1722 3392 1779 3444 quo
1790 3386 1861 3428 rarae

526 3463 625 3524 genere
639 3446 689 3502 illa
707 3448 802 3517 politia
820 3451 977 3509 harmonica
994 3455 1121 3524 primitus
1139 3461 1215 3510 esset
1231 3462 1307 3522 orta,
1331 3455 1493 3524 perquisivit
1509 3461 1649 3520 accumte,
1673 3461 1820 3508 contemm
1833 3449 1862 3501 ia

527 3531 600 3588 milia
617 3541 790 3583 numerorum
808 3545 842 3585 ex
861 3530 985 3586 doctrina
1002 3532 1196 3601 Pythagorica3
1219 3532 1313 3602 itaque
1336 3532 1384 3586 uui
1405 3539 1434 3586 et
1451 3531 1538 3590 eidem
1555 3532 1699 3601 systemati
1723 3531 1861 3586 harmonico

527 3612 581 3668 cria
598 3611 645 3668 illa
662 3607 743 3673 (inter
762 3607 824 3676 alia)
842 3611 990 3679 praecipua
1007 3610 1132 3679 interque
1150 3627 1181 3666 se
1198 3611 1329 3666 distimm
1343 3610 1526 3679 comparanda
1540 3611 1660 3665 censuit:
1682 3613 1711 3677 t)
1730 3609 1863 3678 configun-
1885 3652 1886 3655 ,

527 3691 628 3761 tiones,
654 3690 685 3753 2)
702 3685 845 3758 sphaeras,
871 3689 901 3756 3)
920 3696 1018 3746 motus.
1054 3689 1114 3756 Ego
1131 3705 1197 3745 sero
1215 3689 1406 3758 considerans,
1434 3690 1503 3744 haec
1523 3691 1585 3758 ipsa
1602 3691 1655 3744 tria
1678 3705 1744 3745 esse
1762 3691 1829 3743 inter
1841 3700 1863 3740 se
1885 3680 1886 3735 l

528 3769 724 3838 diversissima,
748 3766 870 3824 diversos
893 3769 974 3824 etiam
991 3769 1024 3823 iis
1042 3769 1223 3837 archetypos,
1248 3767 1356 3821 diversa
1373 3767 1540 3836 exemplaria
1564 3768 1718 3823 mustituta
1735 3783 1796 3822 esse
1817 3779 1863 3820 sun

529 3849 683 3908 arbitratus.
721 3847 759 3901 Et
781 3847 853 3902 circa
875 3847 1104 3918 configurationes
1129 3847 1238 3915 quidem
1262 3847 1385 3916 proxime
1403 3846 1506 3901 accessi
1529 3845 1565 3900 ad
1582 3845 1736 3900 Ptolemaei
1757 3852 1863 3909 conatus,
1885 3870 1886 3899 ;

529 3929 689 3984 ostendeus.
713 3941 768 3981 nou
793 3925 901 3992 quidem
924 3940 958 3980 ex
981 3927 1087 3994 integro
1111 3926 1287 3995 disdiapason
1311 3931 1460 3995 systemate
1479 3925 1583 3980 musico
1606 3941 1667 3978 aum
1687 3925 1791 3979 circulo
1807 3938 1862 3978 com·
1885 3926 1886 3931 ’

527 4013 636 4076 parato,
656 4011 686 4060 ut
702 4003 761 4074 ille,
781 4004 830 4058 sed
850 4019 882 4057 ex
901 4005 1005 4060 ratione
1025 4005 1164 4061 divisionis
1182 4004 1276 4059 circuli
1295 4011 1323 4058 et
1341 4021 1376 4059 ex
1394 4003 1510 4074 simplici
1528 4005 1660 4073 diapason
1681 4020 1748 4059 cum
1765 4003 1863 4060 semicir·

528 4082 590 4138 culo
609 4091 779 4152 comparato:
805 4099 853 4136 cur
871 4089 899 4137 at
916 4083 944 4138 in
962 4093 1060 4140 natiue
1078 4082 1307 4152 configurationes
1324 4082 1396 4136 inter
1412 4083 1532 4138 infinitas
1554 4099 1659 4153 paucae
1674 4090 1773 4138 essent
1789 4085 1863 4139 eilia·
1885 4096 1886 4103 ¹

528 4177 587 4231 ces,
613 4169 641 4217 et
658 4162 685 4216 in
702 4160 806 4217 musica
823 4160 910 4216 simile
935 4163 1000 4230 quid
1023 4163 1096 4218 circa
1113 4160 1307 4216 consonantias
1324 4162 1469 4218 acmderet.
1504 4165 1566 4219 Hoc
1582 4164 1665 4234 igitur
1689 4168 1863 4234 argumentum

528 4240 582 4297 luit
598 4241 652 4296 mei
668 4239 730 4296 libri
748 4239 838 4309 quarti
855 4240 1089 4299 Harmonicorum.
1126 4241 1204 4296 Circa
1220 4255 1285 4294 sero
1302 4239 1410 4307 reliqua
1426 4239 1489 4310 duo,
1508 4243 1640 4312 sphaeras
1656 4245 1765 4301 scilicet
1781 4250 1808 4297 et
1822 4255 1863 4293 ruo

528 4327 583 4388 tus,
602 4320 642 4375 sie
659 4333 710 4388 ego
729 4334 790 4374 sum
806 4318 995 4385 ratiocinatus,
1003 4318 1127 4375 eandem
1144 4323 1271 4388 oportere
1283 4318 1561 4388 proportionemease
1573 4323 1791 4392 archetyporum,
1809 4332 1863 4389 quat

528 4406 571 4454 est
587 4413 675 4455 rerum
693 4399 827 4468 ipsarum,
855 4405 1082 4468 necutrumque,
1107 4405 1163 4452 um
1188 4398 1319 4465 sphaeras
1338 4413 1420 4466 quam
1437 4407 1539 4468 motus,
1564 4400 1653 4456 eidem
1669 4403 1711 4455 rei
1729 4394 1863 4469 corripereri

528 4475 657 4548 legitime.
695 4479 762 4532 (lum
781 4477 852 4532 euim
869 4477 1083 4547 perpenderem,
1109 4475 1302 4544 proportiones
1328 4493 1380 4533 uec
1397 4493 1433 4534 ex
1464 4479 1583 4535 humana
1599 4481 1706 4536 munna
1726 4480 1757 4534 in
1774 4477 1863 4532 coelum

530 4557 650 4626 venisse,
673 4573 723 4612 uec
741 4571 774 4612 ex
793 4556 869 4612 coelo
887 4556 915 4610 iu
933 4555 1079 4622 musicam,
1098 4553 1147 4610 sed
1165 4554 1195 4608 in
1213 4562 1358 4624 nmumquc
1376 4573 1412 4612 er
1430 4558 1531 4614 circula
1549 4559 1702 4628 abstracto,
1726 4556 1825 4613 scilicet
1837 4567 1863 4605 cx

528 4635 688 4704 geometria:
716 4635 819 4690 loribus
845 4634 927 4704 igitur
949 4633 1113 4702 geometriae
1138 4626 1254 4700 apertis,
1278 4635 1335 4701 jam
1361 4637 1486 4703 potiebar
1507 4638 1636 4692 thesauro
1659 4637 1748 4692 omnis
1773 4630 1863 4704 generis

528 4713 658 4782 idearum,
675 4713 769 4784 figuris
788 4713 891 4768 scilicet
908 4722 963 4767 tam
982 4711 1084 4782 solidis,
1100 4728 1184 4779 quam
1203 4711 1300 4780 plania
1336 4715 1375 4767 Et
1392 4715 1495 4768 solidae
1515 4715 1624 4782 quidem
1641 4713 1748 4783 figurae
1765 4711 1861 4782 pulchre

529 4791 730 4862 respondebant
747 4793 907 4862 corporibus
926 4791 1032 4860 solidis,
1057 4791 1155 4860 planae
1180 4806 1245 4846 nero
1271 4807 1415 4860 corporum
1432 4791 1634 4860 oscuiantur,
1660 4794 1702 4846 sic
1719 4788 1861 4861 superinos

530 4869 673 4940 sphaerica
688 4870 756 4926 locis
775 4885 822 4924 seu
841 4869 937 4938 spatiis
954 4867 1127 4938 planetarum
1144 4867 1319 4925 dimensionis
1338 4869 1450 4939 solidae,
1468 4867 1557 4926 lineae
1575 4885 1639 4926 vero
1657 4870 1802 4926 maculares
1816 4880 1860 4920 mo

530 4948 612 5004 dhus.
648 4948 686 5003 Et
704 4947 899 5017 superficiebus
918 4947 1026 5016 quidem
1044 4946 1194 5016 sphaericis
1211 4947 1322 5002 inscribi
1338 4948 1575 5018 cucamscrsbique
1598 4949 1704 5018 figuras
1719 4948 1816 5005 aohdas
1831 4941 1860 4993 ri-

531 5027 639 5096 debam,
663 5025 771 5084 monus
789 5039 853 5081 vcro
871 5025 972 5095 figuras
990 5025 1095 5096 planas.
1130 5025 1173 5079 Ibi
1190 5040 1226 5080 ex
1243 5026 1313 5080 binis
1332 5027 1539 5097 quibuscunque
1555 5029 1681 5099 orbibus,
1708 5029 1756 5083 uni
1772 5027 1860 5095 figurat

529 5105 686 5176 adscriptis,
713 5103 869 5162 oriebantur
886 5106 1077 5175 proportiones
1095 5112 1186 5161 certae
1204 5106 1323 5175 orbium,
1349 5106 1393 5162 bic
1419 5123 1453 5162 ex
1471 5108 1617 5176 figurarum
1639 5103 1668 5161 in
1687 5107 1813 5162 maulam
1827 5101 1858 5152 ifl-

530 5180 677 5251 scriptione
699 5183 727 5238 in
749 5183 874 5252 partibus
898 5184 990 5240 circuli
1013 5184 1134 5240 secanae
1157 5186 1313 5242 constitutis
1337 5187 1461 5243 videbam
1487 5199 1631 5256 expressas
1658 5191 1688 5240 et
1713 5183 1858 5240 mastinos
