4242 6384
526 741 589 800 886
1035 733 1185 794 emensa
1200 735 1355 794 nammis

525 931 639 974 summa
669 912 829 974 mediarum
859 921 889 974 ct
915 913 1015 974 infima
1042 913 1267 992 disjunctarum,
1298 915 1495 991 positionibus
1522 913 1793 992 quadrangularis
1814 931 1841 972 ιι

524 1009 649 1078 utroque
671 1003 863 1078 oppositionis
895 997 1055 1082 laterc1V),
1087 1011 1121 1062 ut
1152 1011 1220 1062 sunt
1247 1005 1277 1060 ln
1299 1001 1384 1061 huna
1406 1003 1535 1064 blsectsc
1564 1005 1687 1079 species,
1715 1009 1744 1060 et
1770 999 1841 1059 dteu

525 1087 643 1166 quidem
665 1086 857 1164 configuratio
880 1089 917 1148 ah
941 1097 1005 1162 ortu
1028 1089 1171 1167 cujusque
1185 1087 1297 1163 sideris,
1310 1098 1351 1148 et
1371 1093 1401 1146 in
1426 1089 1510 1150 Lusa
1532 1093 1626 1168 prima
1644 1087 1764 1165 quadra,
1782 1104 1844 1145 cou-

525 1184 643 1252 paretur
665 1173 849 1236 tetrachordo
872 1193 1066 1236 summarum:
1097 1180 1167 1252 qaia
1190 1193 1303 1236 rursum
1318 1173 1349 1256 v)
1376 1194 1528 1236 commune
1558 1185 1604 1238 est
1628 1179 1765 1252 utrinque
1783 1177 1846 1250 prin·

525 1264 642 1339 cipium,
666 1261 727 1322 illic
748 1263 778 1320 iu
801 1271 875 1336 ortu,
897 1263 945 1322 hic
967 1265 996 1321 in
1020 1266 1202 1340 gravissimis
1223 1264 1320 1338 sonls;
1343 1272 1374 1322 at
1396 1260 1472 1339 qnae
1495 1263 1564 1323 huic
1584 1261 1716 1323 succedit
1737 1260 1848 1336 conigu-
1900 1287 1901 1292 ¹

524 1352 598 1408 ratio
621 1347 663 1430 (in
686 1349 771 1408 huna
791 1351 870 1427 prior
890 1351 982 1426 gibba
1004 1349 1122 1428 iacies),
1144 1352 1351 1428 aequiparetur
1373 1350 1557 1410 tetrachordo
1579 1350 1751 1410 mediarum
1788 1347 1849 1405 linr-

440 1454 441 1462 ¹
524 1454 588 1496 sum
612 1443 710 1496 aulem
733 1435 923 1513 configuratio
947 1438 1013 1512 illa,
1037 1455 1113 1514 quae
1136 1437 1183 1497 vel
1207 1438 1246 1496 ah
1269 1439 1405 1514 opposita
1428 1440 1627 1516 apparitione,
1648 1445 1682 1495 ιιι
1703 1439 1736 1494 in
1756 1434 1850 1493 Venere

525 1531 554 1583 et
576 1523 737 1596 Mercurio,
766 1523 812 1583 vel
835 1524 873 1584 ab
897 1532 1026 1584 ιιιιιιιιι
1047 1533 1134 1584 nome
1165 1532 1299 1585 censetur
1327 1525 1372 1602 (ut
1394 1527 1424 1581 in
1453 1527 1546 1584 trihus
1568 1524 1689 1602 reliquis
1712 1541 1750 1584 ex
1770 1539 1851 1580 erran·

525 1608 633 1692 tibus),
663 1610 712 1670 vel
735 1629 753 1670 a
776 1609 948 1672 decursione
971 1610 1066 1684 dicta,
1096 1619 1128 1670 ιι
1150 1614 1179 1670 in
1202 1611 1300 1686 Luna,
1333 1629 1437 1690 nempe
1459 1613 1604 1688 posterior
1625 1613 1691 1688 ejus
1712 1610 1799 1688 gihhs
1817 1609 1851 1666 is·

525 1699 592 1772 cies,
616 1705 798 1776 comparetur
820 1697 1004 1758 tetrachordo
1031 1697 1255 1776 disjunctarum,
1287 1715 1365 1776 quae
1386 1699 1497 1758 iaciunt
1519 1698 1557 1759 ad
1584 1701 1709 1776 primam
1731 1696 1851 1774 quadran
1899 1733 1901 1764 2

525 1793 613 1862 atque
643 1782 858 1844 tetrachordum
891 1803 1034 1844 summam
1065 1787 1279 1864 oppositionem
1313 1782 1511 1846 diametralem
1534 1795 1564 1847 et
1586 1785 1732 1862 diapason
1765 1784 1851 1842 identi-
1899 1821 1901 1828 ι

524 1889 679 1947 sonorum;
711 1889 787 1948 quae
819 1889 887 1932 vero
910 1871 956 1932 his
986 1873 1117 1933 succedit
1140 1889 1233 1950 usque
1261 1871 1299 1931 ad
1321 1871 1546 1933 occultationem
1569 1882 1599 1933 ct
1626 1882 1695 1950 post
1715 1870 1853 1933 secundm
1899 1917 1901 1923 ,

525 1959 676 2036 quadram,
700 1957 863 2036 applicetur
886 1959 1070 2020 tetrachordo
1093 1958 1306 2032 excellentium,
1329 1977 1405 2036 qaae
1427 1977 1540 2020 rursum
1561 1961 1673 2020 iaciunt
1686 1958 1727 2019 ad
1750 1961 1853 2036 primaru
1900 1971 1901 1976 ¹

524 2047 645 2122 gibbam
668 2047 773 2106 laciem
796 2053 824 2106 et
845 2047 1059 2106 tetrachordum
1075 2047 1235 2108 mediarum
1253 2049 1469 2124 oppositionem
1490 2045 1691 2112 diametralcm
1711 2055 1746 2106 et
1767 2045 1853 2120 diaps-
1899 2071 1901 2080 ι

523 2151 578 2192 ιιι
601 2133 827 2194 identisonornm
846 2128 904 2214 Vl).
949 2133 986 2192 lit
1007 2143 1077 2194 sunt
1099 2132 1217 2211 quidem
1245 2133 1399 2194 intervalla
1421 2135 1460 2194 ah
1483 2133 1733 2194 occultationihns
1755 2132 1792 2192 ad
1810 2150 1853 2206 sp

428 2255 433 2264 ·
525 2222 692 2297 punitiones,
716 2229 745 2280 et
767 2223 795 2280 in
819 2222 863 2294 iis,
888 2223 938 2296 qui
961 2229 1107 2282 extremae
1123 2223 1218 2281 noctis
1239 2229 1320 2280 ortus
1342 2221 1462 2299 hahent,
1484 2221 1641 2282 intervalla
1662 2239 1682 2280 a
1695 2222 1856 2296 vesperinis
1898 2237 1901 2268 «τ

525 2307 638 2367 ortibus
669 2324 762 2384 usque
797 2306 835 2366 ad
866 2309 1025 2368 matutinos
1055 2309 1208 2368 occubitus
1223 2305 1277 2388 W)
1305 2306 1459 2384 (quamdiu
1481 2325 1522 2368 sc
1546 2317 1739 2368 accensentur
1760 2310 1795 2365 iis
1812 2306 1856 2362 hae
1898 2317 1901 2350 ἑ

523 2392 741 2476 apparitiones),
764 2397 793 2452 iu
816 2393 899 2453 Luna
922 2411 1001 2469 vcro,
1024 2394 1164 2471 quamdiu
1187 2395 1239 2454 iila
1260 2393 1348 2470 piano
1370 2403 1493 2472 apparet
1514 2397 1585 2455 orbs
1599 2391 1683 2470 v¹¹1),
1708 2394 1802 2460 haec.
1821 2395 1857 2450 ic·

524 2499 627 2558 quam,
660 2487 727 2542 sunt
749 2499 837 2558 quam
860 2483 990 2559 proxime
1005 2479 1055 2564 ¹¹)
1078 2484 1182 2542 unciae
1208 2483 1323 2556 circuli,
1354 2481 1599 2558 quamadmodum
1626 2491 1656 2542 et
1685 2484 1788 2541 tonica
1808 2479 1854 2537 die

520 2569 705 2644 junctionnm
735 2567 890 2628 intervalla
903 2565 943 2650 ¹).
989 2569 1157 2630 Ceterorum
1187 2586 1257 2628 vero
1288 2567 1507 2628 intervallorum
1539 2576 1683 2646 quatuor,
1713 2585 1770 2646 per
1796 2583 1856 2643 quse

523 2653 608 2715 durat
629 2653 777 2732 quaelihet
799 2655 1003 2734 configuratio,
1034 2665 1103 2716 sunt
1126 2650 1189 2737 ιιι
1212 2673 1300 2733 quam
1329 2659 1458 2734 proxime
1481 2660 1645 2732 signorum,
1677 2654 1858 2732 quemadmo-

524 2741 593 2802 dum
615 2745 703 2802 etiam
726 2743 878 2820 quodlibet
900 2761 936 2804 ex
959 2742 1150 2804 tetrachordis
1173 2751 1219 2804 est
1242 2739 1305 2827 2¹),
1328 2745 1458 2820 proxime
1481 2750 1616 2803 tonorum
1631 2739 1684 2822 ¹¹).
1715 2742 1859 2803 Praeterea

523 2831 552 2888 in
575 2829 660 2889 Luna
688 2829 798 2908 figurae
832 2830 919 2890 binae
952 2831 1078 2890 invicem
1109 2831 1262 2908 oppositae
1295 2829 1381 2890 simul
1400 2837 1525 2911 ‚samiae
1548 2830 1671 2907 impleut
1691 2829 1858 2889 soliditatem

523 2917 609 2976 nnius
632 2919 762 2996 integrae
785 2919 988 2994 apparentiae,
1023 2916 1267 2994 quemadmodum
1300 2925 1330 2977 et
1358 2917 1425 2976 soni
1446 2915 1590 2995 diapason
1612 2917 1761 2977 dicantes
1783 2932 1858 2974 nunu

524 3005 675 3080 quippiam
698 3004 827 3064 eilicinnt
849 3011 965 3082 propter
987 3004 1216 3078 similitudinem⁸
1230 3006 1435 3081 perceptionis.
1463 3003 1547 3078 Quae
1569 3006 1658 3081 igitur
1680 3003 1859 3063 communiter

522 3093 616 3168 aptari
637 3097 769 3168 possunt,
793 3090 859 3151 hinc
884 3091 1053 3152 differentiis
1067 3109 1163 3150 rerum
1178 3090 1217 3150 ad
1230 3099 1348 3151 cantum
1370 3087 1583 3169 pertinentium,
1605 3091 1674 3152 iude
1696 3091 1860 3151 coelestibus

521 3178 666 3252 motibus,
701 3196 737 3238 ex
769 3177 849 3238 hisce
871 3177 1131 3238 assimilatiouihus
1160 3177 1490 3254 iereintellipidatu13
1519 3185 1625 3253 restat,
1656 3185 1691 3237 ut
1721 3181 1812 3238 etism
1831 3173 1860 3233 sd

522 3265 702 3342 singulorum
726 3259 987 3325 considerationem
1010 3273 1192 3325 censeamus
1211 3261 1287 3346 ¹¹¹),
1316 3265 1482 3342 probabilia
1513 3265 1673 3326 consectati
1694 3281 1751 3341 per
1772 3266 1860 3324 obser·

522 3337 672 3412 vationem‘
693 3369 793 3412 eorum
815 3350 903 3432 (quae
926 3352 1102 3425 factasunt,
1125 3350 1190 3432 seu)
1212 3369 1288 3435 quae
1310 3351 1383 3411 siunt
1400 3349 1479 3428 ¹¹¹¹).

607 3459 681 3515 Nota
697 3459 718 3513 1.
753 3459 852 3514 Mirum
868 3459 896 3513 in
914 3459 957 3513 his
975 3458 1124 3514 Ptolemaei
1141 3459 1295 3531 ingenium,
1323 3460 1370 3529 qni
1395 3460 1477 3516 ctiam
1501 3463 1620 3529 systema
1638 3457 1795 3527 perfectum
1811 3473 1859 3514 cau
1899 3451 1901 3470 ¹

521 3539 579 3594 suis
596 3540 669 3594 iouia
687 3537 857 3602 disjunctivis
876 3545 904 3593 ei
922 3539 1103 3594 tetrachordis
1123 3539 1212 3610 potnit
1236 3539 1373 3608 applicare
1400 3535 1501 3592 circulo
1528 3536 1730 3606 apparitionum
1749 3554 1785 3591 ex
1803 3536 1860 3591 Scis

521 3617 612 3673 radiis.
649 3617 701 3672 Est
718 3615 810 3686 aliqua
828 3618 1024 3686 convenientia,
1043 3617 1143 3686 fateor,
1172 3619 1221 3676 sed
1242 3615 1357 3672 ridicula
1382 3623 1410 3670 et
1428 3615 1592 3671 destructiva
1609 3615 1747 3684 legitimae
1765 3632 1860 3684 comps·

521 3695 641 3752 rationis.
661 3695 738 3752 Sicut
755 3697 825 3750 enim
844 3695 943 3751 accidit
961 3696 1102 3766 systemati
1118 3697 1250 3765 perlecto,
1268 3701 1300 3748 ut
1317 3693 1344 3747 id
1357 3691 1492 3748 dividatur
1509 3693 1536 3747 in
1554 3693 1731 3750 tetrachorda
1740 3703 1777 3771 Ιιι
1793 3703 1861 3748 ιιιιι

522 3774 711 3844 ᾱιιὶιιιιιιιιιι,
739 3776 782 3830 ιιι
801 3775 865 3843 quia
882 3776 997 3844 primurn
1014 3776 1224 3829 instrumentum
1242 3772 1373 3828 musicum
1391 3773 1407 3826 i
1426 3772 1542 3827 chordas
1560 3771 1670 3842 hahuit,
1699 3789 1761 3829 cum
1779 3778 1862 3844 posset

521 3855 548 3928 5,
567 3854 610 3910 vel
629 3855 692 3923 quia
711 3853 880 3910 diatessaron
897 3869 914 3908 a
931 3851 1088 3922 Pythagora
1106 3870 1156 3922 pro
1174 3853 1284 3907 minima
1301 3852 1539 3908 consonantiarum
1556 3850 1610 3905 fuit
1626 3850 1734 3918 hahita,
1762 3868 1822 3906 cum
1838 3863 1860 3902 ιι

519 3953 583 3994 vera
600 3936 697 3992 tertiae
715 3927 770 3990 sint
788 3941 815 3988 et
842 3934 918 4004 ipsae
944 3933 1138 3987 consonantiae
1165 3933 1336 3998 minoresque
1363 3929 1418 3982 sint
1439 3927 1499 3997 ipsa
1517 3928 1702 3982 diatessaron:
1731 3928 1772 3983 sic
1791 3927 1860 3981 etisu

519 4015 703 4087 apparitiones
722 4011 971 4082 occultationesquc
990 4009 1109 4066 siderum
1128 4012 1180 4065 suh
1199 4009 1270 4065 Solis
1297 4007 1388 4062 radios
1406 4020 1481 4061 mera
1498 4015 1563 4061 suut
1580 4005 1731 4061 accidentia
1748 4013 1860 4060 motuuu

520 4093 677 4152 coelestium
695 4091 777 4162 idque
795 4093 900 4144 tautum
917 4097 1044 4160 respectu
1062 4089 1209 4158 hominurn,
1228 4087 1275 4156 qui
1292 4085 1327 4140 dc
1345 4085 1414 4141 coeli
1433 4085 1554 4140 essentia
1570 4101 1624 4140 nou
1643 4091 1721 4152 suut,
1739 4085 1794 4138 imo
1811 4091 1860 4136 tau·

519 4181 577 4230 tum
594 4177 721 4242 respectu
739 4169 933 4240 proportionis,
961 4185 1030 4239 quae
1057 4177 1100 4224 ιιι
1126 4171 1198 4223 inter
1214 4169 1301 4221 visum
1329 4165 1478 4219 humanum
1496 4169 1524 4218 et
1540 4163 1612 4218 inter
1628 4162 1781 4221 claritatem
1798 4160 1859 4215 aeris

518 4253 597 4308 nohis
616 4247 778 4306 circumfusi.
813 4249 883 4303 Nam
902 4247 924 4300 si
942 4247 1024 4316 paulo
1043 4245 1180 4316 limpidior
1197 4250 1271 4300 esset
1288 4249 1353 4313 aer,
1380 4241 1456 4298 nulla
1483 4241 1591 4296 omniuo
1618 4240 1697 4295 fieret
1723 4238 1859 4296 occultatio

518 4329 637 4385 siderum
654 4328 706 4383 suh
724 4325 795 4381 Solia
813 4325 912 4392 radios,
930 4333 962 4378 ιι
979 4325 1113 4379 interdum
1131 4325 1222 4381 ridere
1240 4331 1282 4378 est
1299 4323 1327 4376 in
1344 4323 1424 4377 Luna
1441 4327 1469 4374 et
1480 4319 1595 4376 Venere.
1613 4317 1681 4372 cum
1699 4319 1782 4388 igitur
1799 4316 1859 4371 haec

517 4409 645 4478 utrinque
663 4404 851 4462 diversissimis
869 4403 903 4458 de
922 4403 1010 4458 causis
1028 4403 1068 4457 ita
1085 4403 1217 4471 accidant,
1235 4399 1323 4456 modis
1341 4401 1423 4454 etiam
1441 4396 1638 4465 diversissimis,
1657 4395 1770 4451 alterum
1788 4395 1859 4449 ιιιιιι

517 4502 607 4558 neque
624 4499 708 4541 causa
726 4483 777 4538 erit
795 4497 883 4552 neque
900 4479 1013 4537 effectus
1031 4497 1120 4551 neque
1138 4481 1288 4536 communis
1306 4480 1415 4548 utrique
1431 4479 1471 4533 rei
1489 4493 1581 4544 cansa
1600 4475 1765 4545 comparatio
1782 4474 1859 4543 igitur
1899 4529 1901 4536 ,

517 4565 631 4622 fortuita
648 4571 699 4627 est,
716 4561 824 4616 minime
841 4575 905 4615 vero
924 4561 1048 4618 causalis.
1083 4562 1214 4616 littanto
1233 4559 1338 4615 sithoc
1355 4557 1464 4626 certius,
1483 4571 1518 4611 ex
1535 4554 1780 4625 haccongrueutia
1797 4551 1858 4607 nihil
1899 4545 1901 4614 l

517 4643 646 4702 accedere
665 4639 741 4698 coelo
760 4640 906 4711 dignitatis,
925 4648 954 4696 at
970 4639 1080 4710 iugenio
1097 4638 1246 4694 Ptolemaei
1264 4638 1411 4708 plurimum
1423 4632 1640 4701 existimationis,
1658 4634 1714 4702 qui,
1731 4647 1800 4703 quse
1816 4645 1857 4684 ne·
1899 4633 1901 4672 !

517 4723 645 4780 cessitate
663 4733 767 4776 summa
785 4725 906 4774 motuum
925 4718 996 4775 Solis
1015 4719 1239 4788 planstammque
1255 4717 1327 4772 iuter
1344 4732 1375 4772 se
1397 4714 1608 4784 compositorum
1625 4711 1751 4778 serisque
1766 4707 1857 4762 illumi·
1899 4725 1901 4734 ·

516 4802 573 4856 nati
592 4807 619 4854 et
636 4799 710 4856 risus
728 4797 839 4853 humani
857 4797 891 4852 ad
910 4797 983 4852 hunc
1009 4796 1136 4865 madum,
1164 4811 1244 4865 quem
1262 4795 1384 4862 obtinet,
1411 4793 1538 4863 perlecti,
1565 4798 1778 4859 consequuntur,
1805 4793 1856 4839 taur

517 4889 581 4952 apte
598 4880 689 4951 potuit
707 4877 742 4933 ad
759 4876 993 4932 tetrachordorum
1011 4875 1087 4931 ideas
1105 4875 1223 4929 hnmano
1241 4871 1353 4927 arbitrio
1374 4871 1558 4927 conformatas
1574 4869 1728 4940 applicare,
1750 4861 1856 4952 perinde

517 4975 550 5016 ac
567 4959 591 5014 si
607 4964 704 5014 natura
721 4972 826 5013 summa
843 4963 871 5012 et
887 4971 961 5012 mera
986 4955 1112 5012 libertate
1129 4969 1180 5008 uas
1205 4953 1280 5008 hunc
1305 4950 1491 5008 harmonicum
1516 4948 1694 5019 archetypum
1710 4946 1738 5000 in
1754 4955 1855 5012 appan

516 5039 636 5095 tionibus
654 5037 707 5092 illis
724 5035 924 5094 conformandis
942 5033 1114 5104 spectaverit

602 5135 676 5190 Nota
693 5134 726 5189 IL
762 5133 911 5190 Residuum
928 5130 1038 5188 residuo
1056 5134 1204 5198 comparat,
1221 5135 1265 5185 eat
1276 5128 1366 5198 igitur,
1383 5135 1414 5184 ut
1431 5142 1516 5196 supra
1527 5139 1637 5195 quoque
1655 5123 1761 5189 dimum,
1777 5115 1853 5172 snsc-

515 5219 573 5271 tata
590 5213 764 5284 comparatio,
781 5218 809 5270 et
827 5213 934 5269 omniuo
952 5211 999 5268 dat
1011 5223 1122 5280 operam
1138 5206 1320 5278 Ptolomaeus,
1338 5205 1456 5264 utnulla
1473 5220 1538 5275 pars
1555 5205 1671 5261 musices
1689 5201 1732 5272 aii,
1748 5197 1788 5256 cui
1799 5210 1851 5250 uon

1894 3989 1901 4026 i
