4242 6384
735 729 819 789 Liber
830 729 881 786 111.
901 729 990 802 eaput
1001 727 1052 792 111.
1507 736 1570 798 339

244 907 269 959 dc
284 912 373 960 aanor
391 905 454 974 agit,
474 920 617 965 commuue
636 903 775 998 cuippiam
791 911 836 968 pst
854 910 916 980 tam*
928 902 1098 960 naturalibus
1116 901 1312 974 eccidmtarie,
1331 899 1454 976 tempto
1473 909 1571 972 natura
1642 963 1645 970 ,

243 983 372 1038 subditatis
385 999 459 1042 suae.
477 1001 558 1055 quam
576 982 674 1038 divinus
691 991 827 1052 perpetuo
846 989 873 1036 st
891 979 1081 1048 essentialiter,
1101 980 1201 1050 quippe
1220 997 1290 1050 quae
1308 989 1373 1041 eunt
1390 982 1545 1040 immobilia.

304 1061 375 1116 Nota
392 1061 466 1118 XIII.
492 1061 582 1132 ,Quod
609 1057 700 1116 autem
730 1060 828 1121 statuit
851 1059 881 1114 iu
908 1059 1006 1114 divinis
1025 1057 1145 1128 aliqum
1163 1075 1273 1126 caesam
1291 1060 1413 1130 ipsomm
1426 1062 1570 1132 ,perpetui-

243 1140 283 1192 ao's
300 1139 375 1206 quasi
392 1153 442 1208 per
459 1149 564 1196 motum
589 1143 661 1208 (nam
687 1138 768 1194 etiam
788 1137 823 1191 ad
840 1137 933 1192 divina
958 1137 1078 1206 pertinet
1096 1139 1122 1193 vi
1140 1139 1340 1196 consecutionis
1358 1129 1431 1210 quod
1450 1140 1571 1195 habeant

243 1216 484 1286 inopiumquoo
501 1218 538 1272 sit
554 1224 659 1286 motus,
687 1232 739 1270 seu
755 1231 772 1270 a
790 1215 871 1285 quoi,
896 1213 924 1270 id
942 1213 1084 1270 Aristoteli
1102 1215 1209 1272 ridetur
1226 1215 1314 1278 ocem
1333 1217 1460 1288 irrorare:
1485 1225 1517 1274 ut
1533 1219 1571 1274 ait

244 1311 271 1348 oc
285 1303 362 1362 pacto
382 1293 543 1350 vocabulum
560 1302 650 1352 motus
669 1293 753 1358 ualde
766 1293 952 1364 aequivocum.
1010 1336 1017 1346 s,
1111 1353 1112 1363 ,
1268 1339 1270 1344 .

300 1367 389 1429 Porro
418 1369 570 1431 rationalis
600 1369 760 1430 causaliter
790 1369 849 1428 alia
880 1374 925 1428 est
955 1374 987 1428 ut
1019 1385 1101 1432 mens
1132 1377 1161 1430 ot
1199 1371 1293 1454 vergit
1329 1367 1567 1440 eddivlniorem

243 1459 355 1532 pectem,
388 1455 452 1528 alia
470 1467 503 1516 ut
524 1476 572 1518 ars
596 1467 626 1518 et
648 1463 762 1533 spectat
783 1457 877 1532 msam
900 1461 981 1516 recta
1002 1458 1164 1527 rationem,
1192 1455 1253 1516 alia
1266 1464 1308 1519 ut
1330 1465 1403 1516 mos·
1418 1464 1448 1518 et
1471 1459 1569 1532 vergit

242 1543 407 1604 dumorum
432 1539 513 1627 ΧΠ).
558 1544 615 1606 Par
636 1559 738 1604 omncs
770 1552 829 1603 tres
851 1544 966 1620 species
994 1541 1065 1602 licet
1087 1545 1219 1616 iuvenire
1252 1542 1571 1617 harmonieeu,=asee·,

242 1639 350 1707 [sentem
378 1635 530 1709 proprium
556 1649 644 1691 suum
670 1632 758 1690 finem
785 1624 847 1709 Π)
891 1628 967 1688 Nam
990 1631 1116 1705 primum
1138 1632 1204 1707 ipsa
1226 1633 1316 1706 ratio,
1348 1629 1518 1708 simpliciter
1540 1640 1570 1692 at
1653 1629 1658 1644 ¹

242 1719 370 1776 aivereim
392 1729 515 1791 sumta,
539 1717 617 1778 solet
639 1719 749 1778 ordinis
779 1728 1022 1776 circumsonor
1049 1735 1115 1780 esse
1147 1734 1238 1777 causa
1270 1720 1300 1776 iu
1325 1711 1434 1792 'rebus3
1464 1718 1569 1778 deiude

241 1807 381 1865 armonica
403 1809 433 1864 iu
461 1808 559 1884 specie
580 1807 656 1866 ratio
679 1821 863 1864 commensus
892 1811 938 1863 est
959 1806 989 1861 iu
1013 1800 1187 1864 audibilium
1211 1803 1319 1881 genere
1342 1815 1460 1878 auctor,
1493 1807 1569 1865 sicui

241 1895 287 1950 etio
308 1895 504 1969 imaginativa
526 1893 752 1965 invisibilium,
773 1891 952 1968 Judlcatoria
974 1881 1273 1952 tulioreilectiotiium
1295 1909 1416 1970 genere,
1441 1893 1570 1970 disponit

241 1990 310 2041 utem
331 1979 465 2041 ordinem
486 1981 579 2054 ilium,
603 1982 654 2058 qui
677 1988 721 2040 est
743 1981 774 2038 in
796 1977 990 2052 audibilibus,
1013 1981 1102 2056 uuam
1124 1981 1241 2058 proprie
1265 1981 1491 2040 concinnitatem
1513 1997 1569 2058 ap*

241 2065 353 2126 silemus
370 2065 446 2147 ΠΙ).
490 2068 586 2147 lgitur
613 2069 651 2128 ob
681 2066 895 2144 speculativam
919 2067 1120 2126 inventionem
1143 2070 1460 2130 commensurationem
1482 2085 1572 2148 epec-

241 2161 291 2214 our
309 2173 328 2214 c
349 2157 485 2233 partibus
508 2157 623 2229 mentis,
647 2155 685 2214 ob
702 2155 892 2216 manuariam
913 2169 984 2214 vero
1009 2171 1109 2218 earum
1132 2157 1436 2232 repraesentationem
1459 2173 1477 2216 a
1500 2173 1571 2230 par·
1686 2211 1690 2220 ,

241 2241 291 2300 bus
311 2250 355 2302 cst
378 2246 467 2318 artis,
497 2243 622 2319 denique
651 2243 690 2302 ob
714 2243 954 2330 exercitationem
975 2242 1154 2302 imitativum
1176 2261 1195 2302 a
1217 2244 1349 2322 partibus
1372 2245 1461 2302 moris
1484 2239 1572 2320 ΧΠἸ),

240 2326 318 2388 tboc
338 2329 419 2403 ideo,
442 2333 511 2408 qula
542 2332 572 2388 lu
595 2332 766 2390 uuiversum
796 2331 872 2388 ratio
901 2329 1015 2388 invenit
1042 2328 1162 2405 quidem
1194 2330 1303 2392 bonum
1334 2329 1572 2406 contemplando,

241 2424 413 2490 permaniat
442 2437 513 2478 vero
537 2417 782 2494 comprehensum
803 2414 968 2494 operando,
998 2416 1145 2476 assimilat
1175 2415 1303 2494 donique
1325 2417 1384 2478 albi
1405 2417 1573 2502 subjectum

241 2505 431 2565 memmio
453 2503 519 2544 ΠΗ
544 2551 551 2563 ·
926 2560 930 2568 ι

298 2586 369 2642 lleta
385 2588 460 2642 xlv.
497 2502 568 2644 02η
584 2585 792 2654 ambiguitatem
807 2601 843 2642 ex
860 2583 1077 2658 reduplicatioue
1094 2585 1148 2640 ieta
1166 2574 1358 2654 emergentem.
1394 2586 1483 2640 Erant
1501 2585 1573 2640 enlm
1667 2616 1670 2633 ι

241 2663 307 2717 elem
317 2665 378 2735 tria,
395 2679 470 2734 quae
482 2665 529 2722 hic
540 2670 742 2733 commemorat,
758 2664 840 2720 etiam
852 2665 879 2718 in
892 2664 1042 2736 prioribus,
1060 2669 1118 2720 tres
1130 2663 1224 2720 itidem
1236 2664 1385 2721 secundum
1397 2664 1445 2722 illa
1460 2677 1572 2719 murac:

243 2741 296 2808 ltus.
312 2746 518 2811 ratio‚‚uatura
536 2745 572 2800 ht
589 2759 662 2801 nuuc
679 2742 797 2798 mediam
814 2759 917 2813 earum,
935 2743 1071 2798 rationem
1089 2749 1166 2812 puta,
1187 2743 1346 2813 subdividit,
1367 2743 1523 2799 constitutis
1540 2757 1574 2797 ac

243 2823 335 2889 mediis
351 2825 451 2880 iisdem
468 2823 631 2878 differentiis
649 2822 746 2888 tribus,
765 2821 899 2876 rationem
916 2821 1005 2890 ipram
1023 2819 1208 2875 antdiviuam
1227 2835 1290 2876 osas
1317 2820 1447 2878 scribens.
1466 2827 1513 2874 aut
1530 2837 1573 2876 ra·

243 2897 346 2970 localem,
365 2911 418 2958 ant
433 2903 595 2960 naturalem.
620 2899 738 2955 Scholue
755 2899 962 2968 philosophicae
981 2898 1065 2968 paulo
1084 2897 1163 2954 aliter
1182 2901 1339 2956 incedentes
1368 2901 1463 2974 eodem
1481 2909 1574 2954 tamen

243 2980 328 3034 minut
363 2983 438 3037 Nam
463 2981 602 3051 principes
619 2979 727 3034 animae
753 2977 900 3034 facultates
923 2978 994 3032 dnae
1018 2984 1098 3032 aunt:
1128 2979 1280 3035 theoretice
1306 2987 1334 3035 et
1358 2981 1484 3050 practica
1522 2982 1574 3038 illa

242 3060 320 3124 roprie
337 3081 402 3122 vove
428 3061 528 3115 dicitur
553 3075 604 3116 seu
630 3056 804 3124 intellectus,
831 3057 859 3112 in
886 3057 939 3112 hac
965 3063 1095 3112 censetur
1121 3057 1256 3113 voluutas.
1293 3057 1348 3120 Sed
1375 3059 1408 3114 ds
1432 3061 1574 3118 voluntate

242 3131 387 3193 ltolemaeus
413 3138 544 3207 jamnon
571 3136 718 3208 praecipue
739 3135 831 3205 'agit,·
847 3136 914 3205 quin
942 3135 1035 3204 potius
1053 3135 1089 3189 de
1107 3138 1189 3192 rariia
1207 3135 1320 3191 rationis
1340 3136 1574 3213 diepomionibua,
1655 3171 1658 3180 .

242 3227 325 3278 pamm
344 3217 457 3285 aliquae
474 3219 502 3272 in
525 3214 638 3277 'theoria
661 3223 847 3285 occupantur,
874 3216 983 3284 ffiqsrae
1000 3215 1035 3270 all
1061 3216 1160 3284 praxiu
1187 3230 1248 3270 sese
1276 3224 1414 3270 exserunt.
1450 3217 1494 3272 Ad
1511 3211 1587 3274 illae¹

240 3293 330 3354 ¹seruisset
346 3296 471 3364 scientia,
490 3295 525 3350 ari
544 3295 595 3350 luas
611 3295 733 3350 coelom
752 3303 782 3348 et
797 3294 916 3351 habitus.
942 3295 1010 3349 Cum
1027 3294 1100 3350 enim
1118 3293 1238 3350 estimes
1258 3293 1371 3351 crebrae
1387 3303 1530 3372 transeant
1546 3295 1575 3352 ia

242 3369 335 3435 abitus,
353 3374 395 3428 sic
414 3381 446 3429 ut
463 3375 580 3443 denique
598 3390 653 3430 non
671 3373 829 3442 consilium,
854 3371 904 3428 sed
922 3373 985 3442 ipsa
995 3373 1190 3435 consuetudo,
1208 3372 1326 3429 subnixa
1343 3375 1485 3442 memoris,
1504 3390 1575 3444 quae

243 3447 307 3532 aina
322 3454 430 3508 enimse
450 3453 567 3509 facultas
584 3460 642 3522 est,
670 3453 808 3509 sentiente
826 3460 958 3522 excepta,
982 3452 1131 3508 mulmram
1154 3451 1293 3509 actiouuiu
1311 3467 1396 3508 cause
1412 3451 1473 3508 det:
1500 3459 1575 3510 recte

242 3525 299 3590 ultor
322 3530 448 3597 practica
472 3532 555 3588 animi
581 3530 699 3587 menites
723 3532 753 3586 in
780 3531 849 3586 duas
878 3530 1076 3595 subdividitur,
1103 3547 1185 3588 uuam
1202 3545 1273 3599 quoe
1293 3546 1327 3585 ex
1345 3530 1412 3590 anis
1431 3529 1575 3586 dictamine

243 3616 359 3673 noratur,
387 3609 504 3666 cherum
521 3626 592 3680 quas
609 3627 645 3665 ex
662 3625 737 3666 more
764 3625 813 3665 sen
831 3609 1034 3666 cousuetudine.
1072 3603 1132 3666 lloc
1157 3610 1241 3680 igitur
1259 3615 1340 3678 pecto
1359 3616 1414 3664 tres
1433 3612 1576 3676 emergunt

243 3683 380 3754 vincimies
399 3689 527 3757 iscoram
545 3689 684 3745 facultatis
703 3689 808 3746 enimse
827 3689 973 3758 principle:
1003 3689 1171 3762 intellectio,
1197 3685 1357 3742 exercitatio
1374 3687 1403 3741 iu
1420 3685 1574 3756 intellectis,

243 3767 459 3824 terercitatioue
476 3775 635 3838 compensata
651 3769 770 3825 facilitas
788 3766 970 3839 operationia3
987 3775 1044 3824 tres
1064 3770 1138 3826 modi
1156 3765 1287 3823 causandi
1302 3765 1417 3834 aliquid.
1448 3763 1486 3820 Et
1504 3771 1576 3832 uota,

242 3840 292 3904 leod
307 3843 478 3903 Ptolemaeus
495 3862 551 3902 uou
570 3847 650 3913 dicit,
677 3847 748 3916 tria,
776 3865 846 3916 quae
864 3849 910 3903 hic
927 3853 1133 3914 commemorat,
1160 3859 1222 3902 esse
1245 3844 1307 3911 ista,
1326 3851 1454 3910 meremur,
1481 3850 1576 3911 amam,

242 3926 329 3987 loven,
346 3924 395 3978 sed
415 3925 488 3993 dicit,
508 3941 570 3982 esec
587 3927 635 3981 illa
653 3937 685 3983 ut
701 3935 836 3995 mentem,
855 3935 887 3982 ut
904 3937 1007 3993 mem,
1032 3932 1064 3980 ut
1082 3939 1191 3980 morena
1228 3924 1299 3980 Nam
1317 3937 1379 3978 moe
1395 3936 1444 3978 seu
1462 3935 1578 3981 consue·

242 3996 288 4050 filo
303 4003 493 4071 complectitur
509 4005 621 4061 babitus
648 4023 761 4074 omues,
787 4015 817 4061 at
841 4005 923 4063 etlam
940 4019 986 4060 ars
1012 4005 1084 4060 iuter
1096 4002 1220 4058 ,habitus
1239 4001 1436 4068 catonemque
1454 3997 1575 4062 scientia,

244 4080 317 4133 mnia
333 4083 446 4152 propria
462 4084 615 4154 dispositio.
650 4085 714 4140 Non
731 4091 926 4140 commemorat
942 4083 1027 4150 igitur
1043 4080 1220 4136 Ptolemaeus
1238 4085 1294 4132 tres
1312 4076 1432 4146 habitus,
1451 4074 1500 4132 sed
1518 4082 1576 4136 trtti

245 4149 307 4210 ltus
321 4160 403 4214 animi
420 4160 566 4218 facultates
579 4177 726 4232 earumque
739 4162 872 4230 energias,
890 4159 1158 4229 quacumquelibet
1175 4159 1223 4214 uni
1241 4157 1374 4214 dictarum
1386 4155 1468 4212 trium
1485 4169 1576 4210 rerum

245 4235 381 4316 similatur
399 4239 443 4298 rel
461 4249 579 4312 cogam
597 4248 648 4298 est
682 4241 837 4297 Intellectio
855 4239 928 4296 euim
946 4254 995 4294 seo
1013 4239 1099 4308 magis
1118 4237 1238 4292 inventio
1255 4237 1285 4292 iu
1303 4233 1443 4306 praesenti
1460 4231 1575 4288 materia

245 4318 293 4364 utra
306 4319 401 4372 uentis
427 4322 580 4389 penetralia
596 4323 726 4388 verdier,
752 4320 911 4376 exercitatio
940 4334 1001 4374 sese
1020 4319 1095 4372 foras
1114 4317 1149 4372 ad
1168 4315 1280 4371 senelliu
1298 4313 1415 4384 profert,
1443 4311 1575 4386 aquiline

245 4383 376 4474 &onoma
393 4399 515 4467 capimus
543 4400 625 4459 artis,
650 4415 706 4468 qua
730 4397 834 4467 polleat
857 4413 991 4467 operans,
1019 4395 1144 4464 operatio
1171 4409 1205 4450 ex
1233 4393 1329 4450 habitu
1349 4406 1379 4448 se
1397 4391 1457 4460 ipsa
1474 4387 1574 4444 intelll-

247 4476 307 4538 ntur,
332 4475 419 4542 qualis
438 4477 479 4532 sit.
515 4477 617 4534 Differt
633 4478 705 4532 enim
723 4477 775 4531 hoc
793 4475 855 4532 loco
873 4476 902 4530 iu
919 4474 1076 4532 Ptolemaeo
1096 4473 1256 4530 exercitatio
1275 4471 1425 4531 secuudum
1441 4477 1528 4524 amem
1546 4477 1575 4528 et

247 4551 337 4610 titurio
354 4571 388 4609 ex
407 4555 515 4624 babitu3
543 4573 598 4624 quo
616 4553 683 4612 artis
700 4553 833 4612 vocabulo
856 4553 914 4622 jam
933 4553 1053 4622 noudum
1080 4553 1313 4622 praesupponitur
1337 4549 1447 4606 habitur
1465 4547 1493 4602 iu
1511 4547 1573 4617 Ipso
1631 4547 1636 4560 “

247 4633 370 4698 noscente,
397 4634 574 4704 inquantum
593 4652 622 4692 se
641 4641 769 4701 exercet,
797 4630 846 4688 sed
870 4631 1059 4688 tautummodo
1087 4631 1223 4688 dictamen
1250 4632 1377 4694 rationis,
1403 4627 1478 4686 velot
1495 4637 1574 4682 extra

248 4706 328 4761 iones:
352 4719 380 4765 at
397 4714 480 4769 moris
498 4730 548 4770 seu
566 4713 677 4771 habitus
695 4713 830 4779 uocabulo
845 4711 1008 4780 intelligitur
1025 4710 1133 4778 affectio
1152 4711 1238 4780 ipsius
1256 4708 1423 4780 operantu,
1437 4714 1572 4776 quatenus

248 4791 351 4844 litetur.
386 4792 492 4846 Morem
518 4807 569 4847 scu
586 4793 813 4848 consuetudinem
840 4791 875 4846 ed
893 4799 1010 4846 naturas
1024 4795 1122 4858 partes
1139 4788 1270 4846 inclinare
1289 4789 1369 4856 dicii,
1397 4784 1519 4854 qmmsis
1536 4785 1576 4864 sit

249 4861 331 4920 ntionh
345 4872 463 4937 species:
487 4871 553 4940 qnia
571 4871 643 4926 sicut
660 4885 759 4928 causae
776 4868 915 4924 naturales
941 4876 1028 4938 agunt
1044 4867 1104 4924 siue
1123 4866 1258 4937 discursu,
1276 4866 1378 4938 quippe
1397 4881 1451 4933 quo
1470 4869 1571 4934 mmet,

250 4944 349 5022 trgum
363 4963 470 5018 semper
487 4949 583 5006 eodem
601 4950 767 5019 modu—nou
783 4948 939 5017 impeditae,
957 4947 1107 5012 vicetiam,
1127 4945 1201 5016 quod
1218 4961 1255 5002 ex
1272 4959 1347 5000 more
1365 4941 1405 5012 lit,
1422 4941 1450 4998 id
1468 4941 1586 5012 simpli-¹

251 5023 295 5070 tter
308 5033 332 5075 et
347 5026 504 5098 plerumque
522 5045 578 5084 uon
596 5044 630 5084 ax
648 5026 799 5091 deliberato
817 5025 857 5081 fit.
1054 5078 1062 5088 ,

309 5099 375 5160 ilota
391 5106 447 5160 XV.
482 5107 546 5162 Iam
572 5106 760 5162 accommodet
784 5103 921 5174 triplicem
946 5101 1018 5157 hanc
1042 5101 1182 5170 energiam
1199 5099 1313 5156 rationis
1340 5097 1376 5154 ad
1400 5099 1571 5168 propositum

252 5169 365 5254 illectum,
382 5185 539 5254 acilicmad
555 5184 721 5244 barmoniae.
756 5183 892 5252 Primum,
909 5198 978 5254 quas
997 5197 1048 5251 ego
1063 5179 1263 5250 jcueuergiss
1281 5177 1352 5248 dixi,
1370 5175 1493 5307 appellat
1510 5177 1570 5248 ipss

652 5285 656 5294 “
1342 5273 1382 5332 22
