4242 6384
525 791 593 850 aas
997 752 1410 855 cessissemusne

527 971 556 1022 ιι
577 964 791 1040 ιιιὶιιίιιιριιι
822 963 997 1024 mustelas.
1042 963 1127 1024 More
1158 971 1309 1040 receptum
1337 979 1402 1024 esso
1415 966 1524 1042 ιιιιιί,
1555 965 1581 1021 si
1604 959 1712 1038 dogma
1732 959 1855 1036 quoddam

527 1051 601 1110 hene
615 1051 785 1110 'stabilitum
809 1061 862 1120 est,
880 1059 920 1112 ut
942 1065 1008 1110 oum
1032 1051 1248 1126 objectionibus
1272 1059 1375 1128 postea
1389 1050 1550 1115 levioribus
1567 1051 1751 1124 transigatur.
1786 1047 1857 1105 Gan·

526 1153 637 1214 panae,
662 1139 774 1212 inquis,
800 1139 827 1194 iu
852 1137 968 1216 templis
990 1139 1110 1197 minime
1132 1137 1221 1197 silent
1241 1141 1271 1194 in
1293 1141 1480 1216 oppositione
1503 1137 1606 1196 Lanae
1628 1153 1696 1194 cum
1717 1135 1859 1204 malevolis,

525 1235 611 1300 peste
633 1234 794 1299 grassante.
841 1224 872 1283 Si
898 1228 970 1286 bene
993 1225 1129 1300 conjicio,
1152 1235 1185 1284 tu
1207 1227 1320 1300 patriae
1343 1235 1544 1285 tuac-morem
1567 1224 1737 1298 hictangis,
1759 1224 1786 1278 in
1805 1237 1861 1297 qus,

526 1315 587 1388 qui·
600 1321 667 1370 sunt
690 1314 719 1368 in
744 1327 839 1386 agone
863 1315 1023 1384 constituti,
1048 1315 1069 1370 ii
1092 1325 1254 1390 campanae
1276 1315 1361 1388 signo
1374 1315 1530 1388 impetrato
1548 1309 1683 1387 publicas
1698 1325 1795 1386 precer
1813 1309 1863 1364 sel-

418 1418 426 1428 ·
525 1399 648 1458 licitant.
693 1397 758 1458 Non
782 1408 861 1458 caret
884 1399 958 1460 haec
981 1401 1150 1458 observatio
1173 1400 1259 1458 laude
1282 1419 1338 1458 sua
1360 1400 1531 1474 diligentiae
1554 1406 1584 1456 et
1604 1398 1864 1472 cicumspectionis.

525 1485 604 1544 Illud
626 1487 715 1545 etiam
737 1484 906 1563 philosophi
929 1488 1082 1544 remittent.
1099 1489 1229 1544 raorihus
1252 1487 1447 1561 astrologicae
1462 1484 1645 1562 disciplinae,
1669 1484 1749 1560 quod
1771 1485 1806 1542 ah
1820 1483 1865 1538 hoe

526 1573 631 1632 effectu
655 1575 857 1648 oppositiones
880 1571 1004 1632 lethales
1028 1581 1057 1632 et
1080 1575 1226 1632 violentas
1249 1568 1391 1652 appellas,
1415 1576 1471 1633 etsi
1495 1575 1547 1648 qni
1569 1587 1615 1630 me
1635 1572 1729 1642 audit,
1752 1569 1800 1628 ille
1818 1586 1865 1624 aon

525 1662 622 1734 magia
644 1662 855 1735 oppositiones,
880 1677 968 1735 quam
990 1661 1038 1718 vel
1061 1662 1186 1722 haustm
1208 1671 1383 1738 purgantes,
1406 1661 1561 1738 clystercs,
1585 1661 1744 1717 vomitoria
1766 1655 1810 1714 rel
1829 1658 1866 1712 di·

526 1749 703 1806 minutiones
726 1750 879 1822 sauguinis
903 1747 1026 1806 lethales
1050 1757 1080 1807 ιι
1103 1749 1250 1806 violentas
1274 1749 1360 1806 dicet.

614 1833 693 1892 Vera
716 1837 793 1892 enim
816 1843 886 1892 sunt
908 1833 1038 1910 epitheta
1061 1835 1098 1893 de
1121 1835 1347 1910 particularibus
1368 1832 1520 1892 nonnullis
1541 1833 1715 1904 eventibus,
1743 1829 1829 1890 laisa.
1848 1833 1866 1886 si

526 1921 577 1980 vel
600 1929 734 1980 naturam
757 1921 860 1979 harum
884 1921 1058 1992 rerumve}
1082 1925 1224 1980 intentum
1248 1924 1376 1980 auctoris
1398 1929 1523 1998 spectes.
1568 1920 1656 1996 Legis
1685 1918 1734 1975 his
1757 1933 1867 1974 consona

525 2008 577 2068 t'ol.
593 2009 668 2066 ιιι)
691 2007 756 2066 lihri
781 2011 837 2066 ruci
861 2007 913 2066 lv.
961 2009 1036 2084 Ergo
1061 2019 1092 2066 tu
1115 2009 1190 2066 hane
1213 2009 1407 2085 antipathiam
1429 2009 1578 2087 appellas,
1605 2005 1804 2083 sympathiam
1825 2021 1867 2060 ue·

524 2113 590 2170 gas.
638 2095 701 2152 laio
725 2097 845 2171 iuquam
869 2113 938 2170 egos
963 2099 988 2153 si
1011 2111 1077 2154 cum
1100 2096 1258 2172 astrologis
1273 2097 1429 2171 loquimur,
1451 2112 1532 2153 mera
1554 2094 1627 2153 haec
1641 2102 1690 2152 ιιι
1705 2091 1867 2169 sympathia.

523 2185 569 2255 si,
604 2197 663 2257 quo
687 2191 817 2259 tempore
841 2181 925 2242 launa
956 2181 1138 2256 aSatnnso,
1172 2199 1261 2259 aeger
1283 2193 1471 2260 oppugnatur
1492 2201 1511 2239 a
1532 2181 1652 2254 morbo,
1683 2182 1763 2250 nisi,
1793 2182 1868 2234 missa

526 2267 698 2331 coelestium
722 2279 750 2328 et
768 2269 974 2328 sabinianum
998 2273 1245 2336 consociatione,
1263 2269 1360 2328 sidera
1380 2272 1502 2329 seorsim
1529 2267 1715 2337 consideres,
1749 2268 1804 2322 uisi
1825 2267 1867 2321 hoc

526 2355 678 2425 adscribas
700 2356 855 2414 radiationi
878 2375 913 2414 er
937 2359 1091 2432 opposito,
1123 2357 1202 2432 qnod
1229 2366 1299 2416 tane
1322 2357 1465 2416 Saturnus
1494 2363 1524 2414 ιι
1548 2357 1632 2414 leuna
1661 2357 1742 2412 iuter
1765 2369 1797 2410 se
1819 2351 1868 2408 dis·

524 2442 649 2501 sideant
694 2443 786 2519 Atqui
816 2461 852 2502 ne
874 2447 917 2502 sic
947 2442 1065 2519 quidem
1099 2447 1249 2522 oppositio
1271 2447 1397 2504 sustirrtn
1424 2444 1606 2520 antipathiae
1637 2443 1761 2500 crimen.
1805 2439 1866 2496 Nan

525 2529 600 2589 haee
622 2530 796 2606 antipathia,
820 2533 1014 2590 sciscentibus
1034 2532 1200 2604 astrologis,
1224 2549 1276 2608 per
1298 2541 1431 2590 naturam
1452 2531 1529 2590 inest
1550 2529 1709 2601 sideribus,
1735 2543 1771 2586 ac
1791 2543 1867 2603 prop

525 2623 607 2677 terea
629 2633 687 2674 uon
713 2620 740 2674 in
765 2619 950 2692 oppositione
972 2618 1068 2678 solum
1091 2627 1185 2689 tenet,
1219 2617 1383 2678 sedetiam
1407 2622 1436 2675 iu
1459 2617 1653 2694 quadratura,
1674 2619 1714 2672 ‘in
1740 2614 1866 2688 conjunc·

524 2707 615 2764 tione.
661 2704 704 2762 lix
726 2703 852 2762 adverso
875 2705 914 2764 da
938 2704 1099 2766 beneficum
1121 2706 1278 2781 planetam,
1301 2705 1374 2763 nihil
1389 2708 1444 2764 erit
1466 2707 1495 2762 in
1518 2705 1582 2780 ajars
1603 2705 1795 2780 oppositione
1815 2715 1866 2757 esu

525 2790 610 2852 Luna
633 2791 769 2866 periculi,
801 2807 859 2868 quo
884 2791 919 2850 de
943 2801 1079 2850 moneant
1103 2793 1255 2867 astrologi.
1304 2793 1369 2851 lion
1392 2802 1437 2850 est
1459 2807 1529 2868 ergo
1554 2790 1588 2848 'in
1610 2791 1803 2866 oppositione
1822 2789 1866 2844 sin

525 2894 621 2953 neque
644 2878 812 2954 sympathia
833 2894 929 2954 neqtre
952 2879 1127 2954 antipathia,
1153 2877 1206 2938 sed
1228 2883 1305 2938 eires
1328 2880 1424 2938 dolum
1448 2879 1632 2938 eihcacitatis
1654 2877 1794 2958 majores.

614 2965 704 3040 Atqui
735 2965 792 3026 hoe
816 2969 909 3040 ipsum
934 2975 994 3038 eet,
1028 2965 1109 3046 quod
1139 2983 1204 3024 euro
1228 2970 1421 3026 consonantia
1451 2983 1557 3026 vocum
1588 2965 1756 3040 comparari
1785 2961 1865 3018 dehet

525 3046 613 3126 Quod
636 3053 713 3110 enim
737 3066 780 3112 est
804 3054 832 3110 in
856 3053 971 3128 eligniis
1001 3047 1178 3131 efficacitas,
1201 3055 1257 3114 hoe
1280 3065 1325 3114 est
1354 3057 1382 3110 in
1406 3055 1529 3112 vocihna
1556 3053 1768 3122 consonantia,
1801 3044 1865 3123 quod

525 3137 586 3201 illic
619 3137 823 3209 iuelficachss,
857 3139 886 3197 id
916 3139 963 3198 hio
996 3149 1040 3198 est
1071 3141 1263 3213 dissonantia,
1306 3141 1382 3201 Nam
1408 3143 1463 3200 etsi
1493 3140 1655 3217 particulae
1686 3155 1747 3198 con
1777 3145 1805 3194 ιι
1832 3134 1866 3190 dir

523 3229 761 3285 contrarietatem
784 3228 951 3298 insinuant,
977 3245 1035 3285 non
1058 3236 1224 3286 esttamen
1252 3245 1323 3288 vera
1345 3230 1535 3288 contrarietas
1558 3231 1633 3285 inter
1655 3223 1866 3285 consonantiae

525 3321 555 3372 ιι
583 3311 810 3384 dissonantiam,
840 3312 893 3372 ιιι
921 3316 1069 3388 oppositio
1098 3315 1222 3390 simplex
1244 3315 1486 3386 contradictoria,
1518 3326 1578 3372 non
1605 3317 1635 3370 in
1666 3312 1736 3370 idea
1768 3320 1866 3367 tantun

526 3401 600 3462 inter
633 3401 774 3474 angulum
804 3403 999 3472 geometricae
1031 3400 1255 3476 pulchritudinis
1287 3406 1406 3461 nnieurn
1436 3411 1467 3459 et
1487 3401 1616 3458 infinitos
1646 3415 1705 3458 non
1728 3397 1865 3480 pulchros.

525 3485 579 3545 ιιι
609 3489 698 3544 etiarn
726 3488 756 3544 in
786 3487 889 3544 ellectu
918 3487 1122 3546 delectationis
1151 3500 1181 3547 et
1203 3486 1372 3549 offensionis
1400 3490 1522 3547 aurium.
1567 3487 1644 3546 Nam
1676 3485 1866 3557 sidiligentcr

526 3571 677 3646 attendas,
710 3576 774 3650 ipso
797 3567 940 3632 coudirsu
962 3591 1101 3632 sonorum
1130 3591 1188 3633 non
1211 3579 1306 3652 ιιιςίι
1329 3575 1484 3636 offenditur
1513 3574 1643 3647 auditus,
1676 3577 1703 3632 si
1727 3575 1793 3631 soni
1815 3569 1864 3626 dis-

525 3667 640 3732 sonent,
664 3678 751 3735 qrrarn
773 3663 800 3718 si
823 3671 992 3733 consonent,
1026 3673 1080 3720 nec
1102 3661 1192 3724 uliam
1214 3665 1437 3722 edissertanda
1462 3666 1627 3738 passionem
1648 3663 1778 3738 sustinet
1806 3673 1865 3714 cor·

527 3749 643 3806 trariara
665 3747 871 3820 delectationi,
894 3749 947 3808 sed
967 3747 1035 3807 ieleo
1059 3749 1155 3808 solum
1178 3749 1258 3809 dolet
1281 3753 1320 3810 oh
1342 3751 1555 3823 dissonantias,
1578 3752 1649 3825 qaia
1670 3748 1864 3818 circumgestat

524 3841 667 3909 cognatas
681 3835 772 3894 ideas
794 3851 932 3894 sonorum
955 3839 1188 3909 consonantium,
1211 3855 1287 3913 quos
1308 3855 1374 3897 curn
1393 3837 1553 3908 desideret,
1576 3839 1686 3912 quippe
1704 3837 1769 3911 jara
1792 3841 1864 3888 antes

527 3919 707 3996 degustatos,
732 3921 798 3981 ideo
822 3911 953 3999 privatus
976 3925 1013 3982 iis
1036 3926 1154 3983 tristitia
1176 3925 1356 3986 contrahitur
1377 3928 1493 3983 animus
1516 3926 1651 3993 interior,
1676 3939 1735 3980 non
1760 3918 1862 3977 auditus

524 4011 553 4066 in
576 4012 681 4070 mentis
704 4011 801 4068 limiae
824 4013 947 4085 positas.
994 4011 1043 4070 Sic
1067 4014 1096 4068 in
1119 4028 1209 4088 puero
1232 4011 1313 4070 aliud
1335 4020 1383 4071 est
1403 4013 1496 4070 lames
1518 4011 1568 4068 vel
1590 4011 1654 4068 sitis
1679 4026 1764 4080 rera,
1794 3999 1860 4064 alind

524 4095 631 4178 cupido
657 4096 791 4156 vescendi
815 4097 856 4156 ιι
875 4099 983 4156 cerasis
1006 4101 1044 4155 oh
1068 4099 1171 4158 oeulos
1193 4100 1311 4174 positis,
1340 4117 1417 4175 quae
1439 4102 1496 4156 nisi
1519 4099 1689 4156 memoriam
1712 4089 1861 4153 dulcedinis

524 4181 634 4242 dudum
657 4183 828 4258 degustatae
852 4187 1027 4248 refricarent.
1051 4185 1132 4243 nuda
1153 4188 1199 4243 aui
1222 4187 1491 4262 ahsentiapuerum
1514 4179 1572 4243 noa
1594 4193 1772 4259 torquerent.
1808 4177 1861 4235 flor

524 4272 614 4346 igitur
635 4271 771 4344 obtento,
804 4271 876 4330 nihil
906 4273 1005 4330 obstat
1034 4272 1246 4331 dissonantiam
1277 4273 1416 4350 copulare
1446 4289 1512 4332 cum
1534 4271 1755 4341 inefficacitate,
1789 4261 1861 4342 quasi

524 4375 601 4432 quae
623 4355 704 4415 unda
725 4361 763 4416 sit
785 4361 913 4433 negatio,
937 4375 994 4416 non
1018 4362 1126 4435 positio
1148 4362 1285 4422 contrarii
1307 4363 1400 4438 ipsius
1422 4357 1614 4418 efficacitatis.

611 4442 796 4520 Superllnum
818 4447 979 4519 existimas,
1003 4447 1102 4522 plures
1117 4448 1273 4506 ohservare
1296 4457 1432 4523 aspectus
1453 4465 1541 4523 quarn
1562 4448 1701 4522 emaque.
1747 4442 1861 4500 Primuu

523 4547 582 4590 uon
606 4539 651 4590 ιιι
661 4532 848 4608 superfluum,
873 4531 968 4590 dicere
992 4549 1087 4592 rerum
1109 4537 1313 4610 apparentium
1328 4550 1448 4608 eensas;
1472 4543 1504 4592 nt
1525 4536 1559 4606 ai,
1583 4549 1642 4610 qao
1658 4541 1787 4608 tempore
1800 4520 1859 4582 nulli

525 4627 594 4676 aaut
616 4629 752 4694 aspectus
775 4635 811 4678 ex
834 4621 972 4694 antiquis,
999 4619 1114 4678 rideam
1136 4631 1270 4682 naturam
1285 4625 1442 4702 praecipue
1457 4623 1651 4697 commereri,
1674 4610 1859 4694 dignaphilu·

524 4705 619 4782 sopho
643 4723 712 4764 cura
734 4712 780 4768 est
801 4723 949 4782 quaerere,
974 4723 1063 4781 quam
1086 4709 1125 4767 oh
1147 4725 1207 4766 rem
1230 4712 1414 4785 potissimum
1437 4707 1494 4766 hoe
1517 4710 1581 4785 ipso
1596 4705 1645 4765 'die
1660 4717 1772 4764 natura
1791 4714 1858 4758 eon·

523 4800 696 4867 moveatur3
725 4792 815 4866 digua
836 4803 882 4868 ιιι
904 4793 1080 4870 philosopho
1103 4797 1219 4870 opinio,
1251 4795 1416 4868 sirideat‘,
1449 4797 1501 4854 illo
1524 4795 1572 4854 dia
1598 4811 1667 4853 esse·
1686 4796 1760 4850 inter
1780 4789 1856 4846 banos

524 4879 658 4956 planetas
675 4876 878 4953 semisexttim,
901 4879 1102 4956 recipiendum
1124 4881 1256 4942 fortassis
1273 4887 1308 4942 in
1329 4899 1481 4942 nnmerum
1503 4889 1534 4942 et
1554 4884 1760 4953 comissatum,
1784 4875 1856 4946 ditm

523 4965 699 5043 philosopho
728 4967 887 5040 sedulitas,
920 4967 1084 5028 attendam*
1102 4970 1139 5028 ad
1170 4970 1281 5029 similes
1310 4973 1481 5030 occasiones
1513 4969 1596 5028 alias.
1642 4969 1680 5038 Et
1703 4963 1855 5026 saturnu

524 5061 578 5112 ιιι
623 5053 700 5114 liam
722 5055 758 5114 de
780 5055 870 5132 hujus
893 5064 1030 5132 aspectus
1052 5055 1227 5117 efficacitate
1247 5061 1347 5121 testati
1361 5067 1430 5117 suat
1451 5058 1663 5133 meteoroseopi
1686 5062 1754 5112 ante
1768 5058 1854 5109 cauti

523 5141 659 5200 inventas
682 5141 817 5218 adeoque
839 5158 889 5218 me¹
908 5157 965 5202 uon
989 5143 1173 5203 mediocriter
1201 5148 1330 5204 exercuit
1358 5145 1406 5204 hic
1428 5147 1623 5217 semisextus,¹
1650 5149 1683 5202 at
1705 5153 1802 5201 causas
1820 5130 1854 5188 tlt

524 5231 731 5295 constituerem
753 5236 934 5306 aspectuum,
958 5239 993 5290 ut
1013 5233 1102 5292 etiam
1123 5230 1172 5291 hie
1193 5235 1284 5310 recipi
1306 5234 1335 5290 in
1350 5243 1502 5292 numeram
1521 5238 1631 5309 posset,
1656 5247 1722 5290 eum
1736 5224 1852 5286 vidum
