4242 6384
750 845 756 857 ’
857 820 997 892 Apologia
1538 832 1603 892 ios

260 1011 331 1060 tenes
355 1017 423 1060 ecoe
447 1003 621 1074 institutum,
646 1001 771 1077 opponis
794 1001 879 1059 tibi
872 1003 928 1078 ipsi
952 1003 1013 1058 viru
1035 1000 1112 1062 Solis
1135 1000 1337 1060 admirabilem
1369 1003 1487 1063 duabus
1509 1005 1604 1082 ιιιιιιιιι

258 1089 374 1166 paginis.
420 1081 498 1164 Quid
521 1089 621 1148 hostes
645 1088 767 1162 iaciant,
795 1075 897 1146 dictent
919 1089 944 1146 si
968 1089 1039 1148 talia
1062 1097 1195 1147 auctores
1218 1091 1275 1164 ipsi
1305 1089 1343 1148 de
1363 1094 1426 1150 auis
1455 1092 1603 1168 dogmati·

258 1175 326 1234 bus?
372 1176 431 1233 Our
454 1184 485 1234 ut
507 1176 579 1234 mibi
603 1178 771 1252 oppositum
794 1185 942 1250 ostentas,
966 1175 1075 1252 quod
1068 1193 1144 1252 ipse
1154 1177 1388 1237 luculentissima
1410 1183 1544 1240 oratione
1567 1181 1604 1240 de
1665 1231 1671 1240 .

258 1263 329 1323 Solis
353 1261 497 1338 dignitate
515 1263 700 1342 protelasiii

338 1347 397 1409 Sed
429 1353 506 1409 enini
530 1351 581 1410 Sol
603 1353 659 1410 tibi
682 1353 818 1426 geminus
847 1358 908 1422 est,
941 1365 1017 1408 unus
1040 1351 1261 1432 inconspicuus,
1292 1359 1322 1408 et
1349 1350 1393 1410 illi
1423 1361 1456 1411 ut
1477 1356 1603 1433 principi

258 1438 406 1495 tribuenda
428 1441 485 1496 ista
509 1441 617 1498 omnia
664 1437 786 1496 Invenio
808 1438 928 1508 inferius
951 1439 1038 1496 etiam
1061 1424 1195 1514 planetas
1222 1441 1396 1512 geminatos
1440 1441 1602 1516 Ecquando

258 1525 369 1582 tandem
398 1524 486 1584 briem
517 1521 658 1603 imponis,
691 1525 839 1594 Roberte,
873 1525 1113 1586 nomenclaturae
1145 1535 1214 1582 tuac
1247 1527 1445 1586 arbitrariae?
1490 1529 1602 1605 Solent,

257 1614 358 1688 quibus
382 1613 460 1671 oculi
484 1615 553 1672 vlno
577 1623 607 1674 et
629 1609 749 1688 crapula
772 1603 925 1687 diriguere,
948 1611 1066 1686 singula
1081 1629 1141 1692 per
1155 1627 1280 1670 errorem
1302 1617 1459 1674 aestimare
1474 1621 1601 1692 gemina,
1652 1690 1655 1699 Ι

257 1719 320 1756 rrum
344 1699 447 1758 eedem
470 1703 516 1760 vis
545 1703 583 1763 sit
614 1702 774 1760 cerevisiae
799 1701 1001 1771 Britannicae,
1031 1715 1092 1756 non
1123 1699 1220 1758 babeo
1252 1699 1357 1758 dicere.
1403 1701 1469 1790 Neu
1499 1721 1600 1764 sumus

257 1799 347 1844 tamen
372 1787 446 1847 adeo
471 1789 612 1863 carnales,
636 1795 668 1846 ιιι
691 1803 757 1845 cunr
773 1781 860 1859 Solis,
884 1795 917 1863 ιιιΙ
933 1788 1125 1858 imminenti,
1147 1788 1249 1845 munia
1269 1803 1421 1847 cantamus
1435 1783 1599 1864 inmundo,

256 1877 413 1950 sapientiae
444 1879 590 1934 creatricis
619 1873 842 1946 obliviscamur,
872 1889 951 1949 quae
981 1877 1172 1933 instrumento
1200 1876 1299 1934 utitur.
1345 1875 1420 1934 Nem
1448 1883 1600 1952 quaerenti

256 1964 318 2034 ribi,
348 1979 405 2022 cur
426 1980 490 2022 non
513 1963 718 2021 αιιιιιιιιιιιιιιιι
739 1963 936 2020 harmoniam
966 1963 1182 2022 alerneniorum
1201 1964 1306 2036 potius
1323 1965 1475 2039 principi,
1502 1985 1599 2042 quom

253 2053 437 2126 principioio
460 2049 563 2130 (Soli),
587 2049 751 2128 respondeo
775 2065 845 2124 ego,
869 2049 961 2122 bunc,
989 2065 1078 2124 quem
1101 2051 1240 2124 inopere
1262 2064 1328 2108 meo
1351 2049 1521 2112 harmonico
1543 2053 1597 2113 dc·

256 2139 324 2210 texi,
358 2145 493 2195 ornatum
516 2146 652 2202 ιιιοιιιιιιιιΙ
671 2137 872 2196 harmonicum
895 2153 949 2195 nec
972 2151 990 2193 a
1013 2135 1125 2194 vuibili
1146 2135 1215 2195 Sole
1238 2153 1320 2210 esse,
1352 2155 1408 2198 nee
1429 2139 1467 2197 ab
1490 2143 1599 2216 inobi-

253 2223 301 2280 la'li
323 2223 426 2300 aliqua
449 2234 591 2300 creatura,
612 2217 668 2283 ¹sad
691 2228 815 2302 primum
839 2241 902 2283 esse
925 2231 1098 2300 conceptum
1121 2225 1150 2280 is
1173 2222 1334 2300 archetypo
1356 2231 1463 2284 meritis
1478 2227 1598 2287 divinae

253 2310 336 2386 idque
360 2314 400 2370 ab
423 2323 561 2386 aeteruo;
585 2311 690 2372 deinde
713 2315 741 2370 iu
765 2320 895 2388 tempore
917 2328 969 2388 per
991 2314 1085 2387 ipsum
1106 2311 1287 2369 creationem
1312 2323 1500 2388 procuratum
1521 2332 1597 2388 esse,

253 2407 281 2455 ut
303 2405 384 2458 esset
405 2396 464 2478 [bic
487 2415 574 2476 quem
598 2417 653 2475 ego
678 2397 781 2478 doceo)
812 2409 865 2457 nec
894 2401 923 2455 in
945 2397 1098 2457 elementis
1128 2415 1183 2456 nec
1213 2400 1242 2455 iu
1265 2399 1466 2468 elementatis,
1490 2403 1573 2460 sed
1567 2421 1596 2460 ιιι

252 2485 376 2543 motibus
399 2487 585 2568 planetarum
608 2487 793 2546 coelestibus.
838 2485 900 2549 Nec
923 2501 1036 2566 opus
1018 2484 1110 2544 babet
1140 2486 1222 2543 baec
1236 2485 1401 2560 harmonia,
1434 2497 1468 2547 ut
1490 2491 1597 2575 otiam-

252 2589 314 2630 num
345 2573 435 2632 bodie
461 2575 608 2654 procedet
639 2575 677 2633 ub
700 2577 807 2632 αιιιιιιιι
837 2591 889 2631 reu
920 2559 1038 2632 nature
1067 2572 1170 2630 lueida
1187 2577 1361 2647 primoris,
1391 2577 1469 2634 sieut
1491 2565 1598 2637 vedius

250 2660 320 2718 solet
345 2663 467 2738 excitari
491 2681 510 2721 a
532 2661 635 2721 flatore
659 2659 697 2720 ad
721 2655 884 2738 implendas
907 2659 1037 2731 listulas,
1069 2663 1292 2718 consonantiam
1314 2661 1459 2737 edituras3
1490 2659 1599 2724 scilicit

251 2753 337 2820 enirn,
375 2759 407 2807 itt
438 2751 571 2808 extremi
586 2750 771 2825 planetarum
802 2759 900 2808 motus
927 2747 1130 2806 moderatione
1160 2750 1445 2808 ecceutrlciiatum
1438 2767 1470 2806 ιιι
1499 2760 1598 2811 ianm

249 2837 303 2892 sini
326 2839 487 2911 expressi
483 2835 679 2909 celeritates,
701 2843 829 2912 quantae
859 2833 1110 2912 comprehendant
1137 2838 1355 2912 proportionem
1382 2837 1596 2913 harmonicum

251 2923 365 2996 sufficit,
390 2926 520 2984 animaru
543 2941 616 3008 esse,
642 2941 728 3000 quac,
752 2925 957 2983 cameriatunt
979 2923 1049 3024 illae
1071 2927 1292 3001 proportiones,
1312 2922 1381 2984 illas
1404 2934 1434 2983 et
1455 2927 1599 3020 percipiat

249 3021 274 3066 ei
295 3012 365 3069 ali
357 3011 395 3067 ils
418 3011 553 3070 irritetur

331 3096 475 3173 Sequitur
497 3098 580 3157 locus
594 3085 693 3173 paulo
716 3097 953 3172 tolerabilior;
946 3097 1050 3172 rumpis
1080 3108 1241 3172 agnoscere
1263 3099 1390 3175 animam
1421 3099 1514 3158 circa
1520 3099 1598 3164 bauo

247 3194 440 3243 meteororum
465 3185 610 3244 cilicinam
644 3193 832 3262 occupatam,
863 3199 929 3242 eam
959 3201 1028 3243 vero
1060 3182 1133 3242 dicis
1167 3175 1231 3243 esse
1260 3183 1342 3244 illam
1376 3189 1471 3262 ipsam
1495 3186 1597 3245 mundi

249 3274 386 3334 animam.
432 3272 501 3349 ,laur
526 3289 615 3350 supra
636 3270 752 3331 lucilern
776 3271 823 3331 lric
841 3289 891 3330 me
912 3271 967 3329 tibi
991 3271 1125 3345 exbibni3
1159 3267 1238 3343 esto,
1263 3271 1428 3332 dummodo
1452 3273 1596 3350 quidquid

246 3359 301 3432 agii
325 3361 443 3418 nonnisi
473 3359 619 3419 mediante
651 3361 706 3417 boc
729 3357 857 3419 'Paliuris
880 3358 946 3417 loco
969 3367 1048 3434 agat,
1077 3361 1105 3416 lu
1129 3376 1188 3434 quo
1212 3371 1387 3418 concurrunt
1412 3360 1597 3439 planetarum

248 3446 326 3518 radii,
352 3447 472 3528 quando
496 3455 564 3506 sunt
588 3449 703 3525 operosi
727 3449 756 3504 in
780 3455 924 3505 naturam,
968 3445 1017 3506 Sic
1040 3449 1118 3504 enim
1141 3454 1172 3504 et
1193 3447 1249 3506 boc
1270 3446 1390 3523 largiar,
1419 3465 1478 3508 non
1501 3451 1597 3509 inesse

246 3534 269 3588 in
292 3533 401 3609 hepate
432 3535 609 3614 peculiarem
638 3535 783 3606 enimam,
802 3533 863 3592 'sed
895 3533 1067 3596 facultatem
1101 3532 1228 3610 aliquam
1259 3535 1434 3595 universalis
1463 3537 1574 3594 illius
1566 3555 1597 3594 ιιι

247 3637 363 3698 corpore
388 3621 516 3680 humano
548 3625 679 3694 animae,
714 3639 790 3696 quae
820 3619 899 3697 quod
929 3623 992 3695 agii
1006 3633 1116 3693 suurn,
1143 3621 1174 3679 id
1204 3620 1351 3682 mediante
1372 3623 1487 3700 bepate
1514 3633 1594 3712 egat,

246 3707 340 3784 lique
372 3710 411 3768 ob
443 3701 473 3768 id
501 3707 596 3786 l'psum
624 3705 709 3769 sedes
731 3710 842 3768 barum
873 3707 1046 3766 facultatum
1077 3710 1238 3768 rectissime
1269 3711 1435 3770 tribuuntur
1466 3710 1556 3770 illis
1547 3729 1596 3769 rn—

244 3797 420 3856 strumentis.
1513 3825 1517 3832 ·

327 3883 373 3941 Ex
404 3880 463 3942 hoc
491 3883 557 3942 loco
586 3881 753 3943 transvolas
785 3880 823 3942 ad
855 3879 1072 3958 hyperphysica
1101 3879 1248 3957 quaedam
1281 3899 1388 3959 opera,
1407 3828 1458 3942 de
1488 3884 1595 3960 quibus

242 3987 339 4032 sacrae
370 3969 490 4043 literae,
525 3974 716 4047 quaerisque,
762 3983 832 4028 num
860 3969 911 4026 illa
941 3969 1000 4026 sint
1037 3970 1075 4027 ab
1095 3969 1299 4046 aspectibus?
1329 3981 1363 4030 ut
1391 3971 1472 4045 qued
1504 3969 1597 4031 Terra

242 4053 406 4115 Datlianern
426 4067 459 4116 et
482 4057 603 4117 Ablram
628 4057 764 4133 deglutiit
786 4057 824 4115 ad
846 4059 989 4133 imperata
1015 4057 1069 4114 liei
1097 4065 1126 4114 ct
1149 4057 1215 4114 alia‘
1231 4058 1349 4116 similia,
1395 4057 1513 4132 Quaero
1537 4077 1593 4134 ego

242 4145 376 4216 uicissim,
401 4159 469 4203 ιιιιιιι
493 4145 669 4220 hujusmodi·
685 4161 775 4221 opera
797 4147 855 4203 sint
877 4145 914 4202 ab
938 4143 1037 4201 anlnra
1059 4143 1175 4215 mimdi,
1202 4154 1255 4201 ιιιιι
1277 4153 1295 4202 a
1318 4161 1468 4220 quoquam
1492 4156 1591 4204 creato

242 4232 362 4306 spiritu?
408 4231 467 4291 Cur
490 4235 577 4310 igitur
601 4251 636 4292 ex
659 4243 711 4292 tua
734 4234 872 4308 opinione
896 4229 974 4290 cadit
997 4247 1063 4288 mea
1085 4230 1194 4290 Terrae
1216 4235 1328 4304 asima,
1356 4247 1415 4291 nou
1437 4231 1519 4291 cadit
1540 4241 1593 4291 tua

242 4316 366 4376 Mundi?
412 4317 489 4402 Quin
513 4321 611 4396 potius
639 4323 696 4378 ista
719 4320 897 4378 miraculosa
918 4322 1106 4396 seponimus,
1138 4317 1177 4377 ad
1200 4331 1341 4395 consueta
1363 4321 1433 4379 earo'
1461 4329 1491 4378 et
1513 4328 1593 4379 stata
1666 4345 1670 4351 ¹

243 4415 361 4466 naturae
386 4423 475 4482 opera
499 4407 717 4467 convertimur?
762 4405 837 4481 Quis
860 4405 956 4465 Deum
979 4405 1140 4463 lertilitaiis
1161 4422 1198 4464 ac
1213 4404 1379 4482 ‘proventus
1394 4406 1505 4465 Terrae
1519 4425 1593 4466 auo·

242 4502 326 4551 iorem
351 4493 462 4569 negat?
510 4497 569 4552 rint
592 4513 651 4571 qua
682 4495 794 4553 ratione
817 4493 1035 4552 transscribitur
1062 4494 1232 4568 aspectibus
1265 4495 1413 4565 lertilitas,
1446 4498 1593 4554 sitraus-

241 4581 371 4639 scribitur
394 4581 660 4641 illis'conturbatio
684 4581 904 4641 meteororum?
950 4581 1034 4639 Auris
1056 4581 1166 4639 sul'licit
1188 4579 1227 4638 ad
1249 4581 1443 4653 lertilitatem,
1475 4583 1594 4640 incitari

242 4671 319 4726 statis
343 4669 523 4744 temporibus
546 4679 680 4731 naturum
709 4667 918 4727 sublunarem?
961 4667 1037 4742 Quis
1059 4683 1162 4726 omnes
1192 4669 1302 4729 menidi
1324 4669 1480 4744 inferioris
1500 4686 1592 4727 even-

242 4756 507 4816 caracallarum
530 4751 660 4816 motibus
682 4755 794 4816 nectat?
837 4753 910 4830 Quis
934 4771 1003 4814 vero
1027 4755 1159 4813 vicissim
1182 4754 1439 4834 philosophorum,
1473 4757 1593 4831 qualem

242 4851 269 4897 iu
290 4841 422 4902 liobcrie
446 4858 600 4920 personam
623 4841 716 4922 geris,
751 4841 841 4902 adid
865 4847 1039 4920 ineptiarum
1069 4859 1134 4901 cum
1158 4843 1277 4900 insulsis
1300 4843 1451 4906 nonnullis
1474 4843 1592 4904 iireolo·

241 4933 349 5004 gastris,
374 4930 470 5006 adhpc
493 4947 510 4989 a
533 4941 625 4991 matre
648 4927 827 5002 rubentibus,
850 4930 1042 5005 progreditur,
1068 4940 1109 5001 ut,
1133 4945 1199 4987 cura
1222 4929 1304 5005 legit,
1327 4931 1427 4994 Derim
1450 4931 1592 4989 cursibus

241 5033 331 5074 cacum
355 5017 438 5088 dore,
463 5021 619 5094 propic'r'ea
642 5037 751 5077 vanum
768 5025 797 5077 et
812 5017 914 5075 inutile
931 5020 1077 5076 existimet
1093 5020 1281 5092 irivestigare,
1306 5035 1382 5094 qnae
1397 5018 1490 5076 arbor
1502 5035 1592 5092 quam

242 5121 331 5161 escam
364 5107 411 5164 cui
439 5106 541 5164 fundat
572 5107 714 5166 animali?
759 5105 833 5164 (ium
864 5103 965 5162 Deum
995 5103 1083 5188 audit¹
1107 5109 1228 5178 operire
1257 5122 1389 5164 monum
1417 5122 1524 5177 ιιιιιιιι,
1554 5112 1592 5163 ιιι

241 5197 361 5265 saturei,
393 5193 547 5270 prepterea
571 5201 651 5253 vetet
678 5191 938 5270 patremfamilias
968 5194 1081 5268 aperire
1103 5209 1237 5263 manum,
1268 5202 1303 5250 ut
1332 5190 1590 5268 bordeumequis

241 5279 426 5353 suppeditet?
471 5279 508 5340 Et
538 5283 586 5341 cui
615 5279 665 5339 lini
694 5290 757 5341 tute
787 5283 850 5356 ipsc
883 5285 966 5338 tuum
995 5275 1068 5337 iilud
1097 5282 1200 5355 iugens
1229 5294 1304 5356 opus
1334 5279 1531 5340 Mserccoami
1559 5287 1591 5339 et
