4242 6384
519 776 583 836 2⁰0
633 757 637 768 ’
867 738 879 758 ’
953 768 995 823 lie
1012 766 1237 837 Propertionibss
1254 766 1433 825 Htmeaicis.

519 966 574 1007 uec
595 949 626 1005 in
647 944 852 1011 scurrilitatem
879 962 945 1007 sese
968 946 1152 1024 profundant.
1199 948 1323 1005 Rursum
1352 949 1425 1009 baec
1447 964 1505 1009 nou
1528 952 1702 1026 mnpostao
1726 960 1771 1010 est
1791 953 1856 1011 iate·

519 1052 637 1112 gramm
659 1036 840 1111 specierum,
861 1033 914 1093 sed
937 1032 1059 1093 violatio
1082 1034 1236 1107 nonnulla,
1261 1042 1293 1093 ut
1315 1035 1484 1095 barmonica
1507 1038 1621 1095 existat

607 1120 659 1179 vt.
683 1119 731 1179 Ad
752 1120 964 1180 arithmeticam
985 1123 1111 1197 pertinet
1133 1122 1355 1197 aequalitatem,
1388 1123 1468 1199 qnod
1489 1126 1652 1199 antiquitus
1681 1132 1782 1201 patres
1803 1144 1859 1183 eum

519 1209 605 1286 plebe
627 1210 793 1285 promiscuo
814 1224 953 1267 consessu
976 1206 1061 1267 ludos
1083 1216 1215 1284 spectare
1238 1207 1326 1282 soliti,
1350 1210 1387 1267 ad
1411 1213 1617 1285 geometricam
1639 1214 1860 1288 proportionem,

520 1295 599 1372 quod
628 1302 732 1374 postca
762 1301 859 1371 patres
887 1312 906 1352 a
934 1294 1018 1371 plebe
1045 1296 1180 1371 sejuncti.
1224 1294 1290 1355 Hoc
1321 1297 1437 1372 quidem
1462 1298 1505 1355 sio
1527 1306 1586 1371 est,
1619 1301 1645 1355 si
1672 1300 1756 1358 solos
1786 1298 1862 1357 ludos

520 1382 694 1443 consideres.
739 1384 827 1441 Atei
849 1381 987 1442 universa
1009 1384 1083 1457 reip.
1106 1382 1258 1441 commoda
1281 1400 1339 1441 uuo
1362 1386 1466 1443 mentis
1489 1383 1643 1460 complexu
1665 1394 1779 1457 ιιιιιιι,
1805 1403 1862 1445 ιιι

523 1488 560 1531 cx
582 1472 618 1529 iis
639 1469 766 1546 plurima
787 1469 919 1545 patribus
942 1468 1095 1527 vindicata
1118 1470 1224 1528 luerint
1245 1472 1359 1528 ratione
1381 1474 1573 1547 geometrica,
1603 1472 1716 1549 populo
1745 1475 1863 1543 secluso,

518 1560 657 1635 pertinuit
678 1555 814 1632 equidem
836 1555 910 1615 baec
932 1557 1049 1631 ipsein
1073 1555 1149 1615 ludis
1174 1558 1324 1631 utriusque
1344 1558 1452 1617 ordinis
1467 1562 1651 1634 exaequatio
1674 1560 1711 1617 ad
1739 1568 1864 1619 coutem-

518 1646 700 1721 pcratlonem
722 1643 811 1715 illam,
835 1660 922 1701 sensu
944 1642 1051 1701 Bodini
1075 1644 1271 1703 harmonicam
1295 1648 1384 1705 totius
1406 1646 1738 1721 gubernaculorum,
1763 1650 1865 1723 quippe

520 1749 579 1808 qus
609 1739 639 1790 et
659 1730 744 1807 plebs
766 1729 984 1802 deliniebstur,
1011 1740 1043 1787 ut
1064 1733 1146 1806 paeri
1169 1732 1265 1790 soleat
1287 1732 1373 1791 rebrts
1406 1731 1554 1808 leviculis,
1583 1732 1680 1809 adque
1703 1734 1866 1809 diligendos

520 1818 635 1879 ordines
657 1818 822 1892 superiores
843 1817 1033 1889 invitabatur,
1056 1834 1151 1893 neque
1174 1820 1331 1895 quicquam
1355 1818 1550 1895 derogabatur
1570 1820 1707 1896 dignitati
1724 1820 1865 1880 ordinum.

521 1904 653 1980 Quaerat
674 1906 761 1963 etism
784 1903 822 1963 ad
845 1921 927 1963 meas
949 1904 1132 1979 medietates,
1157 1913 1303 1981 quatenus
1316 1910 1467 1983 proportio
1491 1924 1548 1965 non
1565 1914 1686 1981 tenetur,
1711 1920 1746 1967 ut
1770 1916 1866 1967 tenes·

521 2001 567 2052 tur
589 1990 752 2051 concordia
797 1990 913 2050 Prius'
904 2008 933 2051 ιιι
957 1994 1042 2051 certis
1065 1986 1198 2067 per‘eonis
1221 1992 1354 2051 ordinum
1379 1994 1574 2109 derogabatur
1595 1995 1772 2073 analogiae,
1796 2013 1866 2054 nnnc

521 2081 550 2137 iu
573 2081 659 2141 cenis
680 2079 824 2154 praemiis

576 2165 676 2224 &vlt
699 2165 853 2223 Amicitias
874 2139 986 2223 animat
1008 2163 1176 2223 harmonica
1199 2169 1436 2242 contemperatio
1483 2130 1570 2242 Quod
1585 2169 1661 2229 enim
1685 2176 1732 2228 est
1757 2171 1788 2227 in
1803 2186 1866 2247 pro·

520 2254 654 2330 portione
683 2250 904 2324 concordantia,
934 2252 992 2310 boc
1019 2259 1064 2311 est
1092 2254 1120 2307 in
1153 2254 1249 2311 totius
1269 2252 1415 2315 humanae
1438 2256 1517 2313 vitae
1545 2256 1657 2315 ambitu
1689 2274 1791 2329 amor,
1822 2258 1866 2331 qui

520 2339 742 2401 tundamentum
763 2346 808 2399 est
829 2341 986 2399 amicitiae.
1032 2337 1145 2413 Quodsi
1167 2357 1246 2398 mera
1269 2340 1434 2415 aequalitas
1457 2342 1617 2401 olfidornm
1639 2342 1792 2404 inducitur
1807 2342 1866 2417 lege

520 2426 712 2499 arithmetica,
733 2426 817 2486 nulla
838 2430 892 2485 erit
914 2428 970 2484 nisi
994 2427 1068 2484 inter
1090 2426 1229 2501 aequales
1253 2430 1397 2500 amicitiem
1422 2436 1451 2488 et
1473 2430 1497 2487 si
1514 2430 1589 2489 inter
1605 2431 1778 2507 inaequales
1794 2448 1865 2488 mera

521 2521 552 2575 et
574 2516 720 2590 exquisita
745 2512 907 2572 similitudo
935 2512 1095 2571 ciliciorum
1117 2516 1308 2587 geometrica,
1338 2516 1530 2591 neutrobiqne
1558 2520 1686 2577 amicitia
1714 2520 1790 2589 erit,
1821 2515 1865 2574 sed

519 2602 560 2661 ibi
583 2609 727 2679 perpetua
747 2602 908 2676 negotiatio
931 2600 1162 2675 nnrrdinatioque
1186 2600 1355 2675 officiorum,
1374 2602 1524 2663 commodi
1547 2608 1720 2675 saicansa,
1745 2605 1797 2663 bic
1819 2621 1864 2662 ne-

520 2691 647 2749 ιιιιιιίι
673 2690 788 2765 patroni
817 2695 846 2748 et
876 2687 991 2747 clientis
1022 2689 1228 2757 consociatio,¹
1245 2688 1327 2747 nulla
1356 2692 1463 2747 amoris
1493 2688 1709 2751 demonstrandi
1740 2692 1866 2760 liberter,

520 2774 592 2835 nibil
621 2785 826 2853 spontaneum.
872 2776 1010 2834 Amicitia
1038 2777 1092 2833 etsi
1122 2778 1280 2835 consistere
1311 2794 1376 2835 cum
1405 2777 1510 2835 crebris
1534 2778 1646 2853 injuriis
1677 2796 1738 2837 non
1763 2788 1863 2855 potest,

519 2864 601 2940 leges
631 2871 728 2923 minen
751 2864 861 2938 respuit
890 2864 1045 2937 omniaque
1075 2859 1113 2921 ad
1135 2862 1264 2921 sobrium
1292 2871 1322 2921 et
1344 2880 1445 2922 saunm
1469 2868 1576 2923 amoris
1600 2866 1754 2929 arbitrium
1777 2866 1866 2933 relcrt,

520 2968 597 3011 nuuc
621 2950 760 3026 aequalia
781 2948 959 3026 rependens,
987 2965 1065 3007 nnnc
1087 2948 1333 3024 proportionalia,
1361 2960 1406 3010 eet
1428 2951 1478 3009 ubi
1506 2961 1623 3025 neutra,
1651 2970 1770 3029 semper
1793 2952 1865 3021 talia,

523 3055 599 3113 quae
629 3054 681 3113 pro
709 3044 833 3096 renata
860 3037 956 3097 iacere
979 3034 1175 3095 videaturad
1198 3040 1448 3097 correervationem
1475 3042 1598 3111 amoris,
1633 3042 1682 3115 qui
1706 3043 1813 3112 etiam,
1840 3046 1868 3095 ut

519 3125 676 3183 barmouia
697 3122 939 3183 dissonantiiset
960 3132 993 3181 ut
1015 3124 1092 3197 ignis
1114 3122 1179 3181 ierri
1203 3122 1292 3200 stylo,
1319 3125 1427 3183 foditur
1449 3126 1560 3201 injuriis
1583 3126 1733 3185 nonnullis
1758 3143 1867 3187 earnm

524 3228 581 3287 que
603 3210 818 3271 condonatione
840 3211 969 3285 metuite
992 3212 1069 3269 vires
1091 3218 1222 3269 renovat.

609 3298 695 3357 Vnt.
718 3297 937 3373 aequalitatem
960 3296 1173 3356 arithmeticam
1190 3296 1320 3357 Bodinus
1342 3297 1461 3374 pulchre
1477 3307 1627 3375 comparat
1643 3301 1765 3377 regulae
1781 3297 1867 3373 Poly·

522 3383 591 3446 cleti
610 3385 731 3458 terreae,
756 3402 832 3460 qaae
856 3384 948 3460 lrangi
971 3386 1052 3459 prius
1075 3402 1163 3459 qnam
1186 3384 1263 3459 flecti
1285 3393 1401 3461 posset,
1425 3384 1644 3446 similitudinem
1665 3388 1866 3464 geometricam

522 3471 641 3548 regulae
656 3471 783 3533 Lesbiae
804 3471 968 3547 plumbeae,
992 3487 1069 3546 quae
1091 3472 1226 3531 omnihus
1249 3473 1366 3547 angulis
1387 3472 1671 3537 accommodabetur.
1715 3474 1785 3551 lpse
1805 3474 1867 3531 bar·

521 3561 666 3619 monicum
689 3561 904 3635 proportionem
926 3575 998 3619 suae
1021 3556 1198 3617 delinitionis
1221 3558 1376 3619 adunrbrat
1398 3559 1499 3635 regula
1518 3560 1625 3637 lignea,
1648 3578 1724 3637 quae
1749 3562 1867 3621 flectitur

522 3645 654 3724 quidem,
677 3655 725 3705 at
730 3664 747 3705 e
769 3648 895 3722 vestigio
918 3644 1000 3705 redit

537 3771 540 3780 ·
608 3732 666 3794 IX.
689 3733 724 3792 In
748 3734 959 3809 gubernatione
974 3714 1075 3792 omnis
1098 3734 1212 3808 generis
1235 3694 1402 3810 politiamm
1425 3735 1502 3808 rigor
1524 3732 1621 3809 legum
1645 3742 1674 3792 et
1692 3726 1805 3809 judicis
1827 3730 1866 3789 ol·

524 3806 626 3909 licium
645 3824 851 3897 comparantur
873 3818 1045 3896 aequalitati
1068 3819 1277 3893 arithmeticae,
1302 3838 1362 3897 qua
1384 3836 1447 3879 non
1467 3826 1578 3881 tuntum
1602 3838 1686 3879 sunm
1706 3824 1813 3898 cuique
1834 3816 1867 3875 ad

431 3948 435 3957 ·
522 3899 664 3981 amussim
685 3908 830 3980 tribuitur,
853 3908 905 3968 sed
930 3910 1018 3968 etium
1041 3924 1152 3984 poenae
1176 3909 1339 3981 irrogantur
1362 3904 1597 3983 delinquentibus
1623 3908 1788 3984 aequaliter
1809 3907 1865 3965 sinc

521 4004 710 4073 personarum
725 4003 869 4077 respectu,
897 4004 926 4055 et
947 4012 1006 4070 qua
1029 3993 1382 4070 adstringunturnrttces
1409 3994 1446 4053 ad
1470 3995 1550 4069 leges
1572 3994 1669 4070 adque
1690 3994 1822 4071 allegata
1842 3999 1866 4049 et

522 4084 655 4161 muhata,
676 4089 710 4141 nt
731 4082 890 4143 secundum
912 4100 964 4142 ees
982 4080 1124 4157 judicent,
1149 4083 1404 4156 etiamsiiniqttae
1427 4080 1508 4157 leges
1523 4082 1686 4141 videantur.
1735 4080 1865 4141 Vicissim

522 4172 656 4246 aequitas
686 4178 716 4231 et
743 4170 896 4229 arbitrium
926 4165 1114 4245 magistratus
1146 4186 1273 4240 merum,
1305 4170 1355 4244 qui
1378 4176 1474 4227 tamen
1504 4168 1598 4227 bouus
1621 4171 1663 4228 sit
1687 4176 1717 4229 et
1739 4188 1777 4229 ex
1799 4184 1865 4226 oon·

522 4259 651 4335 scientia·
666 4264 744 4331 agat,
766 4259 961 4334 geometricae
985 4256 1141 4331 analogiae
1163 4263 1295 4313 natunnn
1320 4254 1422 4313 induit.
1469 4256 1509 4314 At
1530 4256 1661 4315 Bodinus
1683 4256 1865 4315 harmonicae

523 4345 799 4420 contemperationis
823 4344 956 4419 exemplo
977 4341 1104 4401 medium
1128 4343 1285 4417 interponit
1308 4341 1432 4400 cilicium
1459 4342 1505 4401 rel
1519 4343 1700 4421 superiorum
1716 4347 1864 4408 curiarum,

523 4430 572 4492 sel
599 4432 744 4502 omnium,
775 4428 823 4489 vel
852 4432 958 4489 summi
987 4431 1192 4504 magistratus,
1225 4427 1331 4504 quibus
1361 4446 1457 4505 neque
1485 4430 1553 4489 licet
1583 4448 1619 4489 ex
1641 4431 1761 4489 arbitrio
1784 4441 1864 4503 agere

523 4535 602 4579 mero
615 4524 656 4577 'et
678 4525 774 4576 mmen
797 4519 980 4594 permittitur,
1003 4524 1036 4575 ut
1057 4514 1138 4591 leges
1154 4532 1213 4592 ‚pro
1235 4516 1644 4599 rationecircurpstantiarnm
1661 4518 1789 4588 flectam,
1812 4528 1862 4571 non

525 4612 672 4682 trengam,
695 4612 725 4665 ot
747 4621 799 4663 eas
821 4605 851 4660 in
871 4604 991 4679 judiciis
1014 4604 1172 4666 secundum
1196 4606 1373 4677 aequitatem
1390 4606 1621 4680 interpretentur,
1644 4612 1678 4663 ut
1699 4612 1796 4663 mmen
1818 4615 1863 4677 per

524 4692 687 4771 singulares
706 4692 854 4761 curiarum
876 4692 1035 4750 sententias
1056 4690 1129 4749 nihil
1152 4690 1209 4766 legi
1234 4690 1395 4766 derogetur.
1441 4691 1513 4749 Vult
1535 4690 1617 4767 leges
1637 4687 1861 4751 baberi-similes

523 4798 607 4842 suae.
624 4794 760 4851 normae,
790 4786 823 4836 ut
854 4776 959 4837 cedant
981 4776 1098 4853 quidem
1118 4780 1154 4837 ,in
1179 4778 1305 4843 flexum·
1330 4786 1361 4835 at
1390 4780 1489 4835 stetim
1511 4778 1639 4839 redeant.
1684 4776 1861 4854 Quamquam

524 4868 582 4929 boc
603 4868 670 4929 leco
692 4864 824 4926 Bodiuus
853 4865 987 4941 exemplo
1009 4882 1064 4925 sno
1086 4882 1186 4925 varum
1211 4864 1436 4936 demonstravit,
1469 4864 1547 4941 quod
1578 4865 1615 4925 de
1632 4865 1707 4941 iuris
1729 4860 1860 4925 consultis

526 4955 721 5015 affirmaverat
751 4960 852 5013 antea:
884 4955 964 5030 ipsos
992 4952 1200 5013 mathematica
1232 4954 1287 5011 ists
1316 4959 1434 5028 propter
1461 4954 1506 5011 sni
1536 4953 1744 5012 obscuritatem
1774 4954 1859 5011 minus

525 5044 682 5119 percipere.
727 5042 803 5101 Nam
825 5057 883 5101 uon
906 5041 1031 5117 quadrat
1052 5040 1118 5115 ejus
1140 5039 1184 5098 de«
1198 5040 1324 5099 numeris
1348 5038 1506 5115 disputatio
1534 5038 1574 5099 sd
1594 5056 1727 5099 normam
1750 5046 1858 5099 nostrat

527 5128 711 5205 disciplinae,
731 5146 797 5188 oum
819 5130 875 5201 ait,
898 5128 960 5189 fleri
982 5144 1039 5187 nou
1062 5144 1162 5204 posse,
1186 5136 1217 5186 ut
1240 5128 1388 5203 proportio
1403 5130 1601 5201 geometrica,
1629 5134 1772 5201 quaeest
1795 5128 1857 5183 inter

527 5223 653 5305 quatuor
681 5218 834 5294 turnines,
870 5214 931 5277 ulla
950 5217 1147 5279 termimmm
1178 5214 1403 5295 benepositioue
1429 5218 1530 5291 pereat
1556 5212 1735 5295 eandemque
1764 5208 1857 5273 asserit
