4242 6384
653 833 658 840 .
767 785 851 850 Liber
866 785 900 840 V.
923 786 1010 856 caput
1024 785 1073 840 lv.
1095 819 1108 828 υ
1165 839 1168 846 ,
1525 792 1589 852 287

242 960 392 1032 marinus
415 965 599 1042 planetarum
621 982 787 1042 pernoram
802 963 979 1035 aetheream,
1003 969 1136 1038 oportere
1157 981 1212 1024 nos
1235 965 1340 1026 oeuloa
1363 961 1532 1035 convertero
1555 963 1593 1024 sd

240 1061 412 1126 apparentes
433 1070 520 1112 arcus
542 1052 661 1136 diurnos
684 1061 713 1112 et
733 1059 909 1128 apparentes
932 1049 1050 1126 quidem
1070 1067 1172 1112 omnes
1188 1069 1224 1112 ex
1237 1069 1305 1124 ,uno
1329 1065 1409 1114 certo
1428 1062 1462 1114 st
1478 1053 1591 1128 insigni

240 1138 332 1194 mundi
356 1138 443 1213 ioco,
465 1140 580 1200 seilicet
601 1158 637 1200 ex
659 1143 725 1218 ipso
747 1156 867 1215 corpore
889 1138 1002 1209 Solari,
1025 1138 1104 1202 fonte
1126 1147 1223 1198 motus
1247 1143 1375 1200 omnium
1398 1141 1590 1218 planetarum,

241 1224 464 1302 ridendumque,
497 1245 556 1286 nou
579 1245 668 1303 quam
690 1227 808 1300 altus-e
829 1225 900 1286 Sole
922 1228 964 1288 sit
981 1223 1164 1301 planetarum
1187 1225 1320 1302 quilibet,
1344 1246 1398 1288 nec
1420 1243 1472 1304 per
1494 1226 1592 1303 qua'nd

241 1319 295 1370 tom
317 1316 453 1388 spatium
475 1317 505 1372 iu
528 1332 587 1374 uns
610 1315 657 1390 die
680 1315 807 1389 trajiciat
831 1312 900 1393 (hoc
932 1314 1010 1373 enim
1036 1315 1271 1375 ratiocinativum
1294 1323 1349 1378 aet·
1362 1325 1392 1377 ot
1412 1315 1592 1375 astronomi-

240 1415 306 1470 cum,
329 1418 393 1460 non
417 1398 650 1483 insurgendo),
673 1403 736 1478 sed
758 1411 900 1478 quantum
921 1401 1061 1474 arrgulum
1083 1401 1112 1458 in
1136 1402 1200 1478 ipso
1226 1401 1304 1461 Solis
1329 1419 1449 1480 corpore
1472 1401 1592 1460 diurnus

242 1487 380 1562 cujusque
404 1498 502 1562 motus
524 1490 697 1559 subtendat,
717 1490 777 1547 rei
799 1495 941 1565 qnantum
973 1503 1072 1546 arcum
1094 1488 1149 1548 sub
1172 1505 1230 1548 uno
1253 1493 1399 1550 communi
1423 1489 1532 1549 circulo
1555 1505 1591 1558 ex

241 1572 300 1632 Sole
322 1573 487 1654 descripto,
510 1577 608 1652 qualis
629 1585 675 1636 est
688 1576 832 1652 ecliptica,
857 1575 988 1650 quolibet
1009 1574 1056 1648 die
1079 1575 1219 1634 conticere
1243 1575 1384 1651 videatur,
1408 1586 1441 1636 ut
1464 1579 1504 1636 ita
1519 1575 1592 1634 haec

240 1665 424 1736 apparentia,
448 1665 589 1724 beneficio
611 1664 729 1730 luminis
750 1663 788 1722 ad
811 1679 916 1738 corpus
932 1661 1016 1722 Solis
1039 1661 1168 1736 perlata,
1201 1679 1266 1725 cum
1288 1665 1362 1738 ipeo'
1377 1660 1486 1724 iumine
1507 1671 1589 1725 recta

241 1750 262 1802 io
285 1759 450 1822 creaturas,
473 1753 627 1812 instinctus
649 1751 738 1826 hujus
759 1752 928 1827 participes,
949 1750 993 1808 sic
1014 1748 1134 1808 influere
1156 1753 1267 1825 poenit,
1293 1749 1464 1816 sicut'iibro
1488 1759 1591 1826 quarto

244 1837 353 1895 schema
376 1837 457 1896 coeli
480 1840 509 1896 iu
532 1839 643 1900 foetum
667 1839 809 1898 boneiioio
831 1837 979 1902 radiorum
1001 1835 1126 1897 diximus
1150 1837 1280 1900 influere.

318 1925 420 1984 Docet
451 1927 542 2002 igitur
560 1928 753 1986 ’astronomia
774 1925 944 2001 Tyohonica
978 1919 1118 2004 (remotis
1143 1943 1163 1982 a
1185 1924 1347 2000 planetario
1370 1933 1452 1984 motu
1475 1924 1591 2001 proprio

245 2010 439 2082 paratioribus
462 2015 541 2074 orbis
563 2016 666 2086 annui,
700 2030 777 2089 quae
799 2016 927 2089 speciem
955 2011 1027 2086 ipsts
1058 2010 1152 2070 induit
1173 2014 1332 2078 stationum
1356 2020 1385 2071 et
1406 2007 1592 2087 retrograda·

245 2095 369 2176 tionum),
395 2109 494 2165 motus
516 2100 635 2175 diurnos
656 2100 840 2176 planetarum
862 2102 892 2158 iu
914 2101 978 2161 suis
999 2098 1101 2158 orbitis
1131 2097 1316 2178 (apparentes
1339 2098 1431 2160 veluti
1454 2107 1593 2175 spectan-

246 2183 313 2243 tibus
336 2183 488 2269 ex·Sole)
511 2206 575 2248 esse
598 2188 696 2248 hosce.

236 2385 544 2452 ,Harmoniaebinomm
581 2395 754 2464 Apparentes
768 2393 863 2448 diurni.
1019 2393 1183 2448 Harmoniae
1201 2393 1368 2482 singulorum
1387 2391 1521 2463 propriae.
1577 2399 1580 2406 ’
1604 2371 1609 2384 ’

249 2561 329 2614 nm.
366 2565 480 2616 erm„
503 2516 523 2592 5
549 2534 674 2616 schelius
759 2546 762 2555 ·
807 2535 930 2589 ΝΜ
972 2535 1048 2588 mter
1095 2534 1181 2590 oreo

250 2634 319 2696 ⁸.'¹
379 2634 480 2701 s-1‚
573 2604 720 2674 Penhelius
807 2603 929 2672 2151).
1022 2611 1051 2658 et
1093 2605 1162 2659 215

249 2718 321 2882 13
373 2735 396 2883 J
454 2721 757 2893 &uuum
808 2741 942 2867 titt·
972 2743 1051 2868 ua
1094 2741 1164 2867 tn
1225 2778 1511 2852 nomm
1562 2753 1566 2762 ,

511 2944 544 3019 d
558 2952 682 3022 aphelius
791 2951 825 3008 26
847 2951 878 3006 tt
906 2967 930 3006 e.
972 2953 1045 3006 iuter
1078 2951 1161 3008 anet

254 3051 469 3094 ⁸51²
573 3022 720 3092 perihelius
791 3019 928 3076 381ss
1024 3023 1160 3078 ersser

255 3116 344 3182 Γῇ,
379 3117 469 3191 Π
503 3133 764 3245 Teiieris'apdeiius
790 3160 825 3215 57
844 3120 876 3215 Ι3
901 3177 927 3227 g.
971 3162 1045 3216 Inter
1068 3163 1110 3217 'ni
1129 3161 1177 3216 28,
1226 3183 1270 3252 est*
1289 3198 1317 3270 ,ἓ
1338 3195 1509 3252 semitonium

255 3259 326 3324 ⁸..³
377 3263 484 3329 [a
574 3231 721 3302 perrhelras
791 3231 926 3286 611811.
1022 3241 1051 3288 et
1077 3231 1180 3288 6118.
1286 3233 1300 3272 r
1513 3239 1518 3249 ·

257 3326 343 3388 ἦ,
376 3329 527 3436 ΠΕ
558 3334 682 3440 &videliet
789 3365 883 3424 9450·
909 3370 927 3424 i.
972 3369 1047 3426 Inter
1077 3371 1164 3427 9450
1289 3407 1302 3442 ῃ
1352 3373 1367 3419 ·.
1401 3406 1407 3420 .

256 3467 330 3535 ¹-¹
379 3474 396 3512 ι
454 3474 467 3515 3
572 3441 720 3511 perihetius
790 3439 926 3495 97371,
998 3447 1048 3496 ..ἡ
1074 3441 1110 3496 95
1128 3443 1163 3497 47
1227 3415 1270 3464 est
1288 3409 1322 3480 ,p
1341 3406 1430 3462 diosus.

258 3536 349 3600 'Fi’
378 3537 468 3602 ΓΞ
504 3563 679 3650 Qspheiius
771 3580 824 3635 164
858 3580 876 3635 0
908 3579 947 3634 l..
972 3581 1047 3634 Inter
1064 3581 1113 3636 164
1139 3582 1166 3640 ‚0
1227 3549 1470 3652 estffidiaparou
1499 3597 1563 3636 cum

571 3652 740 3723 perihelina¹
771 3649 822 3707 aet
857 3653 928 3706 dm.
1015 3658 1044 3706 et
1062 3652 1113 3706 394
1148 3653 1165 3708 0
1287 3651 1368 3714 tertie
1386 3652 1497 3708 minore.

1226 2577 1269 2624 eet
1287 2572 1304 2642 ξ
1321 2570 1403 2623 tertia
1419 2567 1513 2636 major.

1225 2994 1268 3042 est
1285 2988 1302 3058 ξ
1320 2947 1474 3056 diapente.¹

330 3824 422 3900 Nota,
451 3827 530 3903 quod
557 3827 693 3888 Mercurii
725 3848 834 3906 magna
866 3831 1065 3890 eccsntricitas
1085 3829 1182 3898 ,faciat
1213 3837 1344 3890 motuum
1377 3832 1593 3906 proportionem

261 3913 373 3971 nonnihil
397 3914 509 3992 differre
532 3935 550 3974 a
573 3916 722 3994 duplicata
744 3917 945 3990 distantiarum
968 3918 1164 3992 proportione.
1203 3917 1317 3976 Nemrsi
1340 3917 1447 3991 ‚seceris
1466 3925 1497 3974 nt
1523 3918 1593 3990 ltt0,

260 3994 431 4065 mediocrem,
446 3994 632 4073 distantiam,
664 4004 702 4064 ad
729 4008 786 4064 121
811 3989 974 4080 apn'eliam,
989 4060 992 4065 ,
1007 4003 1096 4079 duplo
1119 4010 1232 4064 tentam
1255 4006 1475 4091 proportionem
1497 4013 1594 4064 motus

261 4082 349 4155 apheiii
370 4087 410 4146 ad
432 4097 545 4148 motum
566 4089 693 4150 medium
717 4094 799 4150 245‘
824 4095 901 4166 w,
925 4089 1119 4168 tuuc.prodit
1141 4099 1237 4151 motus
1260 4089 1394 4173 apitslius
1422 4092 1491 4162 165,
1515 4097 1545 4148 et
1567 4093 1591 4148 ei

263 4175 361 4233 ur100
384 4175 424 4247 ed
447 4180 497 4246 te,
521 4177 689 4238 distantiam
703 4179 889 4256 periocham,
913 4178 1002 4256 duplo
1025 4186 1136 4236 tantam
1159 4179 1375 4255 proportionem
1399 4184 1494 4236 motus
1517 4179 1596 4254 peri·

263 4251 316 4314 helii
336 4261 371 4320 ad
394 4263 571 4326 mediocrem
593 4266 732 4338 eundem,
756 4266 911 4344 periheiius
933 4274 1030 4325 motus
1052 4264 1102 4327 fiet
1125 4267 1198 4348 393,
1222 4266 1356 4340 utrinque
1377 4265 1480 4338 maj0n,
1505 4281 1593 4339 quam

265 4337 299 4399 hic
316 4352 412 4424 posui,
433 4347 474 4431 ²²)
503 4355 574 4428 quia
596 4353 707 4414 scilicet
729 4353 843 4413 medius
865 4362 961 4412 motus
984 4354 1013 4410 in
1035 4352 1185 4411 anomalia
1208 4351 1324 4422 media,
1344 4350 1433 4410 vaide
1456 4368 1492 4410 ex
1516 4351 1594 4410 obii-

265 4445 308 4502 qno
328 4438 483 4516 inspectus,
507 4457 564 4498 non
587 4452 709 4519 apparet
731 4450 846 4514 tantus,
874 4459 914 4500 ec.
937 4458 996 4500 non
1020 4441 1103 4506 245¹
1127 4442 1211 4518 32⁰,
1245 4439 1297 4500 sed
1320 4442 1413 4498 minor
1435 4439 1549 4496 circiter
1573 4439 1591 4498 5

267 4524 400 4599 neopolim
425 4543 495 4602 ergo
518 4530 607 4586 etiam
629 4528 764 4605 apireiius
786 4516 995 4604 et⁰perihelius
1016 4528 1146 4593 minores
1165 4526 1324 4587 eiicientur.
1371 4526 1469 4586 Minue
1492 4537 1591 4586 eutem

267 4605 376 4744 Epidius
399 4623 429 4672 et
451 4613 517 4690 pius
540 4615 713 4692 periheiius,
736 4624 852 4693 propter
874 4616 914 4674 th.
940 4617 968 4674 8.
993 4613 1062 4692 Opt.
1087 4614 1178 4688 Eucl,
1202 4623 1235 4674 ut
1264 4615 1331 4674 cavi
1354 4615 1450 4690 capite
1473 4629 1594 4689 praece·

282 4700 335 4770 enti,
355 4718 475 4760 numero
500 4702 530 4762 6.
594 4759 597 4767 ,
695 4714 697 4717 ·
814 4754 817 4758 .

335 4785 416 4860 Quod
433 4789 527 4864 ‚igitm
550 4790 624 4850 inter
646 4788 701 4850 hoe
723 4797 896 4867 apparentes
920 4796 1017 4848 motua
1032 4787 1213 4862 empuiorum
1237 4794 1381 4846 extremos
1404 4794 1502 4846 essent
1523 4785 1594 4846 har-

270 4873 360 4934 moniae
382 4883 412 4934 et
434 4877 576 4939 concinna
606 4875 774 4952 intervalla,
805 4875 834 4934 id
864 4875 910 4936 rel
939 4894 975 4935 ex
1004 4876 1242 4961 proportionibus
1270 4873 1439 4940 diurnorum
1473 4890 1594 4942 arcuum

271 4964 479 5037 turonicorum,
501 4979 590 5040 supra
612 4965 721 5042 relatis,
744 4965 825 5041 potui
848 4979 1031 5039 praesumere
1042 4964 1154 5034 animo,
1178 4977 1243 5022 cum
1260 4960 1397 5034 viderem,
1421 4962 1461 5018 ibi
1483 4962 1593 5038 passim
1650 5019 1652 5024 .

272 5049 380 5110 renuam
401 5069 523 5127 regnare
546 5054 768 5129 proportionum
786 5051 1030 5122 harmonicarum,
1061 5051 1164 5110 scirem
1187 5065 1271 5118 roro,
1303 5051 1593 5126 apparentium-mo·

273 5133 333 5198 Qum
350 5156 413 5199 esse
436 5137 555 5217 duptam
577 5142 791 5218 proportionem
813 5139 1009 5216 prpportionis
1030 5146 1161 5196 motuum
1178 5137 1422 5218 eccentricmum.¹
1435 5135 1494 5196 Sed
1509 5135 1595 5196 dettu

275 5226 424 5300 experientia
445 5228 511 5304 ipsa
533 5227 583 5288 rel
604 5230 667 5288 sine
688 5227 911 5299 ratiocinatione
938 5223 1019 5302 quod
1040 5225 1201 5306 affirmatur
1223 5223 1426 5302 comprobare,
1455 5231 1488 5282 ut
1510 5222 1593 5284 vides
